1994 3276
155 81 237 120 376
837 76 1034 114 Ptolemaei
1050 76 1256 114 Harmonia.

154 193 317 236 ferentia,
343 201 426 238 pars
453 191 576 228 circuli
599 191 821 237 duodecima,
848 198 1041 239 cummim,
1069 205 1140 239 quo
1158 196 1295 239 primae
1313 194 1408 231 duae
1423 195 1631 232 harmoniae
1648 193 1829 239 differunt,
1853 204 1946 231 com·

153 245 318 292 ponitur,
357 248 393 281 et
416 255 500 280 vero
526 247 663 284 notum.
674 249 747 291 est,
781 247 990 283 utramlibet
1014 247 1207 293 primarum
1243 247 1384 282 illarum
1411 246 1746 284 concordantia-um
1774 246 1947 282 minorem

154 308 233 334 esse
257 307 364 342 quam
389 308 499 334 unum
525 297 716 343 diapason;
742 298 834 335 haec
857 305 940 335 vero
966 298 1204 336 contradictio
1229 304 1296 335 est.
1329 299 1470 335 Deinde
1493 299 1620 336 divisio
1645 298 1796 336 actualis
1811 298 1949 339 zodiaci

154 352 191 387 in
217 351 259 387 12
285 349 452 395 aequalia
476 355 705 396 comparatur
730 362 800 387 non
826 363 907 388 cum
931 353 1106 389 divisione
1131 351 1366 396 disdiapason
1388 351 1532 396 actuali,
1556 351 1620 387 sed
1645 362 1726 388 cum
1749 352 1828 396 eius
1851 361 1948 387 men·

129 440 133 446 .
156 414 241 440 sura
266 399 405 437 saltein.
454 403 547 438 Nam
573 403 602 438 si
621 404 702 449 quis
725 410 831 440 tonos
857 405 901 440 12
926 404 1223 449 ἱιινίοθιιιιιᾱᾱῆι,
1250 404 1416 441 conficiet
1430 404 1594 450 proxime
1616 404 1852 450 quadruplam
1867 414 1948 449 pro-

154 455 366 504 portionem,
394 464 487 498 quae
513 460 569 491 est
592 455 708 500 ipsius
731 456 973 502 disdiapason.
1024 459 1071 493 At
1097 458 1126 493 si
1151 457 1339 493 consilium
1364 458 1494 494 fuisset
1517 463 1678 500 naturae,
1705 456 1948 494 individendo

154 508 300 546 zodiaco
326 513 490 551 spectare
514 508 775 568 praescriptum
801 510 1004 554 systematis
1030 511 1190 554 perfecti.
1217 510 1261 545 ab
1279 511 1484 547 hominibus
1508 511 1545 546 in
1561 521 1650 548 usus
1666 510 1842 547 humanos
1865 519 1948 546 con—

152 562 247 599 ficti.
284 560 524 604 expressisset
549 561 657 596 etiam
682 561 718 595 in
743 562 892 598 zodiaco
918 568 1023 598 tonos
1048 563 1224 607 majores.
1264 564 1419 598 minores
1453 567 1491 598 et
1515 562 1720 599 semitonia.
1756 567 1949 608 essentque

155 614 304 658 vestigia
329 612 542 648 divisionum
566 614 689 659 potius
715 615 803 650 ista:
829 615 863 650 in
891 615 1004 660 gradu
1031 617 1092 660 40,
1117 615 1178 652 60.
1206 616 1249 651 ’72
1260 615 1356 659 ,90,
1381 616 1466 660 ·,12Ο
1491 616 1681 660 135,144
1705 600 1742 652 et
1765 619 1950 660 segmenta

154 664 375 710 inaequalia,
404 666 496 700 sicut
523 671 608 701 sunt
631 666 668 701 in
693 666 866 702 divisione
892 667 1059 704 chordae.
1109 655 1230 702 Tertio
1264 667 1521 704 demonstravit
1551 667 1630 714 ipse
1652 667 1883 703 Ptolemaeus
1911 667 1948 703 in

155 717 385 761 harmonicis,
410 717 649 762 quadruplam
675 728 756 754 csse
781 720 888 764 paulo
902 720 1072 755 minoi-eni
1096 719 1135 755 12
1152 720 1262 763 tonis;
1289 719 1413 756 insunt
1438 720 1530 756 enim
1554 721 1592 756 in
1603 719 1664 756 illo
1682 722 1705 757 4
1721 720 1949 756 tetrachorda

154 775 190 806 et
212 770 235 806 2
257 771 334 805 toni
359 769 587 815 disjtinctivi3
615 770 678 806 sed
697 770 724 806 '4
750 771 981 807 tetrachorda
1007 771 1093 807 dant
1116 771 1141 807 8
1162 776 1266 807 tonos
1292 778 1328 808 et
1356 774 1379 808 4
1404 773 1594 809 semitonia
1615 772 1821 816 Platonica,
1856 781 1949 817 quae

154 827 237 858 sunt
261 821 396 866 majora
429 821 568 858 duobus
594 823 700 858 tonis.
750 823 817 859 Est
853 825 945 860 enim
970 824 1195 860 Platonicum
1219 824 1447 861 semitonium
1482 826 1577 863 inter
1599 826 1668 863 243
1697 829 1735 860 et
1756 825 1844 867 256,
1879 824 1950 861 hoc

156 882 212 910 est
235 876 328 910 inter
353 875 443 910 2187
468 879 505 910 et
528 875 631 912 2304.
661 878 729 911 vAt
755 881 863 912 tonus
890 881 946 913 est
969 877 1062 912 inter
1086 881 1107 912 8
1134 882 1170 912 et
1197 878 1236 919 9,
1262 877 1332 912 hoc
1357 882 1413 914 est
1436 878 1531 915 inter
1553 878 1647 915 2048
1670 883 1706 914 et
1729 877 1831 914 2304.
1878 877 1949 913 Ita-

154 937 223 972 que
248 925 367 962 ablato
393 928 463 962 hoc
487 927 677 964 semitonio
702 941 723 964 a
748 934 852 974 tono⁷
887 930 954 964 crit
978 930 1108 965 lemma
1133 929 1226 964 inter
1250 928 1342 965 2048
1370 935 1407 965 et
1431 930 1522 967 2187
1552 931 1665 966 multo
1696 930 1811 975 majus
1842 939 1949 975 quam

153 979 311 1016 ablatum
338 980 580 1026 semitonium,
607 983 691 1027 quia
714 982 749 1017 in
775 982 942 1018 lemmate
968 992 1139 1018 excessus
1165 983 1233 1019 139
1258 983 1374 1027 maior
1396 987 1452 1018 est
1483 983 1577 1024 inter
1601 982 1758 1019 minores
1780 981 1950 1018 terminos

153 1033 246 1070 2048
270 1037 307 1068 et
330 1033 439 1078 2187,
465 1043 573 1077 quam
598 1033 655 1069 hic
683 1035 746 1070 117
771 1035 864 1071 inter
888 1035 1041 1079 majores
1066 1035 1158 1071 2187
1183 1039 1218 1070 et
1240 1035 1341 1071 2304.
1392 1036 1518 1080 Itaque
1553 1047 1625 1072 non
1649 1034 1800 1080 implent
1823 1038 1949 1070 tonum

153 1085 224 1120 duo
248 1084 435 1119 Platonica
459 1085 658 1127 semitonia,
683 1087 863 1122 excedunt
886 1086 995 1132 igitur
1017 1087 1092 1123 toni
1122 1087 1160 1123 12
1186 1087 1435 1132 quadruplam.
1483 1089 1595 1134 Atqui
1622 1088 1780 1124 rationes
1807 1087 1949 1122 harmo-

153 1138 252 1173 nicae
277 1136 439 1182 adeoque
465 1138 571 1172 etiam
597 1139 986 1175 rationes,coelestium
1011 1140 1236 1176 formatrices
1266 1151 1338 1176 non
1363 1141 1480 1176 solent
1511 1151 1625 1187 prope
1656 1148 1785 1182 verum*
1803 1149 1946 1176 consec-

152 1190 231 1235 tari,
257 1190 319 1226 sed
335 1189 441 1234 plane
458 1190 673 1235 ipsissimam
698 1203 815 1227 rerum
835 1194 1130 1238 geometricorum
1158 1191 1344 1238 ἀκριβειαν.
1395 1195 1470 1229 Aut
1493 1204 1604 1230 causa
1627 1193 1777 1235 dicatur,
1799 1202 1866 1228 cur
1886 1202 1948 1230 na-

151 1249 250 1285 tura,
291 1252 370 1276 cum
403 1242 513 1277 vellet
555 1243 764 1279 divisionem
802 1245 939 1280 zodiaci
974 1247 1162 1282 instituere
1198 1246 1243 1281 ad
1279 1247 1540 1292 praescriptum
1575 1256 1765 1283 mensurae
1799 1243 1949 1291 perfecti

152 1294 374 1339 systematis,
409 1294 578 1331 defecerit
612 1301 730 1332 tamen
763 1298 797 1332 in
824 1303 973 1341 conatu,
1011 1309 1077 1333 noc
1102 1298 1207 1342 plane
1243 1299 1464 1344 pervenerit,
1495 1301 1563 1335 etsi
1594 1296 1946 1345 appropinquaverit.

152 1347 201 1382 Ut
225 1357 296 1381 non
322 1347 453 1390 dicam,
487 1349 582 1394 quod
610 1349 721 1392 ipsius
745 1350 901 1393 zodiaci,
935 1355 974 1386 ut
1000 1351 1157 1386 circulus
1183 1357 1239 1386 est
1264 1351 1309 1386 ab
1334 1362 1404 1387 uno
1426 1356 1524 1387 stato
1549 1351 1652 1388 initio
1675 1350 1862 1397 inceptus,
1897 1349 1949 1386 di-

151 1398 239 1434 visio
265 1399 302 1434 in
333 1401 372 1436 12
398 1402 548 1438 actualis
575 1401 673 1437 nulla
698 1402 762 1446 sit,
790 1403 853 1438 sed
879 1403 1005 1438 saltem
1030 1404 1256 1449 imaginaria,

267 1470 362 1504 Nota
386 1468 466 1502 VII.
516 1468 684 1511 Sequitur
721 1467 790 1502 alia
825 1466 1020 1502 Ptolemaei
1060 1467 1247 1504 admiratio
1286 1480 1396 1514 super
1431 1468 1673 1513 congruentiis
1709 1467 1809 1513 istis,
1844 1466 1963 1512 cujus.

152 1522 271 1556 omnia
295 1521 454 1556 membra
476 1519 604 1555 vitiosa
628 1524 722 1554 sunt.
772 1519 1089 1564 Quemadmodum.
1116 1520 1243 1564 inquit,
1267 1520 1305 1555 in
1330 1521 1526 1567 astrologia
1551 1521 1654 1566 signa
1670 1520 1841 1556 distincta
1861 1529 1949 1564 qua-

151 1579 234 1610 tuor
258 1573 371 1619 signis
395 1572 630 1616 interpositis,
655 1582 717 1607 seu
743 1580 878 1617 puncta.
902 1573 936 1607 in
963 1573 1016 1616 iis,
1043 1573 1216 1609 distantia
1240 1585 1327 1610 arcu
1351 1576 1372 1609 5
1398 1575 1603 1620 signorum.
1639 1573 1806 1610 dicuntur
1828 1572 1949 1608 incon-

151 1637 246 1661 nexa
269 1625 488 1683 nullumque·
507 1623 644 1659 faciunt
676 1630 875 1683 aspectum.
912 1625 964 1660 sic
989 1626 1095 1660 etiam
1129 1625 1165 1660 in
1199 1626 1415 1662 harmonitis
1448 1627 1633 1671 proportio
1668 1625 1763 1661 inter
1786 1626 1807 1661 ἱ)
1833 1629 1870 1661 et
1895 1625 1949 1666 12,

150 1677 373 1723 respondens
399 1675 510 1719 signis
535 1676 745 1712 inconnexis
771 1682 807 1712 et
831 1677 1033 1714 habitudini
1058 1689 1182 1714 eorum
1209 1691 1313 1715 arcus
1339 1680 1383 1716 ad
1409 1686 1524 1714 totum
1541 1678 1723 1722 circulum,
1749 1683 1805 1714 est
1825 1678 1948 1714 incon-

154 1732 279 1776 cinna,
305 1729 467 1775 quamvis
492 1729 678 1773 proportio
703 1731 719 1764 1
751 1730 807 1764 vel
834 1733 871 1765 11
901 1730 946 1765 ad
976 1730 1018 1766 12
1042 1731 1090 1766 sit
1113 1731 1206 1767 inter
1231 1733 1432 1768 concinnas.

266 1783 422 1819 Primum
447 1782 504 1817 liic
530 1792 574 1817 ex
599 1787 702 1826 parte
727 1783 945 1828 astrologiae
970 1783 1142 1818 omissum
1167 1790 1223 1820 est
1247 1796 1355 1820 unum
1383 1795 1427 1820 ex
1450 1783 1754 1830 respondentibus
1770 1783 1948 1820 membris.

152 1836 351 1873 Dicendum
377 1836 471 1871 enim
495 1840 574 1870 erat
598 1841 634 1870 et
659 1835 738 1875 hoc,
764 1845 834 1878 quo
862 1834 942 1870 loco
967 1840 1202 1871 censerentur
1217 1838 1319 1883 signa
1337 1839 1523 1882 contigua;
1547 1847 1631 1873 nam
1647 1836 1820 1881 astrologi
1842 1832 1948 1872 etiam

148 1890 238 1925 haec
271 1900 337 1934 pro
363 1888 604 1933 inconjunctis
644 1889 795 1931 habent,
834 1887 932 1922 nullo
956 1899 1004 1923 sc.
1031 1894 1181 1932 aspectu
1205 1890 1356 1925 invicem
1383 1890 1538 1926 sociatis.
1588 1889 1630 1924 Id
1655 1889 1685 1924 si
1709 1893 1777 1930 est,
1813 1888 1950 1924 corruit

151 1942 260 1986 igitur
284 1942 374 1977 haec
398 1941 595 1977 Ptolemaei
622 1941 854 1986 comparatio,
880 1953 972 1986 quae
997 1942 1123 1979 nititur
1148 1943 1354 1978 diversitate
1379 1943 1556 1978 rationum
1583 1942 1625 1977 12
1651 1941 1743 1983 ad?
1766 1941 1823 1977 vei
1846 1943 1886 1987 5,
1912 1948 1949 1978 et

154 1995 198 2030 12
224 1995 268 2030 ad
297 1999 333 2031 11
364 1995 419 2030 vel
452 1998 478 2031 1.
504 2005 654 2039 quarum
681 1993 777 2029 illam
804 2000 987 2039 comparat
1013 1996 1229 2032 distantibus
1255 2006 1320 2040 per
1344 1997 1364 2031 5
1383 1996 1495 2040 sigua,
1520 1995 1612 2030 hanc
1637 1993 1814 2038 contiguis
1838 1995 1948 2039 signis

152 2058 217 2083 seu
241 2048 396 2093 punctis5
434 2046 648 2091 distantibus
674 2046 775 2090 signo
807 2046 924 2082 unico.
975 2047 1046 2083 Sed
1078 2049 1173 2084 forte
1198 2047 1426 2084 Ptolemaeus
1458 2047 1564 2082 unius
1595 2047 1686 2090 signi
1721 2058 1843 2083 arcum
1866 2047 1948 2085 ideo

151 2099 304 2135 nobilem
335 2100 513 2145 agnoscit.
545 2099 639 2143 quod
672 2099 762 2134 haec
799 2100 844 2133 sit
870 2100 983 2143 prima
1016 2101 1134 2144 portio
1161 2099 1263 2134 divisi
1289 2099 1427 2134 zodiaci
1464 2110 1528 2143 per
1558 2099 1776 2143 compositas
1801 2100 1943 2146 figuras2

151 2152 368 2199 triangulum
394 2158 430 2188 et
455 2151 749 2196 quadrangulum.
801 2153 965 2187 Secunda
990 2153 1098 2197 igitur
1123 2152 1287 2195 exceptio
1306 2152 1447 2196 sitista.
1474 2152 1571 2196 qnod
1589 2153 1610 2187 ὃ
1627 2151 1811 2196 signorum
1823 2162 1941 2197 arcus,

151 2206 333 2251 quincunx
361 2214 380 2239 a
405 2215 461 2239 me
486 2204 614 2247 dictus,
641 2214 660 2237 e
685 2214 833 2238 numero
860 2210 1072 2248 aspectuum
1099 2216 1169 2240 non
1196 2205 1328 2240 exulat.
1354 2205 1417 2240 sed
1438 2205 1511 2248 ,iam
1531 2204 1666 2240 dudum
1690 2204 1726 2240 iu
1743 2205 1947 2250 suspicione

151 2261 314 2294 versatur
345 2256 528 2292 efficaciae
560 2261 596 2291 et
630 2255 704 2298 jam
731 2256 836 2290 etiam
870 2257 914 2291 ab
946 2256 1024 2292 aliis
1057 2257 1200 2301 public(¹
1237 2256 1514 2292 commendatur.
1563 2256 1676 2292 Uncia
1706 2257 1851 2302 quidem
1882 2267 1948 2293 seu

152 2310 367 2346 semisextus
390 2309 609 2345 validissima
635 2314 691 2343 est
715 2308 951 2352 configuratio
976 2305 1172 2353 possetque
1199 2310 1265 2344 hac
1291 2309 1325 2344 in
1351 2314 1453 2354 parte
1470 2309 1698 2346 Ptolemaeus
1722 2320 1744 2344 a
1760 2320 1816 2345 me
1829 2309 1949 2354 J'uvari

155 2367 279 2398 contra
312 2363 402 2398 alios
427 2362 646 2406 astrologos.
679 2361 740 2406 qui
766 2362 934 2405 contigua
968 2361 1069 2406 signa
1095 2361 1218 2396 dicunt
1242 2362 1488 2406 incomposita.
1536 2361 1658 2397 Tertio
1682 2363 1947 2408 proportionem

156 2416 198 2450 12
224 2415 268 2451 ad
293 2417 333 2450 ’11
362 2416 591 2452 Ptolemaeus
623 2415 718 2450 inter
741 2414 933 2450 concinnas
958 2415 1095 2459 recipit,
1120 2414 1375 2459 superstitione
1400 2414 1639 2460 Pythagorica
1669 2415 1795 2451 classis
1827 2426 1947 2451 nume-

153 2479 273 2503 rorum
299 2467 690 2513 superparticularium.
738 2467 788 2501 At
813 2466 1018 2502 demonstro
1044 2477 1126 2510 ego,
1156 2467 1365 2512 simpliciter
1390 2467 1635 2502 inconcinnam
1660 2477 1748 2503 esse.
1796 2467 1838 2504 Id
1863 2477 1947 2503 vero

154 2519 244 2556 nihil
268 2519 428 2564 impedit,
454 2531 524 2565 quo
549 2520 666 2555 minus
691 2519 879 2563 proportio
905 2519 938 2553 ei
961 2519 1140 2554 associata
1169 2520 1209 2554 12
1234 2519 1279 2554 ad
1308 2523 1320 2554 1
1351 2524 1535 2563 aspectum
1559 2518 1684 2560 faciat,
1711 2519 1798 2563 quia
1820 2529 1945 2565 aspec-

156 2578 214 2609 tus
241 2584 313 2608 non
340 2583 360 2608 a
383 2572 528 2608 residuo
554 2571 678 2608 circuli
708 2573 743 2605 11
776 2572 969 2615 signorum,
995 2577 1035 2606 nt
1059 2581 1166 2615 saepe
1187 2571 1262 2613 jam
1288 2570 1440 2615 dictum7
1467 2571 1529 2606 sed
1554 2576 1692 2606 tantum
1717 2584 1740 2607 a
1763 2576 1946 2616 segmento

153 2625 243 2669 signi
279 2635 371 2669 aque
406 2625 628 2669 proprietate
661 2623 924 2667 duodecanguli
959 2634 1081 2659 arcum
1117 2623 1212 2657 hunc
1243 2622 1493 2658 rescindentis.
1515 2622 1704 2668 dependet.
1754 2623 1874 2660 Etiam
1909 2625 1945 2660 in

154 2677 370 2713 harmonicis
399 2679 438 2712 12
463 2677 508 2712 ad
536 2680 550 2712 1
578 2688 649 2712 non
674 2676 791 2711 minus
818 2675 1089 2711 consonantiam
1116 2674 1236 2719 efficit,
1263 2685 1370 2720 quam
1395 2675 1476 2710 8311
1498 2679 1525 2719 1,
1553 2679 1623 2709 non
1649 2675 1824 2717 obstante,
1849 2675 1945 2719 quod

153 2738 227 2768 tam
253 2729 297 2764 12
321 2729 366 2764 ad
392 2730 428 2764 11
460 2729 673 2764 inconcinna
698 2732 752 2762 est
776 2727 972 2763 secundum
997 2737 1069 2771 me,
1095 2737 1201 2772 quam
1225 2729 1247 2762 ὃ
1272 2728 1316 2762 ad
1342 2729 1373 2763 7.
1424 2727 1541 2763 Sectio
1572 2728 1714 2772 quidem
1738 2727 1945 2771 harmonica

155 2781 324 2826 chordae,
350 2780 482 2822 fateor,
509 2780 608 2816 nulla
632 2780 673 2815 fit
698 2778 892 2815 secundum
918 2779 984 2814 has
1009 2780 1283 2824 proportiones3
1317 2780 1375 2815 hic
1398 2779 1518 2815 obstat
1543 2780 1768 2816 residuorum
1795 2781 1831 2816 11
1861 2784 1898 2814 et
1922 2780 1941 2813 Τ

155 2838 293 2874 natura,
318 2832 452 2877 quippe
477 2832 512 2866 in
538 2843 602 2868 sua
627 2833 773 2877 propria
798 2831 1047 2876 (harmonices)
1072 2831 1260 2877 facultate3
1299 2838 1407 2877 atque
1432 2832 1520 2867 haec
1543 2832 1623 2877 ipsa
1651 2829 1760 2878 causa
1783 2836 1855 2872 est,
1880 2843 1943 2868 cur

155 2885 240 2920 mihi
269 2886 309 2921 12
334 2886 379 2921 ad
408 2887 443 2921 11
481 2886 527 2920 sit
561 2886 655 2920 inter
686 2885 915 2930 inconcinna,
952 2885 1036 2929 quia
1069 2884 1241 2920 concinna
1278 2885 1396 2920 onmia
1421 2883 1687 2920 constituuntur
1721 2883 1942 2920 sectionibus

155 2937 369 2972 harmonicis
395 2934 794 2983 comparationibusque
819 2936 1131 2973 consonant-iarum
1162 2937 1244 2972 inde
1274 2942 1448 2972 natarum.
1497 2937 1653 2982 Quarto,
1684 2936 1836 2972 vicissim
1859 2947 1942 2980 pro-

155 2989 272 3031 portio
298 2990 318 3023 5
343 2989 388 3024 ad
415 2984 458 3024 :12
490 2994 546 3026 est
569 2989 777 3025 Ptolemaeo
808 2990 900 3024 inter
922 2988 1170 3032 inconcinnas,
1202 3000 1273 3024 non
1298 2989 1414 3024 minus
1446 2999 1553 3034 quam
1577 2985 1705 3031 71'123
1737 2986 1774 3022 id
1797 2997 1940 3023 rursum
1986 2991 1994 3037 ,ξ

156 3040 268 3085 male,
294 3041 369 3077 sola
396 3053 444 3078 sc..
471 3041 718 3080 aestimatione
743 3040 1081 3095 superpartientium
1105 3041 1377 3087 proportionum
1402 3040 1571 3087 familiae,
1606 3044 1647 3078 ut
1670 3049 1815 3086 causae,
1847 3051 1940 3087 quae
