1994 3276
139 99 224 138 284
653 96 714 157 De.
733 95 895 134 Motibus
918 96 1151 134 Planetarum
1172 97 1409 135 Harmonicis.

255 214 316 255 Ac
356 226 443 255 cum
493 216 556 263 sit,
581 216 807 267 conjectura
846 217 1163 268 probabilissima
1204 218 1364 268 (quippe
1402 219 1494 257 nixa
1539 218 1930 260 demonstrationibus

139 275 383 324 geometricis
413 278 452 313 et
482 273 656 314 doctrina
686 274 734 315 de
765 277 894 315 causis
923 282 1099 315 motuum
1129 276 1451 327 planetariorum,
1483 277 1625 316 tradita
1654 279 1693 315 in
1725 277 1932 317 Commen-

138 333 247 372 tariis
277 330 430 386 Martis)
468 332 712 382 planetarum
755 334 878 378 moles
917 346 1119 385 corporum
1159 346 1243 373 esse
1287 336 1326 372 in
1365 337 1614 386 proportione
1650 335 1932 386 periodicorum

139 396 374 442 temporum,
415 391 471 429 sic
511 397 554 429 ut
584 391 740 431 Saturni
772 392 912 442 globus
942 395 993 432 sit
1024 392 1237 443 trigecuplo
1276 394 1425 432 circiter
1454 394 1577 444 major
1605 393 1723 444 globo
1754 394 1932 444 Telluris,

139 449 294 500 Jupiter
324 449 581 500 duodecuplo,
613 450 719 490 Mars
750 452 875 490 minus
907 451 1037 502 duplo,
1069 452 1189 490 Terra
1209 450 1316 502 globi
1337 451 1501 490 Veneris
1520 452 1776 503 sesquialtero
1798 453 1932 503 major,

139 507 381 547 Mercurialis
411 508 520 559 globi
551 508 768 561 quadruplo
799 510 941 560 maJor:
985 521 1063 548 non
1101 515 1211 549 erunt
1250 511 1367 560 igitur
1407 522 1534 560 neque
1563 510 1638 550 hae
1667 513 1935 562 proportiones

138 578 343 617 corporum
373 566 631 607 harmonicae.

176 644 183 660 ι
255 624 353 664 Cum
382 629 513 664 autem
543 626 651 665 Deus
681 625 776 664 nihil
807 627 890 665 sine
931 627 1167 676 geometrica
1205 625 1493 676 pulchritudine
1524 627 1787 676 constituerit,
1832 627 1937 678 quod

139 695 218 723 non
249 684 298 722 ab
330 683 409 723 alio
439 686 566 734 priore
598 684 766 735 quadam
795 686 1037 724 necessitatis
1058 683 1144 733 lege
1175 685 1226 722 sit
1245 696 1400 733 nexum,
1430 684 1545 724 facile
1575 684 1805 735 colligimus,
1837 691 1937 725 tem-

139 742 301 792 poribus
341 742 548 793 periodicis
590 755 682 782 suas
713 745 847 782 venire
892 743 1134 794 prolixitates
1176 742 1353 792 adeoque
1391 747 1429 782 et
1470 744 1695 794 corporibus
1725 743 1935 790 mobilibus

141 812 233 839 suas
261 801 385 840 moles
415 801 465 840 ab
497 800 648 851 aliquo,
695 801 800 852 quod
843 807 902 840 est
942 803 983 839 in
1013 800 1224 852 archetypo
1266 802 1392 852 prius,
1435 801 1485 839 ad
1516 801 1622 851 quod
1650 802 1938 852 exprimendum

142 860 256 908 istae,
288 864 331 898 ut
361 859 542 898 videntur
571 861 942 911 improportionatae
974 859 1095 898 moles
1127 864 1165 898 et
1201 859 1372 909 periodi,
1411 864 1501 898 sunt
1538 861 1578 897 in
1608 860 1710 899 hunc
1739 861 1939 900 modulum

142 922 313 968 aptatae.
375 918 428 957 At
459 917 643 957 collectas
683 931 768 958 esse
799 919 878 956 dixi
917 918 1099 969 periodos
1137 930 1183 956 ex
1224 919 1342 956 moris
1380 918 1636 968 longissimis,
1683 918 1940 958 mediocribus

139 981 178 1016 et
207 976 459 1015 tardissimis:
506 982 660 1027 oportet
703 978 819 1028 igitur
849 977 913 1015 vel
950 979 988 1015 in
1028 977 1087 1014 his
1123 977 1266 1024 moris,
1308 975 1371 1015 vel
1401 978 1434 1014 si
1465 976 1559 1026 quid
1600 981 1659 1016 est
1687 978 1736 1016 iis
1764 979 1872 1028 prius
1902 979 1939 1015 in

140 1040 269 1074 mente
301 1033 476 1087 Opificis,
507 1036 671 1074 inveniri
703 1036 982 1075 concinnitates
1012 1035 1278 1085 geometricas.
1324 1034 1522 1073 Moratum
1554 1046 1646 1074 vero
1672 1038 1941 1087 proportiones

140 1105 263 1133 nexae
305 1099 395 1132 sunt
436 1094 486 1132 ab
523 1106 681 1133 arcuum
725 1094 946 1132 diurnorum
987 1094 1325 1144 proportionibus,
1373 1094 1466 1143 quia
1504 1104 1618 1133 arcus
1657 1096 1943 1145 proportionem

142 1164 320 1192 eversam
348 1152 497 1191 habent
526 1154 787 1203 proportionis
817 1164 1022 1193 morarum.
1080 1151 1247 1190 Rursum
1287 1157 1326 1190 et
1354 1163 1548 1191 morarum
1580 1157 1618 1191 et
1647 1153 1942 1192 intervallorum

141 1212 257 1250 unius
289 1210 454 1262 alicujus
485 1210 665 1261 planetae
694 1212 963 1262 proportiones
984 1210 1150 1248 diximus
1182 1222 1267 1249 esse
1299 1210 1468 1249 easdem.
1511 1209 1624 1260 Quod
1655 1212 1773 1260 igitur
1802 1213 1941 1250 attinet

139 1270 317 1321 planetas
348 1269 534 1320 singulos,
566 1282 645 1308 una
677 1275 716 1309 et
745 1269 880 1309 eadem
902 1271 974 1308 erit
1004 1268 1261 1308 consideratio
1283 1270 1399 1307 trium
1418 1269 1575 1307 horum:
1609 1280 1778 1318 arcuum,
1809 1281 1940 1308 mora-

144 1341 229 1367 rum
269 1330 309 1366 in
353 1329 518 1367 arcubus
550 1328 782 1378 aequalibus
826 1333 862 1367 et
902 1328 1128 1367 remotionis
1159 1338 1318 1365 arcuum
1360 1339 1383 1365 a
1414 1326 1507 1366 Sole
1537 1338 1606 1366 seu
1636 1327 1939 1367 intervallorum.

142 1387 192 1425 Et
222 1387 315 1439 quia
339 1387 423 1436 jam
455 1387 659 1425 variabilia
691 1391 781 1425 sunt
811 1387 908 1425 haec
939 1387 1070 1425 omnia
1101 1387 1138 1422 in
1169 1385 1358 1435 planetis,
1390 1385 1550 1424 dubium
1579 1385 1727 1424 nullum
1758 1398 1842 1426 esse
1871 1398 1946 1437 po-

141 1450 228 1493 test,
261 1444 352 1495 quin
384 1447 417 1483 si
448 1445 540 1495 quid
570 1446 712 1483 fuerint
741 1447 879 1484 sortita
909 1443 1206 1495 pulchritudinis
1235 1445 1507 1493 geometricae,
1539 1448 1643 1482 certo
1674 1446 1814 1482 summi
1845 1443 1942 1495 Opi-

140 1504 224 1542 flcis
255 1503 416 1542 consilio
447 1503 486 1541 id
517 1505 598 1542 suis
630 1505 809 1543 extremis
839 1504 1077 1554 acceperint,
1120 1506 1164 1540 ut
1200 1501 1366 1552 apheliis
1409 1507 1447 1540 et
1489 1501 1685 1551 periheliis
1714 1503 1942 1551 intervallis,

141 1574 219 1601 non
251 1564 307 1601 ita
335 1561 474 1601 mediis
502 1562 725 1612 interjectis.
785 1562 886 1601 Nam
926 1561 1026 1600 datis
1058 1565 1314 1600 extremorum
1352 1559 1644 1599 intervallorum
1682 1563 1944 1612 proportioni-

143 1622 235 1670 bus,
276 1621 359 1671 jam
397 1632 474 1659 non
513 1632 611 1671 opus
644 1625 703 1660 est
742 1621 923 1668 consilio,
971 1626 1010 1658 ut
1040 1618 1298 1663 intermediae¹
1330 1620 1599 1669 proportiones
1631 1624 1735 1658 certo
1765 1624 1945 1671 aptentur

148 1691 332 1729 numer03
364 1684 580 1729 sequuntur
611 1681 712 1731 enim
743 1679 857 1728 ultro,
888 1680 1120 1718 necessitate
1150 1682 1279 1716 motus
1309 1677 1536 1728 planetarii,
1581 1677 1631 1717 ab
1663 1689 1741 1717 uno
1772 1683 1941 1718 extremo

148 1750 217 1789 per
247 1737 477 1777 intermedia
508 1739 638 1777 omnia
667 1738 717 1778 ad
750 1742 962 1777 extremum
993 1736 1169 1776 alterum.

266 1796 389 1846 Igitur
419 1801 590 1836 extrema
619 1796 828 1836 intervalla
866 1801 956 1835 sunt
985 1797 1082 1843 ista,
1127 1805 1197 1845 per
1235 1794 1547 1837 accuratissimas
1576 1793 1775 1844 Tychonis
1805 1794 1947 1833 Brahei

147 1856 452 1903 observationes,
485 1855 668 1895 methodo
698 1856 737 1892 in
760 1855 1056 1894 Commentariis
1077 1853 1215 1892 Martis
1237 1852 1390 1902 tradita,
1422 1853 1614 1902 exquisita
1642 1854 1947 1903 pertinacissimo

146 1913 409 1964 septendecim
441 1925 630 1953 annorum
661 1913 803 1952 studio.

664 2015 880 2061 Comparata
902 2013 1092 2050 intervalla
1116 2023 1196 2049 cum
1219 2010 1436 2048 harmonicis

382 2063 556 2098 Binorum
1436 2057 1664 2102 Singulorum
1688 2049 1903 2133 psophwou0

318 2179 464 2210 converg
537 2177 631 2204 Diei-v
632 2185 660 2209 g,
698 2154 843 2191 Saturni
869 2153 1053 2207 aphelium
1081 2152 1204 2189 10052.
1225 2163 1255 2187 a.
1374 2129 1463 2164 Plus
1486 2133 1571 2165 tono
1597 2130 1734 2165 minore
1814 2149 1904 2192 9—000

438 2212 457 2240 2
532 2213 551 2239 b
635 2211 652 2238 5
837 2200 1051 2246 penhehum
1104 2199 1207 2235 8968.
1224 2199 1259 2234 b.
1814 2223 1901 2250 10000

330 2273 348 2299 d
372 2252 416 2267 =
441 2257 479 2299 ἰ,
534 2250 614 2298 g:
635 2256 652 2297 ᾗ
1393 2244 1516 2280 Minus
1540 2247 1627 2280 tono
1654 2245 1788 2290 majore
1812 2267 1901 2310 W

698 2341 800 2377 Jovis
824 2339 1005 2386 aphelium
1118 2340 1200 2374 5451
1226 2350 1255 2373 c.
1396 2337 1506 2373 Nulla
1540 2337 1714 2373 concinna
1747 2339 1945 2384 proportio,
1975 2372 1977 2374 .

331 2410 348 2428 α
439 2400 456 2428 4
529 2399 549 2425 d
637 2398 654 2425 3
840 2385 1054 2432 perihelium
1114 2386 1204 2422 4949
1223 2385 1255 2420 d.
1397 2384 1461 2419 sed
1497 2384 1573 2420 fere
1598 2386 1652 2430 Ης.
1684 2385 1901 2422 Inconcinna

330 2446 347 2450 -
373 2439 419 2455 =
440 2445 458 2486 ῐ
529 2442 547 2485 g
569 2437 615 2452 Ξ
638 2442 655 2484 ἶ
1382 2431 1451 2467 xvel
1489 2431 1574 2466 dim.
1600 2431 1645 2466 de
1668 2431 1876 2468 harmonica
1922 2433 1942 2480 g

705 2516 832 2552 Martis
858 2514 1038 2559 aphelium
1103 2514 1206 2550 1665.
1225 2524 1255 2548 e.
1337 2511 1404 2546 Hic
1436 2511 1526 2559 {gg}
1549 2517 1645 2548 esset
1670 2513 1878 2549 harmonica
1923 2512 1948 2559 ᾗ

335 2574 351 2592 e
378 2603 423 2608 —
443 2563 462 2611 ξ
530 2564 548 2611 ξ
560 2600 605 2606 —
622 2561 658 2610 fl
842 2561 1055 2607 perihelium
1106 2561 1205 2596 1382.
1228 2559 1251 2594 f.
1341 2563 1377 2594 et
1403 2559 1489 2606 {33⁴3}
1520 2564 1617 2595 esset
1641 2559 1671 2604 ἔξ.
1993 2560 1994 2568 ³

333 2610 352 2614 -
377 2613 423 2618 „-
474 2613 483 2631 ‚
560 2610 605 2616 ,-

333 2625 353 2651 h
443 2622 461 2650 8
531 2630 551 2655 g
621 2620 656 2647 ²⁰
708 2668 841 2703 Terrae
865 2666 1047 2711 aphelium
1103 2665 1203 2701 1018.
1222 2677 1255 2710 g.
1396 2665 1464 2699 Hic
1506 2664 1591 2711 ¹33}
1625 2668 1723 2700 esset
1746 2664 1855 2700 diesis
1890 2663 1945 2710 32,

150 2727 169 2752 ε
183 2757 229 2773 =
247 2717 294 2766 '2-
320 2752 363 2774 50¹
393 2714 462 2763 Q
527 2714 611 2767 P:
627 2711 663 2761 {Z
847 2713 1061 2758 perihelium
1125 2711 1203 2747 982.
1222 2712 1257 2747 h.
1399 2723 1471 2747 non
1494 2711 1656 2756 possidet
1681 2722 1766 2756 ergo
1791 2711 1914 2747 diesin.

148 2779 170 2804 k
246 2777 295 2808 w,
429 2764 484 2801 1⁰²
538 2774 550 2799 ἰ
627 2771 663 2799 2⁰
1947 2809 1950 2812 Δ

702 2829 852 2867 Veneris
877 2827 1060 2873 aphelium
1131 2827 1209 2863 729.
1238 2828 1262 2862 i.
1400 2827 1522 2863 Minus
1547 2837 1653 2872 quam
1675 2828 1945 2872 sesquicomma,

839 2874 1051 2921 perihelium
1124 2874 1202 2910 719.
1221 2874 1257 2909 k.
1397 2874 1482 2919 plus
1503 2884 1611 2918 quam
1635 2874 1742 2910 tertia
1768 2884 1853 2919 pars
1873 2873 1945 2909 die·

1392 2931 1483 2956 seos.

297 2997 306 3021 i
339 3033 385 3039 —
409 2994 443 3023 12
522 2996 542 3021 k
607 2993 659 3021 243
706 2990 877 3028 Mercurii
901 2989 1082 3036 aphelium
1126 2991 1204 3027 470
1230 2990 1254 3026 l.
1393 2989 1481 3025 Plus
1507 2999 1613 3033 quam
1632 2989 1810 3034 diapente,
1834 2988 1944 3024 abun-

287 3038 317 3081 ἶιῖ
340 3043 385 3049 '‘-
406 3039 443 3083 '5‘
456 3045 464 3061 ’
519 3033 660 3080 “1:156
889 3037 1099 3084 perihelium
1125 3038 1202 3074 307.
1205 3048 1251 3072 m.
1391 3035 1480 3071 dans
1498 3036 1582 3082 333,
1608 3036 1724 3071 minus
1742 3045 1847 3080 quam
1864 3035 1945 3070 har-

1389 3082 1529 3118 monica
1558 3083 1592 3130 ξ.
