1988 3276
134 131 189 170 84
722 125 778 161 De
801 125 1016 170 Figuratum
1038 123 1333 162 Harmonicarum

136 245 232 285 mihi
261 243 483 284 faciendum
513 253 611 293 esse,
644 248 687 283 ut
716 245 828 284 initio
859 256 907 284 ex
935 244 1036 284 libro
1066 244 1217 284 decimo
1247 242 1420 284 Euclidis
1450 242 1707 283 exscriberem
1735 253 1796 292 ea,
1827 251 1928 292 quae

137 303 188 343 ad
218 315 404 355 praesens
435 302 655 341 institutum
683 314 812 343 meum
849 305 1058 354 praecipue
1097 304 1288 352 facerent,
1327 303 1465 342 seriem
1501 302 1619 342 etiam
1655 311 1784 341 rerum
1823 299 1930 338 illius

138 362 242 412 libri,
274 364 388 402 certis
421 359 655 411 quibusdam
685 361 895 412 interjectis
926 361 1195 412 divisionibus,
1226 363 1266 400 in
1294 361 1422 401 lucem
1449 361 1668 412 proferrem,
1701 369 1839 399 causas
1868 359 1938 413 ἰιι-μ

142 420 332 470 dicarem,
374 431 445 459 cur
486 418 677 469 quaedam
719 420 954 459 divisionum
993 421 1167 460 membra
1195 420 1246 459 ab
1275 419 1438 459 Euclide
1459 416 1609 458 -fueriht
1638 420 1801 458 omissa:
1841 420 1933 455 tunc

139 479 293 519 demum
333 478 380 518 de
410 478 544 528 figuris
574 479 670 529 ipsis
699 478 895 529 agendum
924 479 1008 520 fuit.
1067 477 1145 518 Ubi
1175 488 1276 529 quae
1306 479 1461 518 fuerunt
1497 477 1547 517 ab
1577 476 1738 517 Euclide
1769 475 1933 515 demon-

139 543 261 577 strata
292 536 515 585 clarissime,
547 538 587 574 in
614 538 663 576 iis
694 537 860 588 simplici
879 539 1191 588 propositionum
1211 537 1450 588 allegatione
1462 531 1664 588 contentus
1693 536 1767 574 fui:
1796 533 1932 582 multa,

141 608 241 647 quae
271 601 362 634 sunt
391 596 442 634 ab
472 594 634 635 Euclide
667 595 930 635 demonstrata
960 597 1025 635 via
1062 596 1162 644 alia,
1199 601 1357 646 propter
1392 595 1509 634 finem
1546 593 1643 634 mihi
1681 594 1934 645 propositum,

141 655 290 694 scilicet
318 658 474 706 propter
503 655 832 704 comparationem
861 654 1073 705 figurarum
1103 654 1298 695 scibilium
1328 659 1368 693 et
1396 653 1653 706 inscibilium,
1690 652 1753 691 hic
1782 652 1937 692 fuerunt

141 712 361 764 repetenda,
394 713 457 752 vel
488 711 682 762 disiuncta
713 712 995 764 conjungenda,
1027 713 1092 752 vel
1123 711 1218 752 ordo
1248 712 1469 754 mutandus.
1518 711 1811 759 Definitionum,
1841 719 1935 760 pro-

142 773 391 824 positionum,
421 770 706 810 theorematum
737 772 876 811 seriem
902 772 1089 811 >continuo
1119 782 1279 822 numero
1299 783 1386 811 sum
1410 770 1650 823 complexus,
1676 769 1724 808 ‘ut
1747 769 1788 807 in
1807 766 1936 818 Diop-

141 831 248 869 tricis
276 830 363 877 feci,
394 833 551 879 propter
567 829 845 880 allegationum
875 829 1211 879 commoditatem3
1241 831 1282 868 in
1312 830 1408 880 ipsis
1440 830 1558 869 etiam
1587 827 1836 869 lemmatibus
1857 836 1936 870 non

143 893 344 928 accuratus
375 888 431 926 fui
461 899 531 927 nec
560 890 721 927 nimium
753 888 800 928 de
831 888 1037 928 vocabulis
1058 888 1269 938 sollicitus,
1300 889 1426 939 magis
1457 889 1496 926 in
1527 899 1589 927 res
1611 889 1724 939 ipsas
1754 887 1937 933 intentus,

146 948 289 998 quippe
321 947 389 997 qui
418 957 496 985 non
521 946 606 997 jam
635 948 674 985 in
703 947 953 998 philosophia
982 952 1238 998 geometram,
1277 946 1347 987 sed
1386 948 1428 984 in
1457 947 1532 986 hac
1561 946 1797 997 geometriae
1826 947 1938 995 parte

147 1005 426 1056 philosophum
465 1017 592 1055 agam.
651 1006 783 1056 Atque
823 1007 973 1044 utinam
1011 1004 1059 1045 de
1095 1006 1210 1045 rebus
1248 1006 1495 1056 geometricis
1538 1004 1666 1044 adhuc
1700 1002 1939 1056 popularius,

148 1063 357 1103 dummodo
389 1068 428 1102 et
458 1063 598 1103 clarius
637 1069 676 1103 et
711 1064 949 1116 palpabilius
979 1063 1168 1104 disserere
1197 1065 1425 1115 potuissem.
1485 1062 1564 1103 Sed
1599 1073 1733 1114 spero,
1773 1061 1940 1100 lectores

147 1133 294 1172 aequos
324 1123 364 1159 in
394 1126 557 1171 utraque
587 1133 640 1171 re,
673 1128 711 1161 et
741 1122 847 1173 quod
877 1124 1113 1174 geometrica
1131 1122 1370 1175 populariter
1399 1121 1523 1171 trado,
1554 1125 1603 1160 ets
1621 1119 1727 1172 quod
1756 1119 1941 1159 materiae

151 1182 429 1220 obscuritatem
458 1180 648 1220 industria
666 1183 819 1220 vincere
840 1193 919 1220 non
937 1183 1061 1232 potui,
1092 1193 1220 1221 meam
1250 1193 1410 1232 operam
1441 1181 1533 1220 boni
1555 1179 1812 1219 consulturos.
1844 1175 1943 1226 Qui-

149 1240 223 1278 bus
256 1241 375 1278 etiam
404 1239 479 1278 hoc
510 1239 558 1278 ad
591 1244 802 1278 extremum
833 1240 883 1278 do
915 1240 1079 1288 consilii,
1109 1245 1153 1278 ut
1183 1241 1216 1279 si
1244 1239 1603 1282 mathematicamm
1633 1249 1760 1277 rerum
1787 1236 1942 1288 penitus

153 1298 322 1347 imperiti
351 1298 504 1346 suerint,
544 1299 779 1337 transmissis
813 1298 1123 1337 enarrationibus
1153 1300 1250 1338 meis
1292 1298 1396 1338 solas
1427 1298 1560 1349 legant
1599 1296 1884 1347 propositiones
1912 1305 1946 1331 -a

151 1355 298 1396 XXX.
334 1367 459 1406 usque
489 1355 540 1394 ad
568 1356 696 1406 finem,
729 1362 767 1396 et
796 1357 872 1396 fide
902 1357 1232 1408 propositionibus
1261 1357 1356 1408 ipsis
1388 1356 1563 1396 adhibita
1591 1356 1674 1394 sine
1705 1354 1947 1394 demonstra-

151 1416 269 1463 tione,
301 1411 465 1465 pergant
496 1414 546 1452 ad
575 1414 696 1454 libros
728 1419 895 1463 ceteros,
936 1417 1164 1467 praesertim
1193 1415 1244 1454 ad
1273 1415 1474 1464 ultimum;
1511 1426 1561 1454 ne
1591 1413 1819 1452 difficultate
1848 1421 1947 1462 geo-

151 1473 398 1511 metricarum
439 1474 819 1523 argumentationum
858 1474 1052 1513 absterriti
1094 1474 1222 1513 fructu
1259 1485 1345 1513 sese
1380 1475 1534 1525 privent
1573 1472 1821 1513 harmonicae
1851 1479 1947 1508 con-

151 1530 419 1581 templationis
445 1531 747 1581 jucundissimo.
806 1532 919 1572 Nunc
946 1532 998 1572 ad
1027 1544 1109 1572 rem
1138 1532 1368 1572 accedamus
1398 1543 1486 1572 cum
1516 1531 1615 1571 Deo.

910 1747 1184 1754 ——h

440 1923 507 1970 De
543 1903 814 1980 Figu'rarum
849 1922 1148 1980 Regularium
1192 1923 1673 1975 demonstrationibus

726 2057 760 2098 Ι.
795 2057 1065 2097 Definitio.
1133 2058 1260 2098 Plana
1296 2059 1422 2111 figura
1463 2059 1650 2111 regularis
1686 2057 1756 2097 illa
1799 2055 1949 2105 dicitur,

615 2128 715 2166 quae
752 2118 882 2155 omnia
917 2118 1040 2155 latera
1081 2121 1119 2156 et
1156 2129 1288 2157 omnes
1329 2118 1514 2169 angulos,
1559 2122 1775 2158 extrorsum
1805 2126 1950 2164 versos,

613 2174 796 2224 aequales
826 2174 957 2213 habet.
1798 2168 1801 2170 ’

727 2230 775 2265 Ut
798 2229 856 2265 hic
883 2229 1031 2273 QPRO:
1069 2229 1183 2267 latera
1207 2231 1285 2276 QP,
1309 2231 1389 2275 PR,
1414 2231 1494 2278 ΒΟ,
1530 2231 1592 2277 OQ
1618 2235 1702 2268 sunt
1726 2228 1892 2276 aequalia
1915 2229 1952 2264 et

538 2300 543 2314 μ
612 2281 734 2327 anguli
760 2281 871 2328 QPR,
897 2281 991 2318 PRO
1000 2308 1010 2327 ‚
1036 2282 1155 2328 ROQ,
1181 2284 1272 2328 OQP
1298 2285 1480 2330 aequales.
1688 2298 1694 2301 ”

725 2331 776 2371 Π.
807 2331 1070 2371 Definitio.
1129 2333 1273 2373 Earum
1303 2335 1495 2385 quaedam
1525 2339 1615 2374 sunt
1643 2334 1791 2385 primae
1820 2335 1860 2372 et
1885 2342 1952 2370 ra-

609 2389 776 2439 dicales,
820 2402 921 2441 quae
961 2401 1053 2429 suos
1083 2391 1191 2441 ipsae
1222 2396 1403 2433 terminos
1441 2405 1519 2433 non
1561 2392 1770 2441 excedunt,
1811 2390 1952 2442 quibus

159 2451 309 2500 proprie
334 2450 524 2499 'convenit
556 2451 685 2501 posita
716 2448 907 2488 definitio:
940 2448 1133 2499 quaedam
1162 2457 1253 2490 sunt
1283 2458 1432 2501 auctae,
1465 2463 1566 2502 quae
1586 2463 1660 2491 sua
1687 2450 1811 2496 veluti
1830 2449 1953 2488 latera

159 2505 361 2604 {xcedunss
405 2508 637 2547 continuatis
669 2507 835 2556 alicujus
872 2506 1053 2547 radicalis
1090 2508 1276 2550 lateribus
1306 2522 1384 2550 non
1405 2511 1598 2562 contiguis
1627 2508 1679 2549 ad
1701 2518 1951 2556 concursum}

185 2566 335 2603 icuntur
364 2564 514 2604 stellae.

320 2631 384 2663 Εἰς.
404 2630 431 2658 3.
1244 2624 1293 2661 Ut
1307 2624 1366 2660 hic
1381 2623 1539 2660 ABCDE
1558 2628 1614 2660 est
1638 2622 1836 2668 perfectum
1852 2623 1953 2669 quin-

395 2701 426 2731 Α
1127 2677 1348 2722 quangulum
1372 2681 1498 2723 estque
1518 2676 1634 2722 figura
1647 2676 1772 2723 prima,
1795 2687 1868 2713 non
1891 2676 1953 2712 de—

1127 2728 1288 2766 siderans
1313 2730 1418 2766 aliam
1442 2729 1656 2776 perfectam,
1694 2728 1740 2765 ex
1771 2740 1843 2775 qua
1866 2740 1952 2766 con-

1127 2781 1327 2819 tinuatione
1350 2782 1503 2819 laterum
1525 2782 1754 2829 producatur.

201 2848 227 2877 12
587 2845 615 2877 Β
1244 2834 1293 2871 At
1324 2835 1478 2873 FGHIK
1501 2839 1575 2872 est
1610 2835 1879 2882 quinquangula
1918 2837 1955 2871 et

1131 2885 1246 2931 figura
1269 2893 1392 2931 aucta,
1428 2887 1642 2926 continuatis
1666 2887 1837 2925 lateribus
1860 2887 1954 2924 binis

1132 2949 1206 2974 non
1237 2942 1436 2988 contiguis,
1470 2940 1568 2978 verbi
1597 2950 1706 2978 causa
1728 2941 1791 2978 AB
1823 2943 1860 2977 et
1890 2938 1955 2975 Dc

1134 2994 1180 3029 ad
1204 3005 1416 3032 concursum
1439 2995 1469 3032 Ι.
