1994 3276
151 106 175 144 2
184 106 203 143 1
211 105 234 144 8
592 95 595 99 ’
698 102 754 139 De
778 101 1133 148 configurationibus
1150 75 1389 139 Harmonicis.

150 221 230 260 lare
261 233 479 273 possumus,
511 226 699 271 quantum
730 222 887 272 quidem
915 223 1030 262 nobis
1060 222 1107 261 de
1135 223 1183 260 iis
1213 223 1439 263 constiterit.
1499 210 1634 262 Unum·
1650 221 1802 261 tantum·
1826 219 1947 272 'prae-

151 280 381 318 mittendum
411 291 575 328 censeo,
609 276 921 331 distinguendum
952 293 1036 320 esse
1065 282 1166 319 inter
1194 281 1345 332 species
1377 282 1480 332 ipsas
1509 279 1828 329 mathematicae,
1867 281 1947 319 ,cir-

152 338 282 377 culum
313 343 352 377 et
381 350 513 377 arcum
544 338 648 388 ejus,
691 340 866 390 interque
898 340 1227 389 comparationem
1268 350 1422 387 eorum,
1463 342 1502 378 et
1527 338 1612 382 ,hec
1638 337 1750 387 ideo,
1778 339 1888 388 ,quia
1915 339 1949 375 si

151 398 304 448 species
342 398 450 447 ipsae
491 409 562 437 ceu
600 399 751 436 termini
782 397 1044 437 'collocandae
1084 403 1172 435 sunt
1210 400 1315 436 intus
1353 399 1393 435 in
1431 390 1560 442 anima
1590 395 1684 436 'sine
1707 397 1947 447 receptione,

150 455 275 494 multo
306 457 431 504 magis
462 455 683 506 harmonia,
724 468 825 507 quae
858 463 915 495 est
946 458 1042 495 inter
1073 456 1161 494 illas
1192 461 1341 507 partes,
1379 458 1419 494 in
1449 460 1576 506 mente
1598 454 1836 494 collocanda
1859 455 1948 502 erit,

151 519 195 552 ut
224 525 300 552 non
343 514 487 554 habeat
519 516 725 554 essentiam
770 527 881 554 suam
912 521 1019 554 extra
1050 514 1180 562 illam,
1227 508 1370 564 quippe
1403 526 1486 553 cum
1526 513 1611 564 ejus
1647 515 1816 554 essentia
1854 523 1950 563 con-

152 574 265 612 sistat
306 574 354 610 in·
377 575 531 613 actione
562 572 695 624 aliqua
733 574 873 612 mentis
912 575 1023 615 circa
1043 574 1192 623 species
1222 572 1321 610 illas.
1382 573 1433 611 Et
1469 571 1634 612 circulus
1665 571 1951 625 quidem-,cum

152 631 319 670 arcubus
351 632 408 670 sic
438 638 529 670 sunt
559 633 596 669 in
629 633 777 679 anima,
823 637 862 686 ut
900 632 995 671 eitra
1025 633 1328 670 controversiam
1367 632 1444 669 sint
1484 631 1603 671 etiam
1639 631 1680 668 in
1719 629 1950 680 sensilibus3

153 695 195 728 at
215 689 448 738 harmonia,
481 701 591 747 quae
625 695 697 728 est
721 693 819 728 inter
849 690 1033 740 circulum
1073 690 1235 741 eiusque
1267 693 1435 740 partem,
1479 688 1610 739 quoad
1649 687 1809 727 formale
1839 699 1953 731 suum
1980 695 1985 702 ‘

152 747 261 787 nullo
293 747 409 786 modo
441 745 499 787 est
531 753 639 787 extra
671 751 857 797 animam,
896 755 938 787 ut
967 760 1113 799 supra
1123 749 1249 798 patuit
1287 748 1463 798 exemplo
1494 748 1657 786 numeri.
1717 746 1822 786 Jam
1839 741 1952 785 vet'e-

153 818 239 845 rum
269 803 552 867 argumentas
535 812 624 845 sunt
664 808 886 866 praecipue
912 807 958 853 de
1000 807 1205 858 speciebus
1242 807 1374 856 ipsis,
1398 818 1438 845 re
1469 805 1713 857 simpliciori3
1747 796 1954 851 harmonia

155 871 266 904 vero
281 876 342 903 res
372 869 431 904 est
461 864 585 915 magis
617 861 844 916 composita.

271 923 320 962 Et
360 923 434 962 hoc
471 928 530 963 est
571 923 801 968 discriminis
840 926 937 962 inter
978 922 1251 970 Aristotelem,
1299 921 1522 968 Platonem,
1563 921 1745 960 Proclum
1791 932 1837 960 ex
1877 932 1955 959 una

157 986 279 1033 parte,
311 982 486 1032 interque
518 982 785 1022 Ptolemaeum
818 994 863 1031 ex
895 982 1027 1021 altera
1090 981 1153 1019 Illi
1186 982 1287 1020 enim
1319 980 1366 1019 de
1397 992 1474 1019 csse
1493 981 1718 1031 specierum
1745 973 1954 1030 disputant,

155 1039 406 1080 Ptolemaeus
446 1040 504 1082 de
530 1053 608 1079 esse
644 1039 918 1081 harmoniae.'
956 1039 1034 1079 Sed
1064 1038 1280 1078 Ptolemaei
1319 1043 1468 1078 textum
1508 1050 1579 1078 nos
1621 1040 1661 1077 in
1700 1037 1955 1089 appendicem

157 1100 277 1138 totius
308 1100 435 1149 operis
463 1092 699 1148 'rejiciemus,
719 1112 779 1148 ,ne
810 1096 1071 1149 nobis,‚qu0d
1102 1099 1211 1146 initio
1243 1098 1381 1148 capitis
1413 1098 1662 1146 verebamur,
1693 1098 1827 1136 turbas
1860 1107 1956 1136 con-

157 1159 267 1207 citet,
309 1157 397 1196 illos
439 1169 551 1206 vero,
595 1160 662 1208 qui
701 1159 989 1209 appositissime
1029 1157 1077 1196 ad
1117 1161 1360 1208 praesentem
1396 1155 1703 1207 speculationem
1732 1150 1955 1206 loquuntur,

151 1215 242 1267 jam
257 1187 481 1254 audiemus.

196 1279 198 1281 '
272 1274 321 1312 Et
350 1274 528 1313 Platonis
561 1274 717 1324 quidem
749 1274 797 1314 de
827 1275 943 1314 rebus
974 1273 1258 1313 mathematicis
1295 1273 1488 1312 sententia
1517 1272 1616 1311 haec
1647 1276 1746 1311 erat·
1787 1265 1958 1310 mentem

158 1333 369 1371 humanam
399 1345 532 1372 omnes
563 1338 602 1372 et
631 1335 781 1384 species
813 1345 883 1372 seu
914 1332 1056 1382 figuras
1095 1337 1133 1370 et
1163 1333 1360 1370 axiomata
1395 1336 1433 1370 et
1464 1330 1740 1373 conclusiones
1764 1330 1811 1370 de
1841 1330 1957 1368 rebus

157 1403 198 1430 se
229 1393 316 1442 ipsa
347 1390 526 1430 edoctam
559 1403 664 1440 esse3
706 1404 792 1430 cum
825 1402 917 1430 vero
951 1390 1131 1429 videatur
1162 1389 1325 1437 erudiri,
1367 1389 1409 1428 id
1438 1388 1534 1428 nihil
1565 1389 1672 1428 aliud
1705 1400 1809 1436 esse,
1841 1400 1957 1438 qnam

157 1449 354 1489 admoneri
385 1462 454 1500 per
485 1450 766 1500 diagrammata
797 1450 955 1488 sensilia
984 1460 1110 1487 rerum
1142 1460 1296 1496 earum,
1337 1459 1435 1499 quas
1466 1458 1598 1486 secum
1628 1450 1716 1498 ipsa
1744 1448 1852 1486 sciat
1913 1445 1958 1484 Id

159 1509 346 1559 singulari
386 1509 547 1547 artificio
589 1514 855 1564 repraesentat
891 1509 928 1545 in
962 1507 1149 1558 dialogis,
1180 1506 1398 1546 introducto
1429 1517 1573 1557 puero,
1617 1507 1704 1557 qui,
1745 1508 1903 1556 rogatus
1933 1516 1958 1543 a

160 1569 366 1617 magistro,
398 1566 606 1617 respondet
639 1569 768 1606 omnia
799 1567 848 1606 ad
881 1571 1027 1605 votum.

281 1624 512 1667 Aristoteles
545 1630 679 1665 contra
708 1628 747 1664 in
779 1625 1063 1676 Metaphysicis
1095 1628 1355 1663 commentum
1385 1623 1462 1662 hoc
1492 1622 1665 1674 appellat
1697 1624 1807 1674 λογον
1831 1623 1959 1661 πλασ-

159 1688 331 1734 ματωδη,
364 1699 460 1735 προς
489 1699 557 1734 την
588 1681 774 1724 ὑποθεσιν
803 1685 1074 1733 &summram
1109 1695 1181 1721 nec
1212 1683 1315 1722 enim
1351 1682 1450 1720 haec
1484 1681 1760 1729 mathematica
1799 1681 1960 1720 seorsim

160 1755 192 1787 a,
214 1742 424 1781 sensilibus
454 1754 620 1793 usquam
651 1744 884 1790 subsistere,
916 1753 988 1780 nec
1018 1741 1134 1780 aliam
1167 1753 1251 1780 esse
1282 1740 1436 1779 illorum
1468 1740 1771 1787 subsistentiam,
1800 1750 1850 1778 ne
1871 1739 1960 1789 qui-

139 1801 246 1840 dem
276 1802 315 1838 in
345 1806 495 1849 mente,
536 1803 610 1839 nisi
649 1814 697 1841 ea
725 1803 896 1848 ratione,
939 1812 1017 1850 qua
1054 1804 1181 1846 ceter-a
1211 1799 1450 1838 universalia
1486 1802 1576 1836 sunt
1613 1799 1652 1836 in
1683 1802 1832 1845 mente,
1871 1807 1959 1835 cum

162 1860 354 1898 essentiae
385 1860 527 1909 ipsius,
566 1872 693 1899 rerum
724 1859 926 1899 sensilium
957 1858 1209 1908 singularium
1241 1859 1391 1908 species
1421 1868 1489 1908 per
1521 1855 1783 1896 definitionem
1813 1855 1959 1894 forma-

159 1923 223 1959 tur
256 1919 294 1954 in
323 1924 475 1965 mente,
518 1920 650 1968 itaque
691 1921 821 1969 priora
853 1917 1008 1967 quidem
1050 1929 1134 1955 esse
1165 1916 1373 1955 sensilibus
1410 1921 1449 1953 et
1478 1914 1650 1953 abstrahi
1688 1908 1714 1954 a
1741 1913 1959 1960 sensilibus,

153 1978 203 2014 'at
233 1987 312 2013 non
342 1988 403 2024 re,
436 1976 503 2014 sed
546 1982 735 2026 conceptu
767 1977 918 2015 mentis.
979 1974 1055 2014 Ubi
1095 1974 1331 2023 notandum,
1377 1972 1482 2024 quod
1512 1972 1762 2020 Aristoteles,
1805 1972 1958 2022 quoties

160 2035 239 2072 sere
264 2045 352 2086 ⁴usu
391 2035 499 2072 venit
538 2041 581 2072 ut
611 2036 783 2074 nominet
823 2044 1008 2085 generum
1038 2033 1398 2072 mathematicorum
1439 2043 1558 2069 unum
1595 2029 1754 2082 aliquod
1793 2030 1960 2080 exempli

96 2144 99 2147 .
160 2093 299 2142 gratia,
333 2104 483 2143 semper
514 2098 582 2131 aut
612 2093 799 2143 punctum
830 2093 1014 2140 nominet,
1047 2096 1114 2129 aut
1144 2091 1298 2140 lineam,
1331 2095 1400 2128 aut
1425 2089 1678 2140 superficiem,
1710 2094 1960 2139 anteorpus,

162 2155 232 2189 aut
261 2162 486 2199 numerum,
518 2163 620 2201 quae
651 2156 741 2190 sunt
771 2153 809 2189 in
840 2150 1155 2201 praedicamento
1187 2149 1415 2200 quantitatis
1447 2159 1598 2194 summa
1618 2142 1790 2198 ⁴genera3
1832 2158 1960 2198 quan·
1981 2155 1992 2162 “

160 2211 316 2247 titatum
347 2221 453 2257 vero,
486 2211 523 2246 in
557 2216 744 2259 quantum
777 2214 866 2248 sunt
896 2209 1041 2256 figurae
1073 2213 1112 2246 et
1142 2208 1180 2244 in
1203 2214 1341 2257 quarta
1362 2208 1490 2256 specie
1513 2206 1712 2258 qualitatis
1744 2203 1832 2259 (ubi
1852 2203 1985 2244 aliud.

155 2273 223 2306 est
253 2269 423 2322 ipsarum
454 2268 677 2316 materiale,
711 2269 929 2318 quantitas,
963 2265 1068 2304 aliud
1100 2266 1278 2311 formale,
1312 2262 1454 2318 figura)
1493 2276 1561 2314 per
1590 2264 1661 2303 has
1691 2261 1848 2314 quidem
1878 2262 1961 2301 dis-

160 2328 386 2376 putationes
427 2326 470 2364 fit
501 2328 645 2365 mentio
683 2328 896 2372 rarissima,
940 2326 978 2361 in
1010 2329 1197 2373 quantum
1240 2323 1468 2370 relationes,
1511 2322 1626 2373 plane
1662 2320 1786 2361 nulla.
1847 2321 1959 2360 Adeo
1992 2320 1994 2322 ’

163 2383 320 2434 quidem
353 2386 469 2423 etiam
499 2385 762 2424 harmonicam
793 2385 994 2423 scientiam
1024 2383 1133 2431 ponit
1164 2382 1356 2432 speculari
1389 2382 1436 2420 de
1466 2381 1575 2419 nulla
1592 2393 1663 2431 re,
1702 2381 1786 2419 nisi
1807 2379 1854 2433 de
1885 2391 1960 2418 vo-

163 2443 272 2481 cibus
304 2442 429 2492 deque
462 2444 508 2481 iis
539 2455 615 2481 non
648 2443 771 2491 aliter,
804 2443 878 2480 nisi
909 2442 946 2478 in
980 2445 1165 2490 quantum
1198 2440 1286 2478 illae
1307 2445 1408 2490 sunt
1438 2439 1576 2482 lineae.
1592 2431 1722 2490 plane
1752 2443 1796 2476 ut
1817 2438 1959 2488 optica.

165 2502 226 2539 De
256 2501 472 2539 intervallis
504 2512 597 2539 vero
627 2501 827 2549 linearum,
861 2511 961 2549 quae
992 2503 1081 2537 sunt
1109 2500 1306 2548 proportio
1337 2497 1489 2550 (relatio
1512 2498 1703 2544 nimirum,
1737 2501 1774 2536 et
1795 2508 1841 2535 ea
1872 2497 1961 2546 qui-

166 2559 252 2598 dem
285 2558 520 2608 qualitativa
553 2564 591 2597 et
621 2557 812 2610 figurata),
845 2571 892 2597 ne
924 2558 1092 2596 somniat
1122 2556 1277 2605 quidem
1308 2568 1477 2605 unquam
1504 2555 1743 2594 Aristoteles.
1802 2553 1961 2592 Nullum

164 2619 297 2667 itaque
329 2616 489 2655 dubium
523 2622 603 2664 est,
643 2619 734 2666 quin
767 2618 928 2655 ulterius
960 2626 1234 2665 progressurus
1271 2614 1385 2653 suerit
1416 2617 1453 2652 in
1485 2614 1559 2652 hac
1599 2613 1887 2664 speculatione,
1929 2611 1961 2650 si

164 2675 449 2714 mathematicis
479 2674 794 2725 profundioribus
824 2674 887 2727 (de
918 2672 1168 2711 intellectuali
1208 2672 1413 2722 figurarum
1453 2671 1697 2722 possibilium
1739 2672 1962 2720 et·impos-

165 2734 335 2773 sibilium
367 2734 594 2781 differentia,
627 2745 705 2783 qua
736 2733 782 2771 de
814 2744 884 2770 nos
916 2732 1065 2781 egimus
1098 2731 1198 2769 libro
1220 2729 1268 2783 Ι.)
1298 2731 1434 2770 fuisset
1454 2731 1636 2769 imbutus.
1697 2729 1743 2767 ln
1775 2733 1985 2779 quantum,

166 2794 283 2842 igitur
313 2792 360 2830 de
391 2793 551 2831 summis
583 2793 810 2842 quantitatis
841 2790 1047 2840 generibus
1081 2789 1272 2839 disputat,
1316 2789 1429 2828 facile
1461 2789 1600 2835 vincit,
1632 2784 1785 2827 nemine
1815 2797 1959 2853 repug-

168 2855 308 2899 nante3
341 2850 444 2900 quod
476 2862 567 2889 vero
598 2851 638 2887 in
669 2851 890 2888 universum
924 2850 1043 2892 (etiam
1069 2849 1113 2884 de
1141 2849 1330 2894 speciebus
1355 2847 1548 2885 individuis
1574 2841 1819 2890 [formaliter]
1834 2850 1874 2881 ut
1898 2845 1964 2881 cir-

168 2910 266 2952 culo,
303 2911 443 2955 trigono
472 2913 562 2956 Qetc)
589 2907 785 2946 concludit
818 2913 855 2944 et
885 2906 1091 2944 Platonem
1131 2905 1334 2950 stultitiae
1356 2905 1493 2955 hujus,
1533 2916 1649 2952 quam
1680 2904 1763 2952 ipse
1801 2902 1872 2938 sibi
1907 2903 1994 2940 est⁴

168 2966 416 3014 imaginatus,
450 2979 555 3004 reum
587 2968 758 3016 peragit,
803 2964 969 3013 denique
1006 2963 1109 3013 quod
1148 2965 1323 3013 picturae
1354 2962 1580 3001 Platonicae
1623 2962 1669 2999 de
1700 2971 1820 3010 puero
1851 2974 1964 2998 αυτο-
1990 2968 1994 2991 ῑ

174 3026 338 3073 διδακτῳ
370 3025 451 3073 ipse
484 3026 645 3075 opponit
674 3025 863 3074 picturam
896 3022 1150 3069 contrariam,
1189 3027 1357 3060 mentem
1387 3031 1562 3059 asserens
1599 3031 1639 3058 se
1671 3020 1756 3068 ipsa
1787 3028 1987 3062 vacuam,

170 3090 246 3117 non
278 3085 427 3119 tantum
460 3083 693 3133 cognitionis
726 3087 877 3121 ceterae
919 3086 958 3118 et
987 3079 1344 3119 mathematicorum
1376 3089 1579 3129 generum,
1625 3075 1692 3115 sed
1728 3077 1844 3116 etiam
1873 3085 1965 3125 spe-
