1950 3294
655 974 1268 1032 PROOEMIUM.

243 1192 408 1266 lepleri
452 1215 540 1254 libri
583 1217 686 1266 typis
729 1216 920 1266 expressi,
965 1226 1054 1253 cum
1095 1214 1264 1252 maxima
1307 1225 1356 1253 ex
1403 1216 1513 1263 parte
1556 1211 1774 1262 pertineant
1810 1208 1859 1248 ad

84 1276 376 1321 astronomiam,
417 1278 545 1313 tamen
581 1274 631 1312 ad
669 1286 788 1312 unum
829 1285 962 1312 omnes
1001 1278 1228 1323 argumento
1269 1276 1386 1319 sunt,
1418 1275 1564 1320 quanto
1604 1268 1733 1307 studio
1770 1279 1861 1305 ver-

84 1334 230 1372 saverit
267 1332 467 1379 classicos,
505 1343 603 1381 quos
639 1337 797 1379 vocant,
834 1332 1039 1381 scriptores
1072 1336 1113 1369 et
1147 1336 1308 1380 quanta.
1329 1329 1442 1367 fuerit
1480 1328 1565 1378 ejus
1593 1325 1862 1378 philosophiae

85 1392 258 1429 scientia.
316 1389 439 1428 Plena
474 1395 565 1428 sunt
599 1392 730 1429 omnia
757 1391 958 1428 sententiis
996 1388 1244 1440 Graecorum,
1261 1388 1600 1436 Romanorumque
1635 1386 1863 1435 scriptorum

86 1453 126 1487 et
151 1453 371 1501 poetarum,
412 1452 583 1486 veterum
627 1448 982 1487 mathematicorum
1026 1451 1065 1485 et
1105 1452 1411 1485 astronomorum
1453 1443 1862 1495 philosophorumque,

79 1504 138 1550 ,ad
167 1500 249 1545 rein
273 1517 386 1545 suam
414 1505 653 1555 probandam
683 1508 821 1545 citatis.
892 1506 951 1544 Ex
980 1505 1158 1543 omnibns
1194 1505 1280 1554 ejus
1315 1503 1497 1554 operibus
1526 1502 1652 1541 elucet
1680 1501 1863 1550 studium,

87 1565 308 1603 recentioris
344 1565 482 1602 aetatis
517 1565 705 1603 rationem
742 1564 1062 1614 disciplinamque
1092 1562 1140 1601 ad
1171 1575 1230 1612 ea,
1270 1573 1371 1612 quae
1399 1566 1551 1600 veteres
1579 1565 1864 1610 perspexerant,

88 1621 276 1661 merendi
302 1620 539 1670 alteramque
565 1627 732 1660 aetatem
762 1622 885 1661 altera
913 1620 1128 1659 illustrandi
1159 1627 1198 1660 et
1227 1619 1459 1659 stabiliendi.
1503 1617 1745 1657 Gravissima
1764 1619 1865 1657 enim

90 1679 311 1718 Aristotelis
353 1689 487 1728 opera,
531 1691 608 1728 qua
650 1681 791 1730 scripta
830 1685 921 1717 sunt
958 1679 1112 1728 lingna,
1155 1679 1399 1717 lectitaverat
1438 1677 1599 1726 ejusque
1638 1677 1865 1726 interpretes

64 1734 78 1747 ⁷*
89 1738 236 1787 priores
264 1741 304 1777 et
331 1738 558 1786 posteriores
588 1737 721 1775 subtili
744 1737 892 1787 judicio
921 1739 1231 1785 examinaverat3
1270 1735 1446 1774 Platonis
1474 1746 1566 1773 vero
1596 1736 1753 1785 ingenio
1784 1739 1867 1773 erat

89 1795 309 1843 innutritus,
338 1799 378 1833 et
405 1806 506 1844 quae
535 1794 582 1833 de
602 1794 825 1845 Pythagora
854 1795 1016 1844 ejusque
1045 1793 1179 1833 schola
1208 1793 1264 1832 illi
1294 1794 1415 1832 aetati
1444 1792 1586 1830 tradita
1616 1798 1736 1842 erant,
1766 1803 1867 1842 quae

89 1853 142 1891 ab
181 1851 408 1902 aequalibus
446 1851 496 1890 de
536 1852 671 1891 schola
713 1854 790 1891 ista
829 1855 973 1902 scripta
1016 1857 1141 1900 erant,
1190 1853 1230 1889 in
1274 1863 1324 1891 ca
1365 1849 1636 1901 cognoscenda
1678 1850 1867 1900 quidquid

74 1910 280 1960 [reliquum
308 1915 392 1948 erat
418 1912 601 1959 temporis
630 1913 888 1950 astronomiae
918 1911 999 1949 dati
1028 1910 1288 1960 impendebat.
1342 1909 1563 1948 Sententiae
1594 1920 1686 1947 vero
1715 1908 1868 1959 Pytha-

91 1979 318 2017 goraeornm
347 1967 396 2006 de
424 1974 531 2006 motu
561 1980 762 2018 corporum
793 1969 1016 2008 coelestium
1049 1969 1099 2006 ab
1128 1967 1338 2007 Aristotele
1368 1974 1408 2006 et
1437 1967 1667 2005 Archimede
1695 1967 1868 2016 proditas

91 2027 231 2076 insigni
273 2037 364 2065 cura
406 2027 718 2075 prosequebatur,
762 2027 1138 2077 Pythagoricamque
1180 2027 1230 2065 ab
1276 2025 1484 2064 Aristotele
1527 2027 1655 2063 minus
1700 2024 1867 2063 dilucide

90 2083 270 2123 traditam
287 2095 414 2122 rerum
434 2086 693 2123 universitatis
712 2086 899 2124 rationem
916 2084 1108 2123 illustrare
1127 2090 1165 2124 et
1184 2084 1388 2123 emendare
1403 2083 1583 2122 studebat
1601 2084 1867 2133 notitiamque,

91 2147 247 2181 anctore
276 2141 487 2191 Gopernico
517 2142 568 2180 ab
597 2142 827 2181 Archimede
858 2142 1092 2190 desumtam,
1134 2154 1212 2192 qna
1241 2142 1401 2181 Terram
1430 2143 1531 2180 circa
1561 2140 1691 2179 Solem
1719 2143 1868 2179 moveri

92 2199 336 2238 Aristarchus
363 2199 541 2238 docuisse
571 2200 796 2249 crederetur,
840 2200 888 2239 ad
917 2200 1192 2239 stabiliendam
1220 2201 1524 2251 Copcmicanam
1553 2211 1679 2237 rerum
1708 2200 1867 2238 nniver-

92 2258 218 2295 sitatis
235 2260 432 2304 rationem,
462 2259 604 2308 quippe
623 2270 724 2307 quae
744 2270 831 2297 cum
851 2259 939 2297 aliis
958 2259 1096 2306 causis,
1128 2264 1208 2296 tum
1230 2264 1424 2297 vetustate
1443 2258 1609 2295 maxime
1630 2258 1868 2306 probaretur,

92 2320 353 2354 revocaverat.
412 2315 554 2353 Mirum
588 2322 717 2354 autem
753 2318 792 2353 in
829 2316 984 2355 modum
1014 2322 1141 2354 motus
1171 2321 1254 2356 erat
1282 2315 1441 2366 Kepleri
1470 2316 1622 2353 animus
1651 2315 1869 2354 mathema-

93 2374 188 2420 tica,
217 2384 242 2411 a
268 2372 548 2424 Pythagoraeis
589 2373 773 2422 adjuncta
807 2374 1085 2424 philosophicis
1122 2374 1527 2421 commentationibus,
1577 2374 1869 2422 quaestionibus

93 2441 226 2469 eorum
265 2429 313 2469 de
349 2433 514 2469 numeris
554 2437 592 2469 et
630 2432 677 2469 de
714 2444 777 2479 ea,
814 2443 915 2481 quae
950 2434 1049 2470 inter
1086 2431 1158 2470 hos
1188 2438 1226 2471 et
1256 2431 1480 2471 coelestium
1510 2431 1712 2480 corporum
1740 2436 1868 2470 motus

94 2487 356 2535 intercederet,
375 2490 534 2535 ratione,
567 2489 612 2527 de
632 2490 776 2527 tributa
793 2489 1076 2540 Pythagoraeis
1098 2496 1191 2538 arte,
1222 2501 1339 2528 sonos
1359 2490 1601 2528 harmonicos
1621 2489 1672 2526 ad
1690 2500 1868 2528 numeros

94 2545 299 2593 referendi,
339 2545 386 2584 de
423 2545 573 2584 illorum
609 2548 821 2597 geometria
850 2553 888 2586 et
916 2549 956 2584 in
987 2559 1033 2586 ea
1063 2547 1111 2586 de
1145 2548 1385 2598 regularibus
1425 2549 1591 2585 maxime
1630 2548 1869 2596 corporibus,
1913 2581 1926 2595 ,

95 2604 236 2653 quibus
258 2603 518 2653 Pythagoraei
547 2605 808 2654 symbolorum
837 2606 1088 2643 amantissimi
1115 2606 1323 2655 plurimum
1353 2606 1576 2644 tribuerunt.

235 2661 373 2710 Itaque
402 2661 609 2710 Keplerus,
646 2663 728 2712 jam
764 2663 854 2701 dum
893 2664 931 2700 in
967 2665 1172 2702 seminario
1211 2663 1432 2713 theologico
1461 2663 1702 2712 Tubingensi
1737 2661 1868 2711 philo-

40 2719 45 2722 ’
94 2718 256 2768 sophiae
291 2725 330 2757 et
363 2721 617 2758 astronomiae
654 2732 809 2770 operam
838 2720 923 2767 dat,
962 2726 1111 2759 erectus
1141 2723 1395 2773 cogitatione,
1435 2721 1659 2759 coelestium
1695 2725 1868 2758 motuum

96 2776 204 2826 leges
244 2776 295 2814 ad
332 2788 571 2814 communem
606 2789 779 2816 normam
817 2778 1126 2817 mathematicam
1164 2779 1371 2826 referendi,
1412 2790 1491 2818 rem
1527 2790 1552 2816 a
1586 2777 1868 2828 Pythagoraeis

97 2836 285 2873 tentatam
314 2840 353 2872 et
380 2836 463 2883 ipse
491 2846 695 2884 aggressus
726 2842 795 2875 est.
843 2835 1086 2885 Quamquam
1117 2837 1337 2876 dissertatio
1370 2836 1444 2885 „de
1460 2836 1600 2886 Luna“
1634 2847 1735 2874 anno
1758 2837 1867 2875 1593

97 2903 125 2930 a
152 2891 319 2941 Keplero
349 2893 574 2939 conscripta,
604 2893 713 2942 cnjus
741 2905 1015 2942 nonnunquam
1043 2896 1186 2933 mentio
1215 2895 1260 2932 fit
1289 2896 1368 2940 (cfr.
1384 2896 1464 2931 Vol.
1481 2897 1508 2930 Ι.
1525 2906 1559 2939 p.
1579 2895 1693 2931 1411.
1718 2906 1754 2940 p.
1770 2896 1867 2940 497),

13 2961 27 3000 12ss
98 2949 259 2988 formam
294 2951 417 2999 magis
453 2955 492 2988 et
532 2950 767 2999 superficiem
796 2951 930 2990 Lunae
967 2958 1162 3001 spectasse
1203 2958 1241 2991 et
1271 2951 1461 3000 quaedam
1491 2949 1539 2988 de
1567 2949 1703 2988 Lunae
1732 2950 1869 2988 incolis

0 3007 17 3054 ’ἶ
98 3006 237 3046 lusisse
256 3006 418 3055 videtur,
448 3009 641 3046 mentione
669 3012 796 3047 tamen
817 3009 1061 3059 Pythagorae
1090 3011 1233 3059 injecta
1261 3009 1517 3047 adolescentis
1547 3009 1719 3046 animum
1747 3007 1867 3046 Samii

101 3065 231 3114 magni
257 3049 503 3114 philosophia
527 3065 709 3114 jamtum
736 3071 881 3105 motum
902 3078 986 3106 esse
1004 3074 1176 3117 apparet.
1226 3068 1341 3105 Brevi
1363 3071 1453 3116 post
1472 3077 1587 3115 quarn
1609 3067 1868 3116 praeceptoris

1596 3133 1640 3166 1*
