<?xml version="1.0" encoding="UTF-8"?>
<!DOCTYPE html PUBLIC "-//W3C//DTD XHTML 1.0 Transitional//EN"
    "http://www.w3.org/TR/xhtml1/DTD/xhtml1-transitional.dtd">
<html xmlns="http://www.w3.org/1999/xhtml" xml:lang="en" lang="en">
 <head>
  <title>
</title>
<meta http-equiv="Content-Type" content="text/html;charset=utf-8" />
  <meta name='ocr-system' content='tesseract 3.04.00' />
  <meta name='ocr-capabilities' content='ocr_page ocr_carea ocr_par ocr_line ocrx_word'/>
</head>
<body>
  <div class='ocr_page' id='page_1' title='image "./operaomniaedidit05kepluoft_0340.png"; bbox 0 0 1994 3276; ppageno 0'>
   <div class='ocr_carea' id='block_1_1' title="bbox 129 100 1403 145">
    <p class='ocr_par' dir='ltr' id='par_1_1' title="bbox 129 100 1403 145">
     <span class='ocr_line' id='line_1_1' title="bbox 129 100 1403 145; baseline -0.001 -6"><span class='ocrx_word' id='word_1_1' title='bbox 129 105 211 145; x_wconf 73' lang='lat'><strong>322</strong></span> <span class='ocrx_word' id='word_1_2' title='bbox 299 102 301 104; x_wconf 82' lang='grc'><strong>’</strong></span> <span class='ocrx_word' id='word_1_3' title='bbox 641 101 695 137; x_wconf 91' lang='lat' dir='ltr'><strong>De</strong></span> <span class='ocrx_word' id='word_1_4' title='bbox 719 101 882 138; x_wconf 84' lang='lat' dir='ltr'><strong>Motibus</strong></span> <span class='ocrx_word' id='word_1_5' title='bbox 906 100 1141 138; x_wconf 62' lang='lat' dir='ltr'><strong>Phnetarum</strong></span> <span class='ocrx_word' id='word_1_6' title='bbox 1164 101 1403 138; x_wconf 88' lang='lat' dir='ltr'><strong>Harmonicis.</strong></span> 
     </span>
    </p>
   </div>
   <div class='ocr_carea' id='block_1_2' title="bbox 127 219 1937 2722">
    <p class='ocr_par' dir='ltr' id='par_1_2' title="bbox 127 219 1931 1089">
     <span class='ocr_line' id='line_1_2' title="bbox 128 219 1926 272; baseline 0.001 -13"><span class='ocrx_word' id='word_1_7' title='bbox 128 220 334 259; x_wconf 83' lang='lat' dir='ltr'><strong>mabantur</strong></span> <span class='ocrx_word' id='word_1_8' title='bbox 377 219 428 259; x_wconf 84' lang='lat' dir='ltr'><strong>ab</strong></span> <span class='ocrx_word' id='word_1_9' title='bbox 458 221 507 258; x_wconf 86' lang='lat' dir='ltr'><strong>iis</strong></span> <span class='ocrx_word' id='word_1_10' title='bbox 538 220 746 259; x_wconf 80' lang='lat' dir='ltr'><strong>intervalla</strong></span> <span class='ocrx_word' id='word_1_11' title='bbox 764 232 832 272; x_wconf 85' lang='lat' dir='ltr'><strong>per</strong></span> <span class='ocrx_word' id='word_1_12' title='bbox 851 220 1148 272; x_wconf 78' lang='lat' dir='ltr'><strong>adscriptionem</strong></span> <span class='ocrx_word' id='word_1_13' title='bbox 1171 220 1410 269; x_wconf 80' lang='lat' dir='ltr'><strong>circulorum,</strong></span> <span class='ocrx_word' id='word_1_14' title='bbox 1441 221 1510 261; x_wconf 87' lang='lat' dir='ltr'><strong>sed</strong></span> <span class='ocrx_word' id='word_1_15' title='bbox 1528 221 1659 260; x_wconf 82' lang='lat' dir='ltr'><strong>adhue</strong></span> <span class='ocrx_word' id='word_1_16' title='bbox 1685 221 1801 263; x_wconf 62' lang='lat' dir='ltr'><strong>nulle</strong></span> <span class='ocrx_word' id='word_1_17' title='bbox 1824 227 1926 261; x_wconf 86' lang='lat' dir='ltr'><strong>certo</strong></span> 
     </span>
     <span class='ocr_line' id='line_1_3' title="bbox 127 277 1929 332; baseline 0.002 -17"><span class='ocrx_word' id='word_1_18' title='bbox 127 285 301 318; x_wconf 87' lang='lat' dir='ltr'><strong>numero.</strong></span> <span class='ocrx_word' id='word_1_19' title='bbox 345 277 515 317; x_wconf 81' lang='lat' dir='ltr'><strong>Ventum</strong></span> <span class='ocrx_word' id='word_1_20' title='bbox 546 278 597 317; x_wconf 87' lang='lat' dir='ltr'><strong>ad</strong></span> <span class='ocrx_word' id='word_1_21' title='bbox 626 280 798 329; x_wconf 79' lang='lat' dir='ltr'><strong>quinque</strong></span> <span class='ocrx_word' id='word_1_22' title='bbox 828 279 994 329; x_wconf 67' lang='lat' dir='ltr'><strong>solidas,</strong></span> <span class='ocrx_word' id='word_1_23' title='bbox 1025 280 1087 318; x_wconf 87' lang='lat' dir='ltr'><strong>hie</strong></span> <span class='ocrx_word' id='word_1_24' title='bbox 1119 285 1156 318; x_wconf 88' lang='lat' dir='ltr'><strong>et</strong></span> <span class='ocrx_word' id='word_1_25' title='bbox 1186 291 1369 318; x_wconf 88' lang='lat' dir='ltr'><strong>numerus</strong></span> <span class='ocrx_word' id='word_1_26' title='bbox 1398 291 1601 332; x_wconf 74' lang='lat' dir='ltr'><strong>corporum</strong></span> <span class='ocrx_word' id='word_1_27' title='bbox 1629 285 1669 318; x_wconf 78' lang='lat' dir='ltr'><strong>et</strong></span> <span class='ocrx_word' id='word_1_28' title='bbox 1698 280 1929 320; x_wconf 66' lang='lat' dir='ltr'><strong>intervallo-</strong></span> 
     </span>
     <span class='ocr_line' id='line_1_4' title="bbox 127 336 1927 390; baseline 0.001 -16"><span class='ocrx_word' id='word_1_29' title='bbox 127 348 213 375; x_wconf 91' lang='lat' dir='ltr'><strong>rum</strong></span> <span class='ocrx_word' id='word_1_30' title='bbox 239 336 467 386; x_wconf 86' lang='lat' dir='ltr'>magnitudo</span> <span class='ocrx_word' id='word_1_31' title='bbox 507 348 628 388; x_wconf 82' lang='lat' dir='ltr'>prope</span> <span class='ocrx_word' id='word_1_32' title='bbox 667 349 760 376; x_wconf 90' lang='lat' dir='ltr'><strong>vera</strong></span> <span class='ocrx_word' id='word_1_33' title='bbox 795 338 977 389; x_wconf 83' lang='lat' dir='ltr'><strong>patebat,</strong></span> <span class='ocrx_word' id='word_1_34' title='bbox 1018 338 1118 376; x_wconf 83' lang='lat' dir='ltr'><strong>adeo</strong></span> <span class='ocrx_word' id='word_1_35' title='bbox 1158 346 1199 375; x_wconf 89' lang='lat' dir='ltr'><strong>ut</strong></span> <span class='ocrx_word' id='word_1_36' title='bbox 1238 349 1353 388; x_wconf 85' lang='lat' dir='ltr'><strong>super</strong></span> <span class='ocrx_word' id='word_1_37' title='bbox 1392 339 1542 388; x_wconf 86' lang='lat' dir='ltr'><strong>reliqua</strong></span> <span class='ocrx_word' id='word_1_38' title='bbox 1579 338 1840 390; x_wconf 63' lang='lat' dir='ltr'><strong>discrepantia</strong></span> <span class='ocrx_word' id='word_1_39' title='bbox 1877 338 1927 377; x_wconf 89' lang='lat' dir='ltr'><strong>ad</strong></span> 
     </span>
     <span class='ocr_line' id='line_1_5' title="bbox 128 395 1927 447; baseline 0.001 -14"><span class='ocrx_word' id='word_1_40' title='bbox 128 396 388 434; x_wconf 71' lang='lat' dir='ltr'><strong>astronomiae</strong></span> <span class='ocrx_word' id='word_1_41' title='bbox 419 396 696 446; x_wconf 77' lang='lat' dir='ltr'><strong>perfectionem</strong></span> <span class='ocrx_word' id='word_1_42' title='bbox 727 395 975 447; x_wconf 69' lang='lat' dir='ltr'>appellarem.</span> <span class='ocrx_word' id='word_1_43' title='bbox 1038 395 1216 434; x_wconf 84' lang='lat' dir='ltr'><strong>Perfecta</strong></span> <span class='ocrx_word' id='word_1_44' title='bbox 1249 397 1321 434; x_wconf 87' lang='lat' dir='ltr'><strong>suit</strong></span> <span class='ocrx_word' id='word_1_45' title='bbox 1350 396 1410 440; x_wconf 82' lang='lat' dir='ltr'><strong>his</strong></span> <span class='ocrx_word' id='word_1_46' title='bbox 1442 398 1496 435; x_wconf 79' lang='lat'><strong>20</strong></span> <span class='ocrx_word' id='word_1_47' title='bbox 1527 398 1639 435; x_wconf 88' lang='lat' dir='ltr'><strong>annis</strong></span> <span class='ocrx_word' id='word_1_48' title='bbox 1669 399 1927 444; x_wconf 79' lang='lat' dir='ltr'><strong>astronomia;</strong></span> 
     </span>
     <span class='ocr_line' id='line_1_6' title="bbox 128 453 1909 507; baseline 0.001 -15"><span class='ocrx_word' id='word_1_49' title='bbox 128 458 167 492; x_wconf 90' lang='lat' dir='ltr'><strong>et</strong></span> <span class='ocrx_word' id='word_1_50' title='bbox 197 465 286 493; x_wconf 87' lang='lat' dir='ltr'><strong>ecce</strong></span> <span class='ocrx_word' id='word_1_51' title='bbox 318 453 447 492; x_wconf 86' lang='lat' dir='ltr'><strong>adhuc</strong></span> <span class='ocrx_word' id='word_1_52' title='bbox 467 453 674 493; x_wconf 84' lang='lat' dir='ltr'><strong>intervalla</strong></span> <span class='ocrx_word' id='word_1_53' title='bbox 695 453 966 506; x_wconf 78' lang='lat' dir='ltr'><strong>discrepabant</strong></span> <span class='ocrx_word' id='word_1_54' title='bbox 987 465 1011 492; x_wconf 91' lang='lat' dir='ltr'><strong>a</strong></span> <span class='ocrx_word' id='word_1_55' title='bbox 1039 453 1173 504; x_wconf 85' lang='lat' dir='ltr'><strong>figuris</strong></span> <span class='ocrx_word' id='word_1_56' title='bbox 1203 454 1351 502; x_wconf 86' lang='lat' dir='ltr'><strong>solidis,</strong></span> <span class='ocrx_word' id='word_1_57' title='bbox 1383 455 1547 494; x_wconf 76' lang='lat' dir='ltr'><strong>necdum</strong></span> <span class='ocrx_word' id='word_1_58' title='bbox 1567 466 1710 494; x_wconf 82' lang='lat' dir='ltr'><strong>causae</strong></span> <span class='ocrx_word' id='word_1_59' title='bbox 1741 457 1909 507; x_wconf 85' lang='lat' dir='ltr'><strong>pateban</strong></span> 
     </span>
     <span class='ocr_line' id='line_1_7' title="bbox 129 511 1928 564; baseline 0.001 -14"><span class='ocrx_word' id='word_1_60' title='bbox 129 513 459 551; x_wconf 84' lang='lat' dir='ltr'><strong>eecentricitatum</strong></span> <span class='ocrx_word' id='word_1_61' title='bbox 500 511 816 562; x_wconf 84' lang='lat' dir='ltr'><strong>inaequalissime</strong></span> <span class='ocrx_word' id='word_1_62' title='bbox 857 512 1150 551; x_wconf 85' lang='lat' dir='ltr'><strong>distributarum</strong></span> <span class='ocrx_word' id='word_1_63' title='bbox 1195 515 1294 553; x_wconf 88' lang='lat' dir='ltr'><strong>inter</strong></span> <span class='ocrx_word' id='word_1_64' title='bbox 1331 513 1518 564; x_wconf 80' lang='lat' dir='ltr'><strong>planetas.</strong></span> <span class='ocrx_word' id='word_1_65' title='bbox 1579 513 1739 553; x_wconf 76' lang='lat' dir='ltr'><strong>Scilicet</strong></span> <span class='ocrx_word' id='word_1_66' title='bbox 1774 516 1813 551; x_wconf 88' lang='lat' dir='ltr'><strong>in</strong></span> <span class='ocrx_word' id='word_1_67' title='bbox 1854 513 1928 552; x_wconf 86' lang='lat' dir='ltr'><strong>hac</strong></span> 
     </span>
     <span class='ocr_line' id='line_1_8' title="bbox 130 569 1928 622; baseline 0.001 -14"><span class='ocrx_word' id='word_1_68' title='bbox 130 570 265 612; x_wconf 87' lang='lat' dir='ltr'><strong>mundi</strong></span> <span class='ocrx_word' id='word_1_69' title='bbox 296 569 410 608; x_wconf 88' lang='lat' dir='ltr'><strong>domo</strong></span> <span class='ocrx_word' id='word_1_70' title='bbox 442 571 678 620; x_wconf 78' lang='lat' dir='ltr'><strong>quaerebam</strong></span> <span class='ocrx_word' id='word_1_71' title='bbox 706 571 762 608; x_wconf 87' lang='lat' dir='ltr'><strong>nil</strong></span> <span class='ocrx_word' id='word_1_72' title='bbox 801 572 875 609; x_wconf 90' lang='lat' dir='ltr'><strong>nisi</strong></span> <span class='ocrx_word' id='word_1_73' title='bbox 912 583 1030 619; x_wconf 87' lang='lat' dir='ltr'><strong>saxa,</strong></span> <span class='ocrx_word' id='word_1_74' title='bbox 1070 571 1219 610; x_wconf 87' lang='lat' dir='ltr'><strong>formae</strong></span> <span class='ocrx_word' id='word_1_75' title='bbox 1259 572 1528 621; x_wconf 81' lang='lat' dir='ltr'><strong>elegantioris,</strong></span> <span class='ocrx_word' id='word_1_76' title='bbox 1569 571 1638 611; x_wconf 82' lang='lat' dir='ltr'><strong>sed</strong></span> <span class='ocrx_word' id='word_1_77' title='bbox 1683 583 1785 622; x_wconf 85' lang='lat' dir='ltr'><strong>quae</strong></span> <span class='ocrx_word' id='word_1_78' title='bbox 1823 573 1928 610; x_wconf 85' lang='lat' dir='ltr'><strong>saxis</strong></span> 
     </span>
     <span class='ocr_line' id='line_1_9' title="bbox 132 628 1929 681; baseline 0.001 -15"><span class='ocrx_word' id='word_1_79' title='bbox 132 630 370 677; x_wconf 87' lang='lat' dir='ltr'><strong>conveniret,</strong></span> <span class='ocrx_word' id='word_1_80' title='bbox 403 630 572 678; x_wconf 87' lang='lat' dir='ltr'><strong>ignarus,</strong></span> <span class='ocrx_word' id='word_1_81' title='bbox 605 628 870 668; x_wconf 88' lang='lat' dir='ltr'><strong>Architectum</strong></span> <span class='ocrx_word' id='word_1_82' title='bbox 901 630 968 668; x_wconf 89' lang='lat' dir='ltr'><strong>illa</strong></span> <span class='ocrx_word' id='word_1_83' title='bbox 998 629 1156 668; x_wconf 86' lang='lat' dir='ltr'><strong>finxisse</strong></span> <span class='ocrx_word' id='word_1_84' title='bbox 1188 632 1226 667; x_wconf 92' lang='lat' dir='ltr'><strong>in</strong></span> <span class='ocrx_word' id='word_1_85' title='bbox 1257 631 1614 669; x_wconf 86' lang='lat' dir='ltr'><strong>articulatissimam</strong></span> <span class='ocrx_word' id='word_1_86' title='bbox 1643 630 1814 681; x_wconf 77' lang='lat' dir='ltr'><strong>effigiem</strong></span> <span class='ocrx_word' id='word_1_87' title='bbox 1842 632 1929 668; x_wconf 77' lang='lat' dir='ltr'><strong>ani-</strong></span> 
     </span>
     <span class='ocr_line' id='line_1_10' title="bbox 127 687 1930 739; baseline 0.001 -14"><span class='ocrx_word' id='word_1_88' title='bbox 127 689 223 726; x_wconf 87' lang='lat' dir='ltr'><strong>mati</strong></span> <span class='ocrx_word' id='word_1_89' title='bbox 253 688 437 738; x_wconf 85' lang='lat' dir='ltr'><strong>corporis.</strong></span> <span class='ocrx_word' id='word_1_90' title='bbox 496 687 560 726; x_wconf 88' lang='lat' dir='ltr'><strong>Ita</strong></span> <span class='ocrx_word' id='word_1_91' title='bbox 589 687 791 738; x_wconf 83' lang='lat' dir='ltr'><strong>paulatim,</strong></span> <span class='ocrx_word' id='word_1_92' title='bbox 824 688 885 725; x_wconf 88' lang='lat' dir='ltr'><strong>his</strong></span> <span class='ocrx_word' id='word_1_93' title='bbox 917 689 1142 739; x_wconf 87' lang='lat' dir='ltr'><strong>praesertim</strong></span> <span class='ocrx_word' id='word_1_94' title='bbox 1175 688 1320 727; x_wconf 77' lang='lat' dir='ltr'><strong>ultimis</strong></span> <span class='ocrx_word' id='word_1_95' title='bbox 1351 691 1376 728; x_wconf 85' lang='lat'><strong>3</strong></span> <span class='ocrx_word' id='word_1_96' title='bbox 1408 690 1532 736; x_wconf 72' lang='lat' dir='ltr'><strong>eume,</strong></span> <span class='ocrx_word' id='word_1_97' title='bbox 1563 693 1724 728; x_wconf 84' lang='lat' dir='ltr'><strong>ventum</strong></span> <span class='ocrx_word' id='word_1_98' title='bbox 1752 687 1806 727; x_wconf 83' lang='lat' dir='ltr'><strong>ad</strong></span> <span class='ocrx_word' id='word_1_99' title='bbox 1835 688 1930 727; x_wconf 85' lang='lat' dir='ltr'><strong>har-</strong></span> 
     </span>
     <span class='ocr_line' id='line_1_11' title="bbox 128 745 1930 797; baseline 0 -13"><span class='ocrx_word' id='word_1_100' title='bbox 128 746 301 792; x_wconf 86' lang='lat' dir='ltr'><strong>monias,</strong></span> <span class='ocrx_word' id='word_1_101' title='bbox 344 745 506 784; x_wconf 84' lang='lat' dir='ltr'><strong>desertis</strong></span> <span class='ocrx_word' id='word_1_102' title='bbox 537 747 640 785; x_wconf 86' lang='lat' dir='ltr'><strong>circa</strong></span> <span class='ocrx_word' id='word_1_103' title='bbox 668 747 827 784; x_wconf 88' lang='lat' dir='ltr'><strong>minima</strong></span> <span class='ocrx_word' id='word_1_104' title='bbox 857 746 990 795; x_wconf 86' lang='lat' dir='ltr'><strong>figuris</strong></span> <span class='ocrx_word' id='word_1_105' title='bbox 1032 746 1187 793; x_wconf 84' lang='lat' dir='ltr'><strong>solidis,</strong></span> <span class='ocrx_word' id='word_1_106' title='bbox 1231 758 1318 785; x_wconf 89' lang='lat' dir='ltr'><strong>eum</strong></span> <span class='ocrx_word' id='word_1_107' title='bbox 1350 749 1442 797; x_wconf 89' lang='lat' dir='ltr'><strong>quia</strong></span> <span class='ocrx_word' id='word_1_108' title='bbox 1472 746 1562 785; x_wconf 88' lang='lat' dir='ltr'><strong>illae</strong></span> <span class='ocrx_word' id='word_1_109' title='bbox 1593 748 1750 786; x_wconf 79' lang='lat' dir='ltr'><strong>stabant</strong></span> <span class='ocrx_word' id='word_1_110' title='bbox 1782 758 1806 786; x_wconf 84' lang='lat' dir='ltr'><strong>a</strong></span> <span class='ocrx_word' id='word_1_111' title='bbox 1836 758 1930 797; x_wconf 86' lang='lat' dir='ltr'><strong>par·-</strong></span> 
     </span>
     <span class='ocr_line' id='line_1_12' title="bbox 129 804 1928 856; baseline 0 -14"><span class='ocrx_word' id='word_1_112' title='bbox 129 804 233 843; x_wconf 87' lang='lat' dir='ltr'><strong>tibus</strong></span> <span class='ocrx_word' id='word_1_113' title='bbox 268 804 434 852; x_wconf 81' lang='lat' dir='ltr'><strong>formae,</strong></span> <span class='ocrx_word' id='word_1_114' title='bbox 481 816 599 854; x_wconf 84' lang='lat' dir='ltr'><strong>quam</strong></span> <span class='ocrx_word' id='word_1_115' title='bbox 639 804 777 842; x_wconf 88' lang='lat' dir='ltr'><strong>ultima</strong></span> <span class='ocrx_word' id='word_1_116' title='bbox 816 816 953 842; x_wconf 83' lang='lat' dir='ltr'><strong>manus</strong></span> <span class='ocrx_word' id='word_1_117' title='bbox 990 805 1225 855; x_wconf 85' lang='lat' dir='ltr'><strong>imponeret,</strong></span> <span class='ocrx_word' id='word_1_118' title='bbox 1265 805 1412 856; x_wconf 86' lang='lat' dir='ltr'><strong>figurae</strong></span> <span class='ocrx_word' id='word_1_119' title='bbox 1453 818 1478 844; x_wconf 88' lang='lat' dir='ltr'><strong>a</strong></span> <span class='ocrx_word' id='word_1_120' title='bbox 1519 807 1698 854; x_wconf 84' lang='lat' dir='ltr'><strong>materia,</strong></span> <span class='ocrx_word' id='word_1_121' title='bbox 1743 817 1843 856; x_wconf 82' lang='lat' dir='ltr'><strong>quae</strong></span> <span class='ocrx_word' id='word_1_122' title='bbox 1890 807 1928 843; x_wconf 88' lang='lat' dir='ltr'><strong>in</strong></span> 
     </span>
     <span class='ocr_line' id='line_1_13' title="bbox 130 862 1928 915; baseline 0 -14"><span class='ocrx_word' id='word_1_123' title='bbox 130 862 277 902; x_wconf 85' lang='lat' dir='ltr'><strong>mundo</strong></span> <span class='ocrx_word' id='word_1_124' title='bbox 309 868 368 901; x_wconf 90' lang='lat' dir='ltr'><strong>est</strong></span> <span class='ocrx_word' id='word_1_125' title='bbox 397 873 578 902; x_wconf 83' lang='lat' dir='ltr'><strong>numerus</strong></span> <span class='ocrx_word' id='word_1_126' title='bbox 609 874 812 912; x_wconf 86' lang='lat' dir='ltr'><strong>corporum</strong></span> <span class='ocrx_word' id='word_1_127' title='bbox 843 868 882 901; x_wconf 91' lang='lat' dir='ltr'><strong>et</strong></span> <span class='ocrx_word' id='word_1_128' title='bbox 910 864 1126 912; x_wconf 86' lang='lat' dir='ltr'><strong>spatiorum</strong></span> <span class='ocrx_word' id='word_1_129' title='bbox 1158 864 1263 901; x_wconf 89' lang='lat' dir='ltr'><strong>rudis</strong></span> <span class='ocrx_word' id='word_1_130' title='bbox 1294 863 1531 915; x_wconf 77' lang='lat' dir='ltr'><strong>amplitudo,</strong></span> <span class='ocrx_word' id='word_1_131' title='bbox 1573 870 1655 904; x_wconf 78' lang='lat' dir='ltr'><strong>tum</strong></span> <span class='ocrx_word' id='word_1_132' title='bbox 1688 864 1804 903; x_wconf 71' lang='lat' dir='ltr'><strong>etiam</strong></span> <span class='ocrx_word' id='word_1_133' title='bbox 1835 865 1928 913; x_wconf 86' lang='lat' dir='ltr'><strong>quia</strong></span> 
     </span>
     <span class='ocr_line' id='line_1_14' title="bbox 129 921 1931 973; baseline 0.001 -15"><span class='ocrx_word' id='word_1_134' title='bbox 129 921 223 960; x_wconf 87' lang='lat' dir='ltr'><strong>illae</strong></span> <span class='ocrx_word' id='word_1_135' title='bbox 254 921 400 960; x_wconf 86' lang='lat' dir='ltr'><strong>dabant</strong></span> <span class='ocrx_word' id='word_1_136' title='bbox 432 921 757 970; x_wconf 85' lang='lat' dir='ltr'><strong>eccentricitates,</strong></span> <span class='ocrx_word' id='word_1_137' title='bbox 797 933 894 971; x_wconf 87' lang='lat' dir='ltr'><strong>quas</strong></span> <span class='ocrx_word' id='word_1_138' title='bbox 927 921 1000 960; x_wconf 87' lang='lat' dir='ltr'><strong>hae</strong></span> <span class='ocrx_word' id='word_1_139' title='bbox 1030 933 1079 959; x_wconf 91' lang='lat' dir='ltr'><strong>ne</strong></span> <span class='ocrx_word' id='word_1_140' title='bbox 1117 921 1402 971; x_wconf 81' lang='lat' dir='ltr'><strong>pollicebantur</strong></span> <span class='ocrx_word' id='word_1_141' title='bbox 1432 922 1610 973; x_wconf 82' lang='lat' dir='ltr'><strong>quidem3</strong></span> <span class='ocrx_word' id='word_1_142' title='bbox 1653 921 1744 960; x_wconf 83' lang='lat' dir='ltr'><strong>illae</strong></span> <span class='ocrx_word' id='word_1_143' title='bbox 1781 922 1931 961; x_wconf 70' lang='lat' dir='ltr'><strong>scilieet</strong></span> 
     </span>
     <span class='ocr_line' id='line_1_15' title="bbox 130 978 1929 1030; baseline 0 -12"><span class='ocrx_word' id='word_1_144' title='bbox 130 991 290 1027; x_wconf 86' lang='lat' dir='ltr'><strong>nasum,</strong></span> <span class='ocrx_word' id='word_1_145' title='bbox 331 978 464 1018; x_wconf 85' lang='lat' dir='ltr'><strong>oculos</strong></span> <span class='ocrx_word' id='word_1_146' title='bbox 506 984 544 1018; x_wconf 90' lang='lat' dir='ltr'><strong>et</strong></span> <span class='ocrx_word' id='word_1_147' title='bbox 584 979 734 1029; x_wconf 87' lang='lat' dir='ltr'><strong>reliqua</strong></span> <span class='ocrx_word' id='word_1_148' title='bbox 772 980 945 1018; x_wconf 89' lang='lat' dir='ltr'><strong>membra</strong></span> <span class='ocrx_word' id='word_1_149' title='bbox 977 979 1239 1018; x_wconf 82' lang='lat' dir='ltr'><strong>conciliabant</strong></span> <span class='ocrx_word' id='word_1_150' title='bbox 1268 986 1441 1030; x_wconf 83' lang='lat' dir='ltr'><strong>statuae,</strong></span> <span class='ocrx_word' id='word_1_151' title='bbox 1483 982 1543 1020; x_wconf 87' lang='lat' dir='ltr'><strong>cui</strong></span> <span class='ocrx_word' id='word_1_152' title='bbox 1574 982 1672 1023; x_wconf 71' lang='lat' dir='ltr'><strong>istae</strong></span> <span class='ocrx_word' id='word_1_153' title='bbox 1703 980 1828 1019; x_wconf 80' lang='lat' dir='ltr'><strong>solam</strong></span> <span class='ocrx_word' id='word_1_154' title='bbox 1859 992 1929 1020; x_wconf 81' lang='lat' dir='ltr'><strong>ex·-</strong></span> 
     </span>
     <span class='ocr_line' id='line_1_16' title="bbox 132 1037 1264 1089; baseline 0.001 -12"><span class='ocrx_word' id='word_1_155' title='bbox 132 1040 282 1077; x_wconf 83' lang='lat' dir='ltr'><strong>ternam</strong></span> <span class='ocrx_word' id='word_1_156' title='bbox 312 1037 418 1076; x_wconf 87' lang='lat' dir='ltr'><strong>rudis</strong></span> <span class='ocrx_word' id='word_1_157' title='bbox 449 1049 603 1077; x_wconf 82' lang='lat' dir='ltr'><strong>massae</strong></span> <span class='ocrx_word' id='word_1_158' title='bbox 635 1038 895 1087; x_wconf 83' lang='lat' dir='ltr'><strong>quantitatem</strong></span> <span class='ocrx_word' id='word_1_159' title='bbox 926 1039 1264 1089; x_wconf 82' lang='lat' dir='ltr'><strong>praescripserant.</strong></span> 
     </span>
    </p>

    <p class='ocr_par' dir='ltr' id='par_1_3' title="bbox 130 1095 1933 1555">
     <span class='ocr_line' id='line_1_17' title="bbox 247 1095 1930 1146; baseline -0.001 -12"><span class='ocrx_word' id='word_1_160' title='bbox 247 1096 377 1145; x_wconf 87' lang='lat' dir='ltr'><strong>Quare</strong></span> <span class='ocrx_word' id='word_1_161' title='bbox 407 1097 509 1135; x_wconf 86' lang='lat' dir='ltr'><strong>sieut</strong></span> <span class='ocrx_word' id='word_1_162' title='bbox 538 1107 666 1146; x_wconf 86' lang='lat' dir='ltr'><strong>neque</strong></span> <span class='ocrx_word' id='word_1_163' title='bbox 697 1107 859 1146; x_wconf 87' lang='lat' dir='ltr'><strong>corpora</strong></span> <span class='ocrx_word' id='word_1_164' title='bbox 889 1098 1128 1135; x_wconf 83' lang='lat' dir='ltr'><strong>animantum</strong></span> <span class='ocrx_word' id='word_1_165' title='bbox 1158 1102 1248 1136; x_wconf 83' lang='lat' dir='ltr'><strong>sunt</strong></span> <span class='ocrx_word' id='word_1_166' title='bbox 1278 1097 1392 1145; x_wconf 84' lang='lat' dir='ltr'><strong>facta,</strong></span> <span class='ocrx_word' id='word_1_167' title='bbox 1425 1108 1552 1146; x_wconf 85' lang='lat' dir='ltr'><strong>neque</strong></span> <span class='ocrx_word' id='word_1_168' title='bbox 1579 1098 1663 1135; x_wconf 84' lang='lat' dir='ltr'><strong>saxi</strong></span> <span class='ocrx_word' id='word_1_169' title='bbox 1694 1095 1819 1135; x_wconf 80' lang='lat' dir='ltr'><strong>moles</strong></span> <span class='ocrx_word' id='word_1_170' title='bbox 1847 1095 1930 1144; x_wconf 85' lang='lat' dir='ltr'><strong>fieri</strong></span> 
     </span>
     <span class='ocr_line' id='line_1_18' title="bbox 131 1153 1930 1205; baseline -0.001 -11"><span class='ocrx_word' id='word_1_171' title='bbox 131 1154 231 1194; x_wconf 88' lang='lat' dir='ltr'><strong>solet</strong></span> <span class='ocrx_word' id='word_1_172' title='bbox 261 1153 311 1194; x_wconf 88' lang='lat' dir='ltr'><strong>ad</strong></span> <span class='ocrx_word' id='word_1_173' title='bbox 341 1165 518 1193; x_wconf 87' lang='lat' dir='ltr'><strong>normam</strong></span> <span class='ocrx_word' id='word_1_174' title='bbox 548 1166 685 1205; x_wconf 87' lang='lat' dir='ltr'><strong>puram</strong></span> <span class='ocrx_word' id='word_1_175' title='bbox 714 1154 880 1205; x_wconf 86' lang='lat' dir='ltr'><strong>alicujus</strong></span> <span class='ocrx_word' id='word_1_176' title='bbox 909 1154 1055 1205; x_wconf 85' lang='lat' dir='ltr'><strong>figurae</strong></span> <span class='ocrx_word' id='word_1_177' title='bbox 1085 1156 1367 1205; x_wconf 83' lang='lat' dir='ltr'><strong>geometricae,</strong></span> <span class='ocrx_word' id='word_1_178' title='bbox 1410 1155 1484 1194; x_wconf 64' lang='lat' dir='ltr'><strong>sed&gt;</strong></span> <span class='ocrx_word' id='word_1_179' title='bbox 1510 1155 1719 1205; x_wconf 85' lang='lat' dir='ltr'><strong>derogatur</strong></span> <span class='ocrx_word' id='word_1_180' title='bbox 1746 1159 1930 1194; x_wconf 73' lang='lat' dir='ltr'><strong>externae</strong></span> 
     </span>
     <span class='ocr_line' id='line_1_19' title="bbox 130 1212 1931 1266; baseline -0.001 -14"><span class='ocrx_word' id='word_1_181' title='bbox 130 1213 276 1263; x_wconf 84' lang='lat' dir='ltr'><strong>figurae</strong></span> <span class='ocrx_word' id='word_1_182' title='bbox 320 1212 510 1252; x_wconf 89' lang='lat' dir='ltr'><strong>rotundae</strong></span> <span class='ocrx_word' id='word_1_183' title='bbox 553 1214 803 1263; x_wconf 85' lang='lat' dir='ltr'><strong>quantumvis</strong></span> <span class='ocrx_word' id='word_1_184' title='bbox 842 1213 1010 1263; x_wconf 79' lang='lat' dir='ltr'><strong>eleganti</strong></span> <span class='ocrx_word' id='word_1_185' title='bbox 1036 1215 1244 1266; x_wconf 60' lang='lat' dir='ltr'><strong>,manente</strong></span> <span class='ocrx_word' id='word_1_186' title='bbox 1288 1219 1416 1252; x_wconf 71' lang='lat' dir='ltr'><strong>tamen</strong></span> <span class='ocrx_word' id='word_1_187' title='bbox 1453 1213 1559 1263; x_wconf 81' lang='lat' dir='ltr'><strong>justa</strong></span> <span class='ocrx_word' id='word_1_188' title='bbox 1589 1213 1703 1253; x_wconf 85' lang='lat' dir='ltr'><strong>molis</strong></span> <span class='ocrx_word' id='word_1_189' title='bbox 1732 1214 1931 1264; x_wconf 77' lang='lat' dir='ltr'><strong>magnitu-</strong></span> 
     </span>
     <span class='ocr_line' id='line_1_20' title="bbox 136 1271 1931 1323; baseline 0.001 -14"><span class='ocrx_word' id='word_1_190' title='bbox 136 1271 260 1323; x_wconf 85' lang='lat' dir='ltr'><strong>dine),</strong></span> <span class='ocrx_word' id='word_1_191' title='bbox 291 1277 334 1310; x_wconf 91' lang='lat' dir='ltr'><strong>ut</strong></span> <span class='ocrx_word' id='word_1_192' title='bbox 364 1282 502 1322; x_wconf 87' lang='lat' dir='ltr'><strong>corpus</strong></span> <span class='ocrx_word' id='word_1_193' title='bbox 534 1282 680 1321; x_wconf 87' lang='lat' dir='ltr'><strong>organa</strong></span> <span class='ocrx_word' id='word_1_194' title='bbox 712 1273 816 1310; x_wconf 86' lang='lat' dir='ltr'><strong>vitae</strong></span> <span class='ocrx_word' id='word_1_195' title='bbox 847 1273 1078 1319; x_wconf 84' lang='lat' dir='ltr'><strong>necessaria,</strong></span> <span class='ocrx_word' id='word_1_196' title='bbox 1110 1284 1248 1310; x_wconf 87' lang='lat' dir='ltr'><strong>saxum</strong></span> <span class='ocrx_word' id='word_1_197' title='bbox 1269 1283 1361 1310; x_wconf 87' lang='lat' dir='ltr'><strong>vero</strong></span> <span class='ocrx_word' id='word_1_198' title='bbox 1394 1272 1558 1322; x_wconf 77' lang='lat' dir='ltr'><strong>effigiem</strong></span> <span class='ocrx_word' id='word_1_199' title='bbox 1590 1273 1801 1313; x_wconf 84' lang='lat' dir='ltr'><strong>animantis</strong></span> <span class='ocrx_word' id='word_1_200' title='bbox 1830 1282 1931 1310; x_wconf 79' lang='lat' dir='ltr'><strong>nan-</strong></span> 
     </span>
     <span class='ocr_line' id='line_1_21' title="bbox 133 1330 1931 1381; baseline 0 -13"><span class='ocrx_word' id='word_1_201' title='bbox 133 1331 223 1368; x_wconf 81' lang='lat' dir='ltr'><strong>cisci</strong></span> <span class='ocrx_word' id='word_1_202' title='bbox 272 1331 415 1380; x_wconf 83' lang='lat' dir='ltr'><strong>possit:</strong></span> <span class='ocrx_word' id='word_1_203' title='bbox 471 1331 528 1368; x_wconf 87' lang='lat' dir='ltr'><strong>sic</strong></span> <span class='ocrx_word' id='word_1_204' title='bbox 568 1331 688 1369; x_wconf 81' lang='lat' dir='ltr'><strong>etiam</strong></span> <span class='ocrx_word' id='word_1_205' title='bbox 726 1331 943 1380; x_wconf 79' lang='lat' dir='ltr'><strong>proportio,</strong></span> <span class='ocrx_word' id='word_1_206' title='bbox 991 1341 1109 1379; x_wconf 81' lang='lat' dir='ltr'><strong>quam</strong></span> <span class='ocrx_word' id='word_1_207' title='bbox 1153 1331 1310 1370; x_wconf 87' lang='lat' dir='ltr'><strong>orbibus</strong></span> <span class='ocrx_word' id='word_1_208' title='bbox 1357 1330 1582 1380; x_wconf 79' lang='lat' dir='ltr'><strong>planetariis</strong></span> <span class='ocrx_word' id='word_1_209' title='bbox 1623 1332 1931 1381; x_wconf 68' lang='lat' dir='ltr'><strong>praescripturus</strong></span> 
     </span>
     <span class='ocr_line' id='line_1_22' title="bbox 134 1387 1931 1440; baseline 0 -13"><span class='ocrx_word' id='word_1_210' title='bbox 134 1393 244 1427; x_wconf 88' lang='lat' dir='ltr'><strong>erant</strong></span> <span class='ocrx_word' id='word_1_211' title='bbox 273 1387 421 1438; x_wconf 88' lang='lat' dir='ltr'><strong>figurae</strong></span> <span class='ocrx_word' id='word_1_212' title='bbox 450 1388 615 1436; x_wconf 87' lang='lat' dir='ltr'><strong>solidae,</strong></span> <span class='ocrx_word' id='word_1_213' title='bbox 648 1394 691 1426; x_wconf 89' lang='lat' dir='ltr'><strong>ut</strong></span> <span class='ocrx_word' id='word_1_214' title='bbox 722 1389 878 1426; x_wconf 87' lang='lat' dir='ltr'><strong>inferior</strong></span> <span class='ocrx_word' id='word_1_215' title='bbox 908 1393 946 1426; x_wconf 92' lang='lat' dir='ltr'><strong>et</strong></span> <span class='ocrx_word' id='word_1_216' title='bbox 978 1394 1127 1426; x_wconf 83' lang='lat' dir='ltr'><strong>tantum</strong></span> <span class='ocrx_word' id='word_1_217' title='bbox 1159 1400 1298 1439; x_wconf 88' lang='lat' dir='ltr'><strong>corpus</strong></span> <span class='ocrx_word' id='word_1_218' title='bbox 1330 1390 1610 1440; x_wconf 84' lang='lat' dir='ltr'><strong>materiamque</strong></span> <span class='ocrx_word' id='word_1_219' title='bbox 1641 1393 1833 1440; x_wconf 83' lang='lat' dir='ltr'><strong>spectans,</strong></span> <span class='ocrx_word' id='word_1_220' title='bbox 1866 1399 1931 1427; x_wconf 83' lang='lat' dir='ltr'><strong>ee—</strong></span> 
     </span>
     <span class='ocr_line' id='line_1_23' title="bbox 133 1446 1933 1498; baseline 0 -12"><span class='ocrx_word' id='word_1_221' title='bbox 133 1446 223 1486; x_wconf 80' lang='lat' dir='ltr'><strong>dere</strong></span> <span class='ocrx_word' id='word_1_222' title='bbox 255 1446 391 1485; x_wconf 89' lang='lat' dir='ltr'><strong>debuit</strong></span> <span class='ocrx_word' id='word_1_223' title='bbox 422 1446 645 1495; x_wconf 78' lang='lat' dir='ltr'><strong>harmoniis,</strong></span> <span class='ocrx_word' id='word_1_224' title='bbox 678 1452 864 1496; x_wconf 87' lang='lat' dir='ltr'><strong>quantum</strong></span> <span class='ocrx_word' id='word_1_225' title='bbox 897 1446 982 1495; x_wconf 84' lang='lat' dir='ltr'><strong>ejus</strong></span> <span class='ocrx_word' id='word_1_226' title='bbox 1013 1452 1096 1485; x_wconf 81' lang='lat' dir='ltr'><strong>erat</strong></span> <span class='ocrx_word' id='word_1_227' title='bbox 1117 1458 1274 1486; x_wconf 87' lang='lat' dir='ltr'><strong>neeesse</strong></span> <span class='ocrx_word' id='word_1_228' title='bbox 1294 1447 1344 1491; x_wconf 80' lang='lat' dir='ltr'><strong>ad</strong></span> <span class='ocrx_word' id='word_1_229' title='bbox 1375 1447 1461 1496; x_wconf 80' lang='lat' dir='ltr'><strong>hoc,</strong></span> <span class='ocrx_word' id='word_1_230' title='bbox 1494 1453 1538 1486; x_wconf 91' lang='lat' dir='ltr'><strong>ut</strong></span> <span class='ocrx_word' id='word_1_231' title='bbox 1567 1451 1670 1486; x_wconf 82' lang='lat' dir='ltr'><strong>stare</strong></span> <span class='ocrx_word' id='word_1_232' title='bbox 1700 1447 1794 1486; x_wconf 84' lang='lat' dir='ltr'><strong>illae</strong></span> <span class='ocrx_word' id='word_1_233' title='bbox 1819 1447 1933 1498; x_wconf 79' lang='lat' dir='ltr'><strong>juxta</strong></span> 
     </span>
     <span class='ocr_line' id='line_1_24' title="bbox 132 1505 1014 1555; baseline -0.003 -11"><span class='ocrx_word' id='word_1_234' title='bbox 132 1510 359 1554; x_wconf 90' lang='lat' dir='ltr'><strong>motumque</strong></span> <span class='ocrx_word' id='word_1_235' title='bbox 388 1505 595 1555; x_wconf 88' lang='lat' dir='ltr'><strong>globorum</strong></span> <span class='ocrx_word' id='word_1_236' title='bbox 626 1516 811 1543; x_wconf 82' lang='lat' dir='ltr'><strong>exornare</strong></span> <span class='ocrx_word' id='word_1_237' title='bbox 843 1509 1014 1554; x_wconf 88' lang='lat' dir='ltr'><strong>possent.</strong></span> 
     </span>
    </p>

    <p class='ocr_par' dir='ltr' id='par_1_4' title="bbox 130 1562 1937 2722">
     <span class='ocr_line' id='line_1_25' title="bbox 249 1562 1931 1614; baseline -0.001 -12"><span class='ocrx_word' id='word_1_238' title='bbox 249 1563 428 1602; x_wconf 89' lang='lat' dir='ltr'><strong>Alterum</strong></span> <span class='ocrx_word' id='word_1_239' title='bbox 459 1563 770 1613; x_wconf 86' lang='lat' dir='ltr'><strong>epiphonematis</strong></span> <span class='ocrx_word' id='word_1_240' title='bbox 801 1563 1037 1610; x_wconf 81' lang='lat' dir='ltr'><strong>membrum,</strong></span> <span class='ocrx_word' id='word_1_241' title='bbox 1070 1562 1118 1601; x_wconf 90' lang='lat' dir='ltr'><strong>de</strong></span> <span class='ocrx_word' id='word_1_242' title='bbox 1149 1562 1360 1602; x_wconf 86' lang='lat' dir='ltr'><strong>harmoniis</strong></span> <span class='ocrx_word' id='word_1_243' title='bbox 1390 1562 1694 1613; x_wconf 84' lang='lat' dir='ltr'><strong>universalibus,</strong></span> <span class='ocrx_word' id='word_1_244' title='bbox 1723 1567 1931 1614; x_wconf 78' lang='lat' dir='ltr'><strong>oognatam</strong></span> 
     </span>
     <span class='ocr_line' id='line_1_26' title="bbox 132 1621 1933 1672; baseline -0.001 -12"><span class='ocrx_word' id='word_1_245' title='bbox 132 1622 251 1672; x_wconf 71' lang='lat' dir='ltr'><strong>priori</strong></span> <span class='ocrx_word' id='word_1_246' title='bbox 269 1622 550 1672; x_wconf 78' lang='lat' dir='ltr'><strong>probationem</strong></span> <span class='ocrx_word' id='word_1_247' title='bbox 571 1622 700 1661; x_wconf 77' lang='lat' dir='ltr'><strong>habet.</strong></span> <span class='ocrx_word' id='word_1_248' title='bbox 764 1626 887 1667; x_wconf 81' lang='lat' dir='ltr'><strong>(Supra</strong></span> <span class='ocrx_word' id='word_1_249' title='bbox 910 1635 991 1657; x_wconf 86' lang='lat' dir='ltr'><strong>num</strong></span> <span class='ocrx_word' id='word_1_250' title='bbox 1020 1625 1062 1660; x_wconf 81' lang='lat'><strong>18</strong></span> <span class='ocrx_word' id='word_1_251' title='bbox 1087 1628 1173 1658; x_wconf 83' lang='lat' dir='ltr'><strong>inter</strong></span> <span class='ocrx_word' id='word_1_252' title='bbox 1197 1628 1365 1659; x_wconf 79' lang='lat' dir='ltr'><strong>axiomata</strong></span> <span class='ocrx_word' id='word_1_253' title='bbox 1388 1631 1574 1660; x_wconf 79' lang='lat' dir='ltr'><strong>assumtum</strong></span> <span class='ocrx_word' id='word_1_254' title='bbox 1603 1637 1644 1659; x_wconf 84' lang='lat' dir='ltr'><strong>ex</strong></span> <span class='ocrx_word' id='word_1_255' title='bbox 1667 1629 1784 1668; x_wconf 76' lang='lat' dir='ltr'><strong>parto.)</strong></span> <span class='ocrx_word' id='word_1_256' title='bbox 1831 1621 1933 1662; x_wconf 76' lang='lat' dir='ltr'><strong>Nam</strong></span> 
     </span>
     <span class='ocr_line' id='line_1_27' title="bbox 132 1679 1932 1732; baseline -0.001 -13"><span class='ocrx_word' id='word_1_257' title='bbox 132 1679 192 1719; x_wconf 89' lang='lat' dir='ltr'><strong>illi</strong></span> <span class='ocrx_word' id='word_1_258' title='bbox 230 1681 361 1730; x_wconf 89' lang='lat' dir='ltr'><strong>potius</strong></span> <span class='ocrx_word' id='word_1_259' title='bbox 399 1680 562 1719; x_wconf 89' lang='lat' dir='ltr'><strong>debetur</strong></span> <span class='ocrx_word' id='word_1_260' title='bbox 584 1691 775 1730; x_wconf 75' lang='lat' dir='ltr'><strong>suprema</strong></span> <span class='ocrx_word' id='word_1_261' title='bbox 813 1679 933 1718; x_wconf 88' lang='lat' dir='ltr'><strong>veluti</strong></span> <span class='ocrx_word' id='word_1_262' title='bbox 974 1681 1219 1730; x_wconf 82' lang='lat' dir='ltr'><strong>perfectionis</strong></span> <span class='ocrx_word' id='word_1_263' title='bbox 1255 1693 1413 1730; x_wconf 88' lang='lat' dir='ltr'><strong>manus,</strong></span> <span class='ocrx_word' id='word_1_264' title='bbox 1464 1681 1568 1732; x_wconf 87' lang='lat' dir='ltr'><strong>quod</strong></span> <span class='ocrx_word' id='word_1_265' title='bbox 1619 1683 1743 1731; x_wconf 84' lang='lat' dir='ltr'><strong>magis</strong></span> <span class='ocrx_word' id='word_1_266' title='bbox 1784 1679 1932 1732; x_wconf 84' lang='lat' dir='ltr'><strong>perficit</strong></span> 
     </span>
     <span class='ocr_line' id='line_1_28' title="bbox 132 1737 1931 1791; baseline -0.001 -14"><span class='ocrx_word' id='word_1_267' title='bbox 132 1737 340 1788; x_wconf 83' lang='lat' dir='ltr'><strong>mundum;</strong></span> <span class='ocrx_word' id='word_1_268' title='bbox 384 1738 442 1777; x_wconf 88' lang='lat' dir='ltr'><strong>illi</strong></span> <span class='ocrx_word' id='word_1_269' title='bbox 471 1740 556 1778; x_wconf 88' lang='lat' dir='ltr'><strong>vice</strong></span> <span class='ocrx_word' id='word_1_270' title='bbox 587 1751 702 1776; x_wconf 86' lang='lat' dir='ltr'><strong>versa</strong></span> <span class='ocrx_word' id='word_1_271' title='bbox 731 1738 997 1788; x_wconf 85' lang='lat' dir='ltr'><strong>derogandum</strong></span> <span class='ocrx_word' id='word_1_272' title='bbox 1027 1737 1078 1791; x_wconf 89' lang='lat' dir='ltr'><strong>(si</strong></span> <span class='ocrx_word' id='word_1_273' title='bbox 1108 1738 1373 1790; x_wconf 87' lang='lat' dir='ltr'><strong>derogandum</strong></span> <span class='ocrx_word' id='word_1_274' title='bbox 1405 1738 1616 1791; x_wconf 82' lang='lat' dir='ltr'><strong>alterutri),</strong></span> <span class='ocrx_word' id='word_1_275' title='bbox 1658 1739 1763 1790; x_wconf 89' lang='lat' dir='ltr'><strong>quod</strong></span> <span class='ocrx_word' id='word_1_276' title='bbox 1794 1742 1931 1789; x_wconf 87' lang='lat' dir='ltr'><strong>poste-</strong></span> 
     </span>
     <span class='ocr_line' id='line_1_29' title="bbox 132 1797 1931 1848; baseline -0.001 -12"><span class='ocrx_word' id='word_1_277' title='bbox 132 1798 254 1836; x_wconf 86' lang='lat' dir='ltr'><strong>riores</strong></span> <span class='ocrx_word' id='word_1_278' title='bbox 284 1797 348 1836; x_wconf 86' lang='lat' dir='ltr'><strong>hie</strong></span> <span class='ocrx_word' id='word_1_279' title='bbox 377 1803 508 1847; x_wconf 87' lang='lat' dir='ltr'><strong>partes</strong></span> <span class='ocrx_word' id='word_1_280' title='bbox 538 1802 654 1836; x_wconf 88' lang='lat' dir='ltr'><strong>tenet.</strong></span> <span class='ocrx_word' id='word_1_281' title='bbox 716 1797 769 1834; x_wconf 91' lang='lat' dir='ltr'><strong>At</strong></span> <span class='ocrx_word' id='word_1_282' title='bbox 797 1798 922 1847; x_wconf 87' lang='lat' dir='ltr'><strong>magis</strong></span> <span class='ocrx_word' id='word_1_283' title='bbox 951 1797 1138 1835; x_wconf 87' lang='lat' dir='ltr'><strong>mundum</strong></span> <span class='ocrx_word' id='word_1_284' title='bbox 1168 1798 1318 1848; x_wconf 87' lang='lat' dir='ltr'><strong>perficit</strong></span> <span class='ocrx_word' id='word_1_285' title='bbox 1346 1798 1581 1837; x_wconf 86' lang='lat' dir='ltr'><strong>universalis</strong></span> <span class='ocrx_word' id='word_1_286' title='bbox 1611 1798 1814 1836; x_wconf 86' lang='lat' dir='ltr'><strong>harmonia</strong></span> <span class='ocrx_word' id='word_1_287' title='bbox 1845 1808 1931 1836; x_wconf 90' lang='lat' dir='ltr'><strong>om-</strong></span> 
     </span>
     <span class='ocr_line' id='line_1_30' title="bbox 130 1855 1931 1907; baseline -0.001 -14"><span class='ocrx_word' id='word_1_288' title='bbox 130 1856 264 1903; x_wconf 86' lang='lat' dir='ltr'><strong>nium,</strong></span> <span class='ocrx_word' id='word_1_289' title='bbox 304 1867 421 1905; x_wconf 88' lang='lat' dir='ltr'><strong>quam</strong></span> <span class='ocrx_word' id='word_1_290' title='bbox 462 1855 679 1906; x_wconf 85' lang='lat' dir='ltr'><strong>singulares</strong></span> <span class='ocrx_word' id='word_1_291' title='bbox 720 1855 898 1894; x_wconf 87' lang='lat' dir='ltr'><strong>binorum</strong></span> <span class='ocrx_word' id='word_1_292' title='bbox 940 1862 978 1894; x_wconf 89' lang='lat' dir='ltr'><strong>et</strong></span> <span class='ocrx_word' id='word_1_293' title='bbox 1018 1856 1193 1894; x_wconf 84' lang='lat' dir='ltr'><strong>binorum</strong></span> <span class='ocrx_word' id='word_1_294' title='bbox 1224 1858 1439 1895; x_wconf 89' lang='lat' dir='ltr'><strong>vicinorum</strong></span> <span class='ocrx_word' id='word_1_295' title='bbox 1479 1858 1669 1907; x_wconf 84' lang='lat' dir='ltr'><strong>geminae.</strong></span> <span class='ocrx_word' id='word_1_296' title='bbox 1729 1857 1799 1895; x_wconf 85' lang='lat' dir='ltr'><strong>Est</strong></span> <span class='ocrx_word' id='word_1_297' title='bbox 1829 1856 1931 1895; x_wconf 90' lang='lat' dir='ltr'><strong>enim</strong></span> 
     </span>
     <span class='ocr_line' id='line_1_31' title="bbox 134 1913 1932 1965; baseline -0.002 -12"><span class='ocrx_word' id='word_1_298' title='bbox 134 1914 337 1953; x_wconf 85' lang='lat' dir='ltr'><strong>harmonia</strong></span> <span class='ocrx_word' id='word_1_299' title='bbox 366 1913 558 1963; x_wconf 80' lang='lat' dir='ltr'><strong>quaedam</strong></span> <span class='ocrx_word' id='word_1_300' title='bbox 591 1914 751 1952; x_wconf 89' lang='lat' dir='ltr'><strong>unitatis</strong></span> <span class='ocrx_word' id='word_1_301' title='bbox 781 1915 902 1963; x_wconf 86' lang='lat' dir='ltr'><strong>ratio;</strong></span> <span class='ocrx_word' id='word_1_302' title='bbox 941 1915 1066 1965; x_wconf 88' lang='lat' dir='ltr'><strong>magis</strong></span> <span class='ocrx_word' id='word_1_303' title='bbox 1096 1915 1216 1964; x_wconf 88' lang='lat' dir='ltr'><strong>igitur</strong></span> <span class='ocrx_word' id='word_1_304' title='bbox 1245 1916 1341 1954; x_wconf 86' lang='lat' dir='ltr'><strong>uniti</strong></span> <span class='ocrx_word' id='word_1_305' title='bbox 1374 1919 1484 1963; x_wconf 89' lang='lat' dir='ltr'><strong>sunt,</strong></span> <span class='ocrx_word' id='word_1_306' title='bbox 1516 1917 1550 1953; x_wconf 87' lang='lat' dir='ltr'><strong>si</strong></span> <span class='ocrx_word' id='word_1_307' title='bbox 1581 1925 1715 1954; x_wconf 86' lang='lat' dir='ltr'><strong>omnes</strong></span> <span class='ocrx_word' id='word_1_308' title='bbox 1745 1914 1862 1952; x_wconf 89' lang='lat' dir='ltr'><strong>simul</strong></span> <span class='ocrx_word' id='word_1_309' title='bbox 1892 1914 1932 1950; x_wconf 89' lang='lat' dir='ltr'><strong>in</strong></span> 
     </span>
     <span class='ocr_line' id='line_1_32' title="bbox 134 1971 1931 2023; baseline -0.001 -14"><span class='ocrx_word' id='word_1_310' title='bbox 134 1983 264 2019; x_wconf 83' lang='lat' dir='ltr'><strong>uuam,</strong></span> <span class='ocrx_word' id='word_1_311' title='bbox 296 1982 414 2021; x_wconf 84' lang='lat' dir='ltr'><strong>quam</strong></span> <span class='ocrx_word' id='word_1_312' title='bbox 444 1973 477 2010; x_wconf 87' lang='lat' dir='ltr'><strong>si</strong></span> <span class='ocrx_word' id='word_1_313' title='bbox 511 1972 590 2010; x_wconf 89' lang='lat' dir='ltr'><strong>bini</strong></span> <span class='ocrx_word' id='word_1_314' title='bbox 621 1973 765 2022; x_wconf 88' lang='lat' dir='ltr'><strong>quique</strong></span> <span class='ocrx_word' id='word_1_315' title='bbox 795 1973 957 2013; x_wconf 87' lang='lat' dir='ltr'><strong>seorsim</strong></span> <span class='ocrx_word' id='word_1_316' title='bbox 989 1974 1029 2010; x_wconf 91' lang='lat' dir='ltr'><strong>in</strong></span> <span class='ocrx_word' id='word_1_317' title='bbox 1061 1973 1172 2011; x_wconf 86' lang='lat' dir='ltr'><strong>binas</strong></span> <span class='ocrx_word' id='word_1_318' title='bbox 1204 1975 1425 2023; x_wconf 81' lang='lat' dir='ltr'><strong>conspirent</strong></span> <span class='ocrx_word' id='word_1_319' title='bbox 1455 1973 1688 2011; x_wconf 84' lang='lat' dir='ltr'><strong>harmonias.</strong></span> <span class='ocrx_word' id='word_1_320' title='bbox 1731 1971 1860 2021; x_wconf 82' lang='lat' dir='ltr'><strong>Quare</strong></span> <span class='ocrx_word' id='word_1_321' title='bbox 1891 1971 1931 2008; x_wconf 86' lang='lat' dir='ltr'><strong>in</strong></span> 
     </span>
     <span class='ocr_line' id='line_1_33' title="bbox 135 2030 1931 2081; baseline -0.001 -12"><span class='ocrx_word' id='word_1_322' title='bbox 135 2030 317 2070; x_wconf 85' lang='lat' dir='ltr'><strong>conflictu</strong></span> <span class='ocrx_word' id='word_1_323' title='bbox 346 2034 596 2080; x_wconf 86' lang='lat' dir='ltr'><strong>utrarumque</strong></span> <span class='ocrx_word' id='word_1_324' title='bbox 628 2030 763 2069; x_wconf 86' lang='lat' dir='ltr'><strong>cedere</strong></span> <span class='ocrx_word' id='word_1_325' title='bbox 795 2030 1011 2069; x_wconf 80' lang='lat' dir='ltr'><strong>debuerunt</strong></span> <span class='ocrx_word' id='word_1_326' title='bbox 1041 2042 1088 2069; x_wconf 88' lang='lat' dir='ltr'><strong>ex</strong></span> <span class='ocrx_word' id='word_1_327' title='bbox 1121 2032 1220 2069; x_wconf 88' lang='lat' dir='ltr'><strong>binis</strong></span> <span class='ocrx_word' id='word_1_328' title='bbox 1243 2033 1417 2074; x_wconf 87' lang='lat' dir='ltr'><strong>binorum</strong></span> <span class='ocrx_word' id='word_1_329' title='bbox 1450 2031 1691 2081; x_wconf 85' lang='lat' dir='ltr'><strong>planetarum</strong></span> <span class='ocrx_word' id='word_1_330' title='bbox 1722 2031 1931 2069; x_wconf 87' lang='lat' dir='ltr'><strong>alterutrae</strong></span> 
     </span>
     <span class='ocr_line' id='line_1_34' title="bbox 135 2087 1932 2139; baseline -0.001 -12"><span class='ocrx_word' id='word_1_331' title='bbox 135 2087 372 2139; x_wconf 84' lang='lat' dir='ltr'><strong>singulares,</strong></span> <span class='ocrx_word' id='word_1_332' title='bbox 414 2092 457 2126; x_wconf 91' lang='lat' dir='ltr'><strong>ut</strong></span> <span class='ocrx_word' id='word_1_333' title='bbox 486 2093 588 2127; x_wconf 87' lang='lat' dir='ltr'><strong>stare</strong></span> <span class='ocrx_word' id='word_1_334' title='bbox 619 2094 778 2139; x_wconf 86' lang='lat' dir='ltr'><strong>possent</strong></span> <span class='ocrx_word' id='word_1_335' title='bbox 809 2089 1048 2128; x_wconf 88' lang='lat' dir='ltr'><strong>universales</strong></span> <span class='ocrx_word' id='word_1_336' title='bbox 1079 2091 1262 2128; x_wconf 90' lang='lat' dir='ltr'><strong>omnium.</strong></span> <span class='ocrx_word' id='word_1_337' title='bbox 1322 2090 1460 2128; x_wconf 85' lang='lat' dir='ltr'><strong>Potius</strong></span> <span class='ocrx_word' id='word_1_338' title='bbox 1491 2094 1621 2128; x_wconf 87' lang='lat' dir='ltr'><strong>autem</strong></span> <span class='ocrx_word' id='word_1_339' title='bbox 1653 2089 1838 2139; x_wconf 87' lang='lat' dir='ltr'><strong>maj0res,</strong></span> <span class='ocrx_word' id='word_1_340' title='bbox 1869 2087 1932 2129; x_wconf 85' lang='lat' dir='ltr'><strong>di·-</strong></span> 
     </span>
     <span class='ocr_line' id='line_1_35' title="bbox 136 2145 1931 2196; baseline -0.002 -10"><span class='ocrx_word' id='word_1_341' title='bbox 136 2148 380 2196; x_wconf 81' lang='lat' dir='ltr'><strong>vergentium</strong></span> <span class='ocrx_word' id='word_1_342' title='bbox 420 2153 615 2195; x_wconf 86' lang='lat' dir='ltr'><strong>motuum,</strong></span> <span class='ocrx_word' id='word_1_343' title='bbox 656 2146 791 2185; x_wconf 85' lang='lat' dir='ltr'><strong>cedere</strong></span> <span class='ocrx_word' id='word_1_344' title='bbox 832 2147 1068 2194; x_wconf 87' lang='lat' dir='ltr'><strong>debuerunt,</strong></span> <span class='ocrx_word' id='word_1_345' title='bbox 1109 2159 1225 2196; x_wconf 88' lang='lat' dir='ltr'><strong>quam</strong></span> <span class='ocrx_word' id='word_1_346' title='bbox 1267 2149 1453 2196; x_wconf 82' lang='lat' dir='ltr'><strong>minores,</strong></span> <span class='ocrx_word' id='word_1_347' title='bbox 1498 2148 1828 2196; x_wconf 77' lang='lat' dir='ltr'><strong>eonvergentium.</strong></span> <span class='ocrx_word' id='word_1_348' title='bbox 1890 2145 1931 2185; x_wconf 88' lang='lat' dir='ltr'><strong>Si</strong></span> 
     </span>
     <span class='ocr_line' id='line_1_36' title="bbox 138 2203 1932 2257; baseline -0.002 -12"><span class='ocrx_word' id='word_1_349' title='bbox 138 2207 241 2245; x_wconf 87' lang='lat' dir='ltr'><strong>enim</strong></span> <span class='ocrx_word' id='word_1_350' title='bbox 281 2204 489 2255; x_wconf 85' lang='lat' dir='ltr'><strong>divergunt</strong></span> <span class='ocrx_word' id='word_1_351' title='bbox 528 2205 606 2256; x_wconf 85' lang='lat' dir='ltr'><strong>illi,</strong></span> <span class='ocrx_word' id='word_1_352' title='bbox 645 2209 824 2254; x_wconf 86' lang='lat' dir='ltr'><strong>spectant</strong></span> <span class='ocrx_word' id='word_1_353' title='bbox 865 2206 982 2254; x_wconf 84' lang='lat' dir='ltr'><strong>igitur</strong></span> <span class='ocrx_word' id='word_1_354' title='bbox 1020 2203 1072 2243; x_wconf 86' lang='lat' dir='ltr'><strong>ad</strong></span> <span class='ocrx_word' id='word_1_355' title='bbox 1111 2205 1289 2254; x_wconf 85' lang='lat' dir='ltr'><strong>planetas</strong></span> <span class='ocrx_word' id='word_1_356' title='bbox 1319 2217 1394 2244; x_wconf 88' lang='lat' dir='ltr'><strong>non</strong></span> <span class='ocrx_word' id='word_1_357' title='bbox 1427 2207 1542 2255; x_wconf 85' lang='lat' dir='ltr'><strong>bigae</strong></span> <span class='ocrx_word' id='word_1_358' title='bbox 1578 2206 1820 2257; x_wconf 80' lang='lat' dir='ltr'><strong>propositae,</strong></span> <span class='ocrx_word' id='word_1_359' title='bbox 1863 2203 1932 2243; x_wconf 86' lang='lat' dir='ltr'><strong>sed</strong></span> 
     </span>
     <span class='ocr_line' id='line_1_37' title="bbox 137 2263 1931 2314; baseline -0.001 -12"><span class='ocrx_word' id='word_1_360' title='bbox 137 2263 236 2303; x_wconf 84' lang='lat' dir='ltr'><strong>alios</strong></span> <span class='ocrx_word' id='word_1_361' title='bbox 266 2264 441 2312; x_wconf 79' lang='lat' dir='ltr'><strong>vicinos,</strong></span> <span class='ocrx_word' id='word_1_362' title='bbox 481 2269 521 2302; x_wconf 89' lang='lat' dir='ltr'><strong>et</strong></span> <span class='ocrx_word' id='word_1_363' title='bbox 548 2265 580 2301; x_wconf 91' lang='lat' dir='ltr'><strong>si</strong></span> <span class='ocrx_word' id='word_1_364' title='bbox 613 2268 852 2312; x_wconf 87' lang='lat' dir='ltr'><strong>convergunt</strong></span> <span class='ocrx_word' id='word_1_365' title='bbox 883 2263 946 2310; x_wconf 79' lang='lat' dir='ltr'><strong>hi,</strong></span> <span class='ocrx_word' id='word_1_366' title='bbox 991 2269 1154 2312; x_wconf 87' lang='lat' dir='ltr'><strong>vergunt</strong></span> <span class='ocrx_word' id='word_1_367' title='bbox 1185 2265 1301 2313; x_wconf 84' lang='lat' dir='ltr'><strong>igitur</strong></span> <span class='ocrx_word' id='word_1_368' title='bbox 1330 2264 1552 2303; x_wconf 76' lang='lat' dir='ltr'><strong>alterutrius</strong></span> <span class='ocrx_word' id='word_1_369' title='bbox 1589 2264 1771 2314; x_wconf 84' lang='lat' dir='ltr'><strong>planetae</strong></span> <span class='ocrx_word' id='word_1_370' title='bbox 1801 2267 1931 2301; x_wconf 87' lang='lat' dir='ltr'><strong>motus</strong></span> 
     </span>
     <span class='ocr_line' id='line_1_38' title="bbox 137 2319 1933 2372; baseline -0.001 -12"><span class='ocrx_word' id='word_1_371' title='bbox 137 2322 189 2361; x_wconf 86' lang='lat' dir='ltr'><strong>ad</strong></span> <span class='ocrx_word' id='word_1_372' title='bbox 217 2321 358 2372; x_wconf 85' lang='lat' dir='ltr'><strong>reliqui</strong></span> <span class='ocrx_word' id='word_1_373' title='bbox 387 2327 548 2370; x_wconf 82' lang='lat' dir='ltr'><strong>motum,</strong></span> <span class='ocrx_word' id='word_1_374' title='bbox 578 2323 844 2371; x_wconf 86' lang='lat' dir='ltr'><strong>permutatim:</strong></span> <span class='ocrx_word' id='word_1_375' title='bbox 887 2325 929 2361; x_wconf 86' lang='lat' dir='ltr'><strong>ut</strong></span> <span class='ocrx_word' id='word_1_376' title='bbox 959 2322 998 2359; x_wconf 88' lang='lat' dir='ltr'><strong>in</strong></span> <span class='ocrx_word' id='word_1_377' title='bbox 1032 2321 1123 2370; x_wconf 89' lang='lat' dir='ltr'><strong>biga</strong></span> <span class='ocrx_word' id='word_1_378' title='bbox 1152 2320 1268 2360; x_wconf 85' lang='lat' dir='ltr'><strong>Jovis</strong></span> <span class='ocrx_word' id='word_1_379' title='bbox 1300 2328 1339 2360; x_wconf 89' lang='lat' dir='ltr'><strong>et</strong></span> <span class='ocrx_word' id='word_1_380' title='bbox 1369 2322 1506 2365; x_wconf 82' lang='lat' dir='ltr'><strong>Martis</strong></span> <span class='ocrx_word' id='word_1_381' title='bbox 1538 2322 1644 2364; x_wconf 82' lang='lat' dir='ltr'><strong>illius</strong></span> <span class='ocrx_word' id='word_1_382' title='bbox 1674 2321 1852 2372; x_wconf 79' lang='lat' dir='ltr'><strong>aphelius</strong></span> <span class='ocrx_word' id='word_1_383' title='bbox 1882 2319 1933 2359; x_wconf 87' lang='lat' dir='ltr'><strong>ad</strong></span> 
     </span>
     <span class='ocr_line' id='line_1_39' title="bbox 139 2377 1936 2431; baseline -0.002 -11"><span class='ocrx_word' id='word_1_384' title='bbox 139 2380 372 2428; x_wconf 88' lang='lat' dir='ltr'><strong>Saturnum,</strong></span> <span class='ocrx_word' id='word_1_385' title='bbox 403 2380 519 2429; x_wconf 89' lang='lat' dir='ltr'><strong>hujus</strong></span> <span class='ocrx_word' id='word_1_386' title='bbox 550 2379 758 2430; x_wconf 90' lang='lat' dir='ltr'><strong>perihelius</strong></span> <span class='ocrx_word' id='word_1_387' title='bbox 789 2379 838 2418; x_wconf 89' lang='lat' dir='ltr'><strong>ad</strong></span> <span class='ocrx_word' id='word_1_388' title='bbox 870 2378 1065 2418; x_wconf 85' lang='lat' dir='ltr'><strong>Tellurem</strong></span> <span class='ocrx_word' id='word_1_389' title='bbox 1096 2381 1241 2430; x_wconf 85' lang='lat' dir='ltr'><strong>vergit;</strong></span> <span class='ocrx_word' id='word_1_390' title='bbox 1278 2386 1324 2420; x_wconf 51' lang='lat' dir='ltr'><strong>&gt;at</strong></span> <span class='ocrx_word' id='word_1_391' title='bbox 1353 2381 1457 2419; x_wconf 89' lang='lat' dir='ltr'><strong>illius</strong></span> <span class='ocrx_word' id='word_1_392' title='bbox 1488 2380 1698 2431; x_wconf 89' lang='lat' dir='ltr'><strong>perihelius</strong></span> <span class='ocrx_word' id='word_1_393' title='bbox 1727 2379 1856 2430; x_wconf 83' lang='lat' dir='ltr'><strong>vergit</strong></span> <span class='ocrx_word' id='word_1_394' title='bbox 1885 2377 1936 2417; x_wconf 86' lang='lat' dir='ltr'><strong>ad</strong></span> 
     </span>
     <span class='ocr_line' id='line_1_40' title="bbox 139 2435 1936 2488; baseline -0.002 -11"><span class='ocrx_word' id='word_1_395' title='bbox 139 2438 326 2487; x_wconf 85' lang='lat' dir='ltr'><strong>Martem,</strong></span> <span class='ocrx_word' id='word_1_396' title='bbox 366 2438 482 2488; x_wconf 69' lang='lat' dir='ltr'><strong>huJus</strong></span> <span class='ocrx_word' id='word_1_397' title='bbox 502 2438 697 2488; x_wconf 59' lang='lat' dir='ltr'><strong>„aphelius</strong></span> <span class='ocrx_word' id='word_1_398' title='bbox 739 2437 788 2476; x_wconf 90' lang='lat' dir='ltr'><strong>ad</strong></span> <span class='ocrx_word' id='word_1_399' title='bbox 829 2437 983 2477; x_wconf 88' lang='lat' dir='ltr'><strong>Jovem.</strong></span> <span class='ocrx_word' id='word_1_400' title='bbox 1046 2437 1197 2476; x_wconf 86' lang='lat' dir='ltr'><strong>Horum</strong></span> <span class='ocrx_word' id='word_1_401' title='bbox 1235 2439 1352 2488; x_wconf 88' lang='lat' dir='ltr'><strong>igitur</strong></span> <span class='ocrx_word' id='word_1_402' title='bbox 1385 2439 1595 2477; x_wconf 70' lang='lat' dir='ltr'><strong>‘harmonia</strong></span> <span class='ocrx_word' id='word_1_403' title='bbox 1624 2438 1719 2478; x_wconf 87' lang='lat' dir='ltr'><strong>Jovi</strong></span> <span class='ocrx_word' id='word_1_404' title='bbox 1748 2435 1788 2477; x_wconf 79' lang='lat' dir='ltr'><strong>et</strong></span> <span class='ocrx_word' id='word_1_405' title='bbox 1817 2437 1936 2475; x_wconf 86' lang='lat' dir='ltr'><strong>Marti</strong></span> 
     </span>
     <span class='ocr_line' id='line_1_41' title="bbox 139 2495 1936 2548; baseline -0.002 -12"><span class='ocrx_word' id='word_1_406' title='bbox 139 2498 264 2547; x_wconf 84' lang='lat' dir='ltr'><strong>magis</strong></span> <span class='ocrx_word' id='word_1_407' title='bbox 296 2501 356 2536; x_wconf 84' lang='lat' dir='ltr'><strong>est</strong></span> <span class='ocrx_word' id='word_1_408' title='bbox 384 2498 562 2548; x_wconf 77' lang='lat' dir='ltr'><strong>propria3</strong></span> <span class='ocrx_word' id='word_1_409' title='bbox 594 2496 760 2543; x_wconf 81' lang='lat' dir='ltr'><strong>illorum,</strong></span> <span class='ocrx_word' id='word_1_410' title='bbox 792 2495 1085 2545; x_wconf 82' lang='lat' dir='ltr'><strong>divergentium‚</strong></span> <span class='ocrx_word' id='word_1_411' title='bbox 1116 2496 1319 2535; x_wconf 87' lang='lat' dir='ltr'><strong>harmonia</strong></span> <span class='ocrx_word' id='word_1_412' title='bbox 1349 2509 1373 2534; x_wconf 90' lang='lat' dir='ltr'><strong>a</strong></span> <span class='ocrx_word' id='word_1_413' title='bbox 1394 2496 1498 2535; x_wconf 89' lang='lat' dir='ltr'><strong>Jove</strong></span> <span class='ocrx_word' id='word_1_414' title='bbox 1529 2502 1568 2536; x_wconf 89' lang='lat' dir='ltr'><strong>et</strong></span> <span class='ocrx_word' id='word_1_415' title='bbox 1588 2496 1713 2535; x_wconf 79' lang='lat' dir='ltr'><strong>Marte</strong></span> <span class='ocrx_word' id='word_1_416' title='bbox 1743 2495 1936 2546; x_wconf 83' lang='lat' dir='ltr'><strong>quodam-</strong></span> 
     </span>
     <span class='ocr_line' id='line_1_42' title="bbox 139 2554 1936 2604; baseline -0.002 -10"><span class='ocrx_word' id='word_1_417' title='bbox 139 2555 257 2594; x_wconf 89' lang='lat' dir='ltr'><strong>modo</strong></span> <span class='ocrx_word' id='word_1_418' title='bbox 287 2560 347 2594; x_wconf 89' lang='lat' dir='ltr'><strong>est</strong></span> <span class='ocrx_word' id='word_1_419' title='bbox 374 2555 550 2593; x_wconf 85' lang='lat' dir='ltr'><strong>alienior.</strong></span> <span class='ocrx_word' id='word_1_420' title='bbox 583 2554 714 2592; x_wconf 89' lang='lat' dir='ltr'><strong>Minus</strong></span> <span class='ocrx_word' id='word_1_421' title='bbox 735 2559 865 2592; x_wconf 68' lang='lat' dir='ltr'><strong>autem</strong></span> <span class='ocrx_word' id='word_1_422' title='bbox 895 2554 1122 2592; x_wconf 86' lang='lat' dir='ltr'><strong>laedebatur</strong></span> <span class='ocrx_word' id='word_1_423' title='bbox 1151 2556 1306 2593; x_wconf 87' lang='lat' dir='ltr'><strong>unionis</strong></span> <span class='ocrx_word' id='word_1_424' title='bbox 1336 2556 1448 2603; x_wconf 86' lang='lat' dir='ltr'><strong>ratio,</strong></span> <span class='ocrx_word' id='word_1_425' title='bbox 1480 2566 1582 2604; x_wconf 85' lang='lat' dir='ltr'><strong>quae</strong></span> <span class='ocrx_word' id='word_1_426' title='bbox 1613 2555 1725 2593; x_wconf 84' lang='lat' dir='ltr'><strong>binos</strong></span> <span class='ocrx_word' id='word_1_427' title='bbox 1756 2559 1794 2593; x_wconf 89' lang='lat' dir='ltr'><strong>et</strong></span> <span class='ocrx_word' id='word_1_428' title='bbox 1822 2554 1936 2592; x_wconf 87' lang='lat' dir='ltr'><strong>binos</strong></span> 
     </span>
     <span class='ocr_line' id='line_1_43' title="bbox 141 2611 1934 2662; baseline -0.002 -10"><span class='ocrx_word' id='word_1_429' title='bbox 141 2615 291 2653; x_wconf 87' lang='lat' dir='ltr'><strong>vicinos</strong></span> <span class='ocrx_word' id='word_1_430' title='bbox 323 2612 504 2662; x_wconf 83' lang='lat' dir='ltr'><strong>colligat,</strong></span> <span class='ocrx_word' id='word_1_431' title='bbox 545 2614 578 2651; x_wconf 88' lang='lat' dir='ltr'><strong>si</strong></span> <span class='ocrx_word' id='word_1_432' title='bbox 606 2612 768 2651; x_wconf 88' lang='lat' dir='ltr'><strong>alienior</strong></span> <span class='ocrx_word' id='word_1_433' title='bbox 798 2618 837 2650; x_wconf 87' lang='lat' dir='ltr'><strong>et</strong></span> <span class='ocrx_word' id='word_1_434' title='bbox 866 2614 1049 2650; x_wconf 89' lang='lat' dir='ltr'><strong>remotior</strong></span> <span class='ocrx_word' id='word_1_435' title='bbox 1079 2611 1129 2650; x_wconf 89' lang='lat' dir='ltr'><strong>ab</strong></span> <span class='ocrx_word' id='word_1_436' title='bbox 1159 2614 1207 2650; x_wconf 91' lang='lat' dir='ltr'><strong>iis</strong></span> <span class='ocrx_word' id='word_1_437' title='bbox 1237 2613 1442 2651; x_wconf 80' lang='lat' dir='ltr'><strong>harmonia</strong></span> <span class='ocrx_word' id='word_1_438' title='bbox 1470 2614 1784 2660; x_wconf 83' lang='lat' dir='ltr'><strong>fermentaretur,</strong></span> <span class='ocrx_word' id='word_1_439' title='bbox 1817 2623 1934 2662; x_wconf 86' lang='lat' dir='ltr'><strong>quam</strong></span> 
     </span>
     <span class='ocr_line' id='line_1_44' title="bbox 141 2669 1937 2722; baseline -0.002 -11"><span class='ocrx_word' id='word_1_440' title='bbox 141 2673 175 2711; x_wconf 90' lang='lat' dir='ltr'><strong>si</strong></span> <span class='ocrx_word' id='word_1_441' title='bbox 204 2673 374 2722; x_wconf 86' lang='lat' dir='ltr'><strong>propria,</strong></span> <span class='ocrx_word' id='word_1_442' title='bbox 405 2682 507 2721; x_wconf 87' lang='lat' dir='ltr'><strong>quae</strong></span> <span class='ocrx_word' id='word_1_443' title='bbox 538 2681 592 2708; x_wconf 84' lang='lat' dir='ltr'><strong>sc.</strong></span> <span class='ocrx_word' id='word_1_444' title='bbox 624 2675 683 2709; x_wconf 89' lang='lat' dir='ltr'><strong>est</strong></span> <span class='ocrx_word' id='word_1_445' title='bbox 715 2672 812 2707; x_wconf 90' lang='lat' dir='ltr'><strong>inter</strong></span> <span class='ocrx_word' id='word_1_446' title='bbox 832 2671 1045 2708; x_wconf 87' lang='lat' dir='ltr'><strong>vicinorum</strong></span> <span class='ocrx_word' id='word_1_447' title='bbox 1076 2670 1317 2719; x_wconf 87' lang='lat' dir='ltr'><strong>planetarum</strong></span> <span class='ocrx_word' id='word_1_448' title='bbox 1338 2677 1468 2710; x_wconf 88' lang='lat' dir='ltr'><strong>motus</strong></span> <span class='ocrx_word' id='word_1_449' title='bbox 1498 2673 1622 2721; x_wconf 86' lang='lat' dir='ltr'><strong>magis</strong></span> <span class='ocrx_word' id='word_1_450' title='bbox 1653 2672 1813 2708; x_wconf 87' lang='lat' dir='ltr'><strong>vicinos.</strong></span> <span class='ocrx_word' id='word_1_451' title='bbox 1854 2669 1937 2708; x_wconf 88' lang='lat' dir='ltr'><strong>Ne-</strong></span> 
     </span>
    </p>
   </div>
   <div class='ocr_carea' id='block_1_3' title="bbox 142 2727 1994 2838">
    <p class='ocr_par' dir='ltr' id='par_1_5' title="bbox 142 2727 1994 2838">
     <span class='ocr_line' id='line_1_45' title="bbox 142 2727 1994 2780; baseline -0.003 -11"><span class='ocrx_word' id='word_1_452' title='bbox 142 2742 220 2780; x_wconf 87' lang='lat' dir='ltr'><strong>que</strong></span> <span class='ocrx_word' id='word_1_453' title='bbox 249 2734 378 2769; x_wconf 83' lang='lat' dir='ltr'><strong>tamen</strong></span> <span class='ocrx_word' id='word_1_454' title='bbox 410 2728 526 2768; x_wconf 88' lang='lat' dir='ltr'><strong>valde</strong></span> <span class='ocrx_word' id='word_1_455' title='bbox 556 2740 698 2779; x_wconf 81' lang='lat' dir='ltr'><strong>magna</strong></span> <span class='ocrx_word' id='word_1_456' title='bbox 728 2728 800 2766; x_wconf 86' lang='lat' dir='ltr'><strong>fuit</strong></span> <span class='ocrx_word' id='word_1_457' title='bbox 828 2727 926 2766; x_wconf 86' lang='lat' dir='ltr'><strong>haec</strong></span> <span class='ocrx_word' id='word_1_458' title='bbox 962 2728 1217 2767; x_wconf 83' lang='lat' dir='ltr'><strong>fermentatio.</strong></span> <span class='ocrx_word' id='word_1_459' title='bbox 1279 2730 1445 2768; x_wconf 84' lang='lat' dir='ltr'><strong>Inventa</strong></span> <span class='ocrx_word' id='word_1_460' title='bbox 1474 2730 1578 2768; x_wconf 90' lang='lat' dir='ltr'><strong>enim</strong></span> <span class='ocrx_word' id='word_1_461' title='bbox 1607 2735 1666 2767; x_wconf 84' lang='lat' dir='ltr'><strong>est</strong></span> <span class='ocrx_word' id='word_1_462' title='bbox 1694 2729 1816 2776; x_wconf 86' lang='lat' dir='ltr'><strong>ratio,</strong></span> <span class='ocrx_word' id='word_1_463' title='bbox 1857 2738 1936 2777; x_wconf 88' lang='lat' dir='ltr'><strong>qua</strong></span> <span class='ocrx_word' id='word_1_464' title='bbox 1993 2766 1994 2771; x_wconf 64' lang='lat'><strong>,</strong></span> 
     </span>
     <span class='ocr_line' id='line_1_46' title="bbox 143 2784 1994 2838; baseline -0.002 -11"><span class='ocrx_word' id='word_1_465' title='bbox 143 2794 183 2827; x_wconf 88' lang='lat' dir='ltr'><strong>et</strong></span> <span class='ocrx_word' id='word_1_466' title='bbox 211 2793 360 2827; x_wconf 87' lang='lat' dir='ltr'><strong>starent</strong></span> <span class='ocrx_word' id='word_1_467' title='bbox 390 2787 615 2827; x_wconf 86' lang='lat' dir='ltr'><strong>harmoniae</strong></span> <span class='ocrx_word' id='word_1_468' title='bbox 646 2785 885 2825; x_wconf 84' lang='lat' dir='ltr'><strong>universales</strong></span> <span class='ocrx_word' id='word_1_469' title='bbox 908 2787 1077 2824; x_wconf 86' lang='lat' dir='ltr'><strong>omnium</strong></span> <span class='ocrx_word' id='word_1_470' title='bbox 1108 2786 1353 2835; x_wconf 86' lang='lat' dir='ltr'><strong>planetarum</strong></span> <span class='ocrx_word' id='word_1_471' title='bbox 1374 2799 1525 2838; x_wconf 86' lang='lat' dir='ltr'><strong>eaeque</strong></span> <span class='ocrx_word' id='word_1_472' title='bbox 1547 2787 1813 2825; x_wconf 86' lang='lat' dir='ltr'><strong>distinctorum</strong></span> <span class='ocrx_word' id='word_1_473' title='bbox 1835 2784 1935 2823; x_wconf 87' lang='lat' dir='ltr'><strong>duo·</strong></span> <span class='ocrx_word' id='word_1_474' title='bbox 1993 2796 1994 2801; x_wconf 54' lang='lat'>¹</span> 
     </span>
    </p>
   </div>
   <div class='ocr_carea' id='block_1_4' title="bbox 144 2843 1936 3128">
    <p class='ocr_par' dir='ltr' id='par_1_6' title="bbox 144 2843 1936 3128">
     <span class='ocr_line' id='line_1_47' title="bbox 144 2843 1935 2897; baseline -0.001 -14"><span class='ocrx_word' id='word_1_475' title='bbox 144 2858 227 2884; x_wconf 88' lang='lat' dir='ltr'><strong>rum</strong></span> <span class='ocrx_word' id='word_1_476' title='bbox 258 2857 453 2897; x_wconf 87' lang='lat' dir='ltr'><strong>generum,</strong></span> <span class='ocrx_word' id='word_1_477' title='bbox 485 2851 526 2886; x_wconf 90' lang='lat' dir='ltr'><strong>et</strong></span> <span class='ocrx_word' id='word_1_478' title='bbox 555 2857 643 2884; x_wconf 93' lang='lat' dir='ltr'><strong>cum</strong></span> <span class='ocrx_word' id='word_1_479' title='bbox 664 2844 797 2895; x_wconf 85' lang='lat' dir='ltr'><strong>aliqua</strong></span> <span class='ocrx_word' id='word_1_480' title='bbox 826 2845 1012 2882; x_wconf 82' lang='lat' dir='ltr'><strong>tensionis</strong></span> <span class='ocrx_word' id='word_1_481' title='bbox 1034 2843 1251 2890; x_wconf 85' lang='lat' dir='ltr'><strong>latitudine,</strong></span> <span class='ocrx_word' id='word_1_482' title='bbox 1275 2857 1375 2895; x_wconf 85' lang='lat' dir='ltr'><strong>quae</strong></span> <span class='ocrx_word' id='word_1_483' title='bbox 1398 2846 1535 2884; x_wconf 85' lang='lat' dir='ltr'><strong>saltem</strong></span> <span class='ocrx_word' id='word_1_484' title='bbox 1556 2856 1708 2883; x_wconf 84' lang='lat' dir='ltr'><strong>comma</strong></span> <span class='ocrx_word' id='word_1_485' title='bbox 1737 2847 1935 2894; x_wconf 85' lang='lat' dir='ltr'><strong>aequaret,</strong></span> 
     </span>
     <span class='ocr_line' id='line_1_48' title="bbox 146 2902 1935 2954; baseline -0.002 -12"><span class='ocrx_word' id='word_1_486' title='bbox 146 2909 184 2942; x_wconf 90' lang='lat' dir='ltr'><strong>et</strong></span> <span class='ocrx_word' id='word_1_487' title='bbox 214 2904 431 2954; x_wconf 83' lang='lat' dir='ltr'><strong>singulares</strong></span> <span class='ocrx_word' id='word_1_488' title='bbox 461 2906 577 2943; x_wconf 89' lang='lat' dir='ltr'><strong>etiam</strong></span> <span class='ocrx_word' id='word_1_489' title='bbox 608 2904 783 2942; x_wconf 88' lang='lat' dir='ltr'><strong>binorum</strong></span> <span class='ocrx_word' id='word_1_490' title='bbox 806 2902 1020 2941; x_wconf 84' lang='lat' dir='ltr'><strong>vicinorum</strong></span> <span class='ocrx_word' id='word_1_491' title='bbox 1052 2902 1165 2941; x_wconf 86' lang='lat' dir='ltr'><strong>binae</strong></span> <span class='ocrx_word' id='word_1_492' title='bbox 1187 2908 1468 2953; x_wconf 81' lang='lat' dir='ltr'><strong>assererentur3</strong></span> <span class='ocrx_word' id='word_1_493' title='bbox 1499 2903 1815 2952; x_wconf 85' lang='lat' dir='ltr'><strong>convergentium</strong></span> <span class='ocrx_word' id='word_1_494' title='bbox 1845 2903 1935 2951; x_wconf 89' lang='lat' dir='ltr'><strong>qui—</strong></span> 
     </span>
     <span class='ocr_line' id='line_1_49' title="bbox 148 2958 1936 3012; baseline -0.001 -13"><span class='ocrx_word' id='word_1_495' title='bbox 148 2961 233 3000; x_wconf 89' lang='lat' dir='ltr'><strong>dem</strong></span> <span class='ocrx_word' id='word_1_496' title='bbox 263 2970 438 3001; x_wconf 91' lang='lat' dir='ltr'><strong>motuum</strong></span> <span class='ocrx_word' id='word_1_497' title='bbox 468 2964 506 3000; x_wconf 94' lang='lat' dir='ltr'><strong>in</strong></span> <span class='ocrx_word' id='word_1_498' title='bbox 538 2966 705 3012; x_wconf 88' lang='lat' dir='ltr'><strong>quatuor</strong></span> <span class='ocrx_word' id='word_1_499' title='bbox 735 2958 846 3010; x_wconf 81' lang='lat' dir='ltr'><strong>bigis,</strong></span> <span class='ocrx_word' id='word_1_500' title='bbox 877 2960 1090 3010; x_wconf 86' lang='lat' dir='ltr'><strong>perfectae,</strong></span> <span class='ocrx_word' id='word_1_501' title='bbox 1124 2961 1364 3011; x_wconf 89' lang='lat' dir='ltr'><strong>apheliorum</strong></span> <span class='ocrx_word' id='word_1_502' title='bbox 1394 2963 1431 2999; x_wconf 90' lang='lat' dir='ltr'><strong>in</strong></span> <span class='ocrx_word' id='word_1_503' title='bbox 1464 2973 1562 3009; x_wconf 87' lang='lat' dir='ltr'><strong>una,</strong></span> <span class='ocrx_word' id='word_1_504' title='bbox 1593 2960 1864 3011; x_wconf 88' lang='lat' dir='ltr'><strong>periheliorum</strong></span> <span class='ocrx_word' id='word_1_505' title='bbox 1894 2961 1936 2997; x_wconf 87' lang='lat' dir='ltr'><strong>in</strong></span> 
     </span>
     <span class='ocr_line' id='line_1_50' title="bbox 148 3017 1936 3072; baseline -0.001 -16"><span class='ocrx_word' id='word_1_506' title='bbox 148 3018 311 3068; x_wconf 83' lang='lat' dir='ltr'><strong>duabus,</strong></span> <span class='ocrx_word' id='word_1_507' title='bbox 344 3021 476 3060; x_wconf 89' lang='lat' dir='ltr'><strong>itidem</strong></span> <span class='ocrx_word' id='word_1_508' title='bbox 508 3018 1033 3072; x_wconf 46' lang='lat' dir='ltr'><strong>perfectaer—-divergentium</strong></span> <span class='ocrx_word' id='word_1_509' title='bbox 1065 3031 1155 3058; x_wconf 88' lang='lat' dir='ltr'><strong>vero</strong></span> <span class='ocrx_word' id='word_1_510' title='bbox 1187 3020 1224 3058; x_wconf 90' lang='lat' dir='ltr'><strong>in</strong></span> <span class='ocrx_word' id='word_1_511' title='bbox 1246 3026 1413 3070; x_wconf 86' lang='lat' dir='ltr'><strong>quatuor</strong></span> <span class='ocrx_word' id='word_1_512' title='bbox 1442 3019 1554 3069; x_wconf 82' lang='lat' dir='ltr'><strong>bigis,</strong></span> <span class='ocrx_word' id='word_1_513' title='bbox 1586 3019 1684 3057; x_wconf 87' lang='lat' dir='ltr'><strong>infra</strong></span> <span class='ocrx_word' id='word_1_514' title='bbox 1709 3017 1936 3068; x_wconf 72' lang='lat' dir='ltr'><strong>discrepan-</strong></span> 
     </span>
     <span class='ocr_line' id='line_1_51' title="bbox 149 3072 1933 3128; baseline 0.001 -15"><span class='ocrx_word' id='word_1_515' title='bbox 149 3077 243 3115; x_wconf 90' lang='lat' dir='ltr'><strong>tiam</strong></span> <span class='ocrx_word' id='word_1_516' title='bbox 273 3072 387 3118; x_wconf 72' lang='lat' dir='ltr'><strong>unius</strong></span> <span class='ocrx_word' id='word_1_517' title='bbox 418 3078 582 3128; x_wconf 89' lang='lat' dir='ltr'><strong>dieseos,</strong></span> <span class='ocrx_word' id='word_1_518' title='bbox 614 3077 809 3118; x_wconf 88' lang='lat' dir='ltr'><strong>intervalli</strong></span> <span class='ocrx_word' id='word_1_519' title='bbox 838 3077 997 3125; x_wconf 92' lang='lat' dir='ltr'><strong>minimi,</strong></span> <span class='ocrx_word' id='word_1_520' title='bbox 1029 3082 1216 3126; x_wconf 90' lang='lat' dir='ltr'><strong>quantum</strong></span> <span class='ocrx_word' id='word_1_521' title='bbox 1246 3078 1416 3117; x_wconf 90' lang='lat' dir='ltr'><strong>humana</strong></span> <span class='ocrx_word' id='word_1_522' title='bbox 1448 3088 1523 3116; x_wconf 85' lang='lat' dir='ltr'><strong>vox</strong></span> <span class='ocrx_word' id='word_1_523' title='bbox 1554 3078 1594 3115; x_wconf 93' lang='lat' dir='ltr'><strong>in</strong></span> <span class='ocrx_word' id='word_1_524' title='bbox 1625 3080 1739 3116; x_wconf 87' lang='lat' dir='ltr'><strong>cantu</strong></span> <span class='ocrx_word' id='word_1_525' title='bbox 1769 3075 1933 3125; x_wconf 88' lang='lat' dir='ltr'><strong>figurato</strong></span> 
     </span>
    </p>
   </div>
  </div>
 </body>
</html>
