1994 3276
579 136 814 176 Harmonicis.
860 138 971 177 Liber
991 140 1057 177 ΙΙΙ.
1082 141 1201 187 Caput
1223 141 1321 178 xm.
1758 148 1839 187 1⁵17

53 254 177 304 {rino
211 266 328 295 msa
355 259 544 296 concinna
573 257 799 307 intervalla,
838 258 945 310 qnod
984 259 1178 310 quaedam
1214 273 1263 300 ex
1293 262 1342 300 iis
1376 261 1544 311 junctim
1580 261 1836 314 considerata,

54 313 234 362 quamvis
260 318 398 352 namra
425 315 503 352 sint
532 317 738 364 concinna,
778 328 830 355 sc.
862 323 949 356 orta
976 329 1024 356 ex
1055 320 1344 368 comparatione
1385 324 1425 358 et
1454 320 1714 360 abstractione
1742 321 1837 361 har-

52 370 289 419 moniarum,
329 382 402 410 usu
430 378 559 412 tamen
602 385 628 413 a
654 374 833 413 melodiis
870 380 975 414 certo
1004 383 1181 427 respectu
1220 388 1291 427 pro
1320 378 1560 417 inconcinnis
1599 378 1835 429 rejiciantur.

55 426 171 466 Illum
199 439 355 467 sensum
383 438 701 481 praesupponunt
736 438 776 471 et
804 434 1014 483 respiciunt
1042 449 1133 485 τωη
1172 440 1210 473 et
1240 449 1414 484 netum,
1454 436 1558 475 hunc
1586 448 1680 476 vero
1709 439 1835 488 potis—

52 487 206 526 mum„
221 484 362 539 dynam,
402 494 483 527 tam
511 489 696 538 actualis,
737 502 855 540 quam
893 490 1118 531 desultoria.
1178 491 1288 532 Haec
1318 494 1435 542 igitur
1472 495 1703 534 inconcinna
1740 495 1837 535 finnt
1898 503 1911 515 ·

53 553 205 583 rursum
233 544 384 583 duobus
414 547 656 587 nominibus:
687 549 750 587 vel
770 550 872 588 enim
900 555 1079 600 respectu
1099 552 1250 600 generis
1278 558 1349 590 aut
1373 551 1505 591 sceleti
1525 558 1700 602 octavae,
1730 553 1837 605 qnod

53 612 102 641 ea
128 600 246 652 plane
274 603 315 641 in
342 602 412 642 illo
441 616 519 643 non
550 612 780 656 usurpentur
808 618 934 657 neque
963 608 1127 647 forment
1157 607 1276 657 illud,
1308 614 1379 648 aut
1406 611 1440 648 si
1469 610 1549 650 alio
1580 610 1835 662 disponantur

53 657 206 713 ordine,
245 671 363 711 qnam
391 672 510 712 supra
539 665 664 713 capite
697 666 734 702 7.
764 671 903 704 natura
932 665 1084 716 docuit3
1125 672 1167 705 nt
1196 668 1230 704 si
1260 668 1347 717 quis
1376 667 1495 707 vellet
1529 670 1604 707 tria
1632 672 1837 709 semitonia

51 715 237 769 deinceps
264 718 453 766 ordinare,
484 723 729 761 semitonium
758 722 915 772 quidem
945 725 1068 774 primo
1097 736 1214 763 sensu
1235 726 1463 765 concinnum
1483 731 1554 773 est,
1584 732 1626 765 at
1654 727 1718 767 hic
1739 727 1833 768 ordo

51 776 341 816 semitoniorum
376 780 586 818 concinnus
620 791 697 819 non
727 787 786 820 est
814 781 889 820 hoc
917 782 1088 821 secundo
1116 794 1255 831 sensu,
1295 784 1352 822 ita
1390 783 1528 832 diesis,
1570 790 1710 825 natura
1739 798 1835 825 con-

52 834 181 883 cinna,
209 840 269 874 est
296 841 426 874 nmen
456 836 520 876 vel
548 838 588 874 in
618 837 714 877 duro
743 850 884 889 genere
914 846 1050 879 cantus
1090 840 1154 879 vel
1185 842 1224 878 in
1254 840 1362 879 molli
1398 843 1559 881 seorsim
1589 844 1837 895 inconcinna3

52 891 116 931 vel
144 890 311 943 denique
338 905 416 932 non
446 900 634 934 canuntur
662 895 856 948 deinceps,
886 909 959 938 nec
986 897 1095 938 licita
1123 905 1214 938 sunt
1241 898 1359 938 saltui
1379 902 1487 940 vocis
1508 901 1734 952 melodicae,
1764 914 1835 943 nec

51 946 174 1003 ἄρῃ
201 952 485 991 convenientia.

158 1007 268 1048 ‘Sunt
303 1010 423 1060 igitur
461 1010 537 1049 hoc
573 1011 744 1050 secundo
782 1023 898 1052 sensu
937 1015 1168 1054 inconcinna
1204 1019 1243 1054 et
1282 1016 1405 1055 vetita
1444 1016 1651 1056 intervalla
1689 1017 1751 1057 his
1792 1023 1836 1058 nt

51 1067 270 1118 praecipuis
298 1066 453 1119 legibus
483 1069 770 1119 comprehensa.

163 1123 198 1164 1.
224 1124 476 1166 Dinis-ante
504 1127 570 1167 vel
598 1133 688 1178 post
715 1130 962 1167 semitonium
990 1129 1216 1180 regulariter
1243 1142 1323 1169 non
1353 1132 1514 1170 canitur.

163 1181 220 1222 11.
247 1182 340 1223 Duo
368 1185 583 1233 semitonia,
620 1184 712 1225 licet
741 1185 922 1237 deinceps
952 1187 1175 1227 ordinentur
1204 1190 1244 1226 in
1274 1189 1408 1229 ordine
1437 1191 1683 1230 minimorum
1710 1192 1832 1232 inter-

52 1237 241 1279 vallorum
270 1243 407 1292 capitis
439 1244 476 1290 7,
506 1254 584 1282 non
612 1250 776 1293 possunt
805 1250 932 1284 tamen
962 1246 1084 1285 tribus
1113 1248 1220 1285 sonis
1250 1246 1431 1298 deinceps
1458 1250 1556 1298 cani,
1586 1248 1656 1288 sed
1686 1249 1831 1290 debent

51 1307 139 1337 cnm
168 1296 322 1339 duobus
349 1300 438 1339 aliis
468 1300 668 1340 elementis
697 1303 736 1340 in
767 1302 865 1342 dnos
894 1310 1008 1342 tonos
1038 1303 1268 1344 coalescere.

164 1354 238 1395 m.
266 1357 359 1396 Duo
387 1360 590 1398 semitonia
618 1361 719 1399 intra
748 1361 991 1411 complexum
1021 1363 1134 1401 nnius
1165 1368 1327 1413 quartae
1356 1362 1421 1402 vel
1449 1364 1620 1414 quintae,
1651 1376 1751 1415 quae
1779 1367 1834 1406 sit

51 1413 131 1452 imo
169 1412 259 1454 loco
295 1415 429 1456 sceleti
462 1421 645 1465 octavae,
685 1418 875 1458 ordinarie
915 1431 992 1458 non
1023 1426 1222 1460 canuntur.
1280 1421 1381 1460 Nam
1412 1422 1641 1471 efficeretur,
1681 1429 1726 1463 ut
1754 1435 1832 1464 vox

51 1469 185 1510 ordiris
221 1478 361 1523 quarta
397 1473 461 1513 vel
492 1476 628 1525 quinta
666 1488 742 1515 nou
773 1485 1003 1517 consonaret
1031 1490 1119 1517 cnm
1154 1481 1299 1529 prima,
1338 1491 1466 1530 neque
1503 1481 1672 1532 perfecte
1707 1493 1834 1533 nsque

52 1529 296 1580 imperfecte,
326 1532 458 1582 itaque
487 1543 564 1571 non
595 1540 699 1573 esset
727 1541 867 1585 quarta
895 1536 959 1575 vel
989 1538 1125 1586 quinta
1154 1548 1258 1575 vere.

164 1586 238 1627 Iv.
267 1587 443 1638 Quuuor
472 1592 553 1629 toni
583 1591 764 1642 deinceps
793 1604 871 1632 non
902 1599 1111 1643 canuntur,
1142 1596 1216 1633 nisi
1245 1596 1286 1633 in
1314 1606 1493 1644 suprema
1521 1601 1684 1636 octavae
1712 1602 1834 1649 parte,

55 1644 212 1694 quando
242 1646 382 1686 coloris
410 1653 450 1687 et
480 1650 675 1688 varietatis
707 1661 826 1689 cansa
853 1657 1023 1690 mutatur
1052 1652 1246 1702 sceleton3
1275 1663 1353 1690 non
1383 1654 1501 1702 igitur
1531 1653 1732 1694 ordinarie.

100 1702 111 1715 ²
167 1702 219 1743 V.
249 1703 425 1755 Septima
455 1711 494 1744 et
531 1708 661 1744 omnia
690 1707 847 1747 dissona
875 1721 993 1759 supra
1023 1715 1224 1761 octavam,
1266 1711 1373 1749 sonis
1409 1716 1499 1762 post
1526 1711 1696 1751 radicem
1723 1712 1835 1753 dein-

38 1771 146 1815 ceps
174 1760 381 1810 ordinatis,
421 1774 500 1802 non
529 1770 719 1803 canuntur
747 1766 960 1812 ordinarie,
999 1768 1076 1806 nisi
1104 1767 1340 1818 praecedens
1370 1767 1514 1807 habeat
1549 1769 1833 1819 quodammodo

51 1819 242 1859 rationem
269 1819 376 1869 fluis,
406 1832 572 1871 sequens
602 1824 788 1862 rationem
818 1826 911 1863 novi
941 1826 1052 1864 initii.

53 1892 686 2014 ff
822 1923 894 1963 vl.
923 1923 1085 1973 Sextas,
1126 1926 1199 1963 etsi
1239 1935 1453 1973 consonae,
1505 1925 1626 1964 rarius
1660 1925 1835 1966 admitti-

708 1992 813 2029 mus,
845 1987 883 2022 et
913 1987 1063 2021 tantum
1091 1984 1270 2022 minores.

156 2028 192 2054 In
235 2035 282 2055 me
325 2030 542 2056 trans-i-s
574 2037 683 2057 -runt.

167 2086 258 2126 vn.
287 2087 551 2129 Tetrachorda
580 2090 655 2130 dno
687 2093 799 2132 unius
832 2096 1007 2139 octavae,
1037 2103 1114 2130 non
1144 2093 1332 2131 existente
1362 2091 1498 2131 eodem
1523 2091 1610 2132 loco
1640 2094 1833 2133 semitonii

56 2145 94 2182 in
123 2155 255 2184 eorum
282 2150 465 2197 utroque,
504 2150 627 2187 rarius
656 2155 865 2199 canuntnr3
902 2149 1047 2188 scilicet
1089 2149 1228 2189 coloris
1259 2161 1377 2189 causa
1415 2155 1483 2189 aut
1512 2152 1833 2201 syncopatiouum

56 2198 125 2256 (de
154 2203 295 2254 quibus
323 2205 449 2255 capite
483 2203 592 2259 16.),
622 2218 748 2257 neque
779 2214 906 2247 tamen
936 2207 1094 2246 libertas
1124 2213 1183 2247 est
1211 2220 1317 2247 mera
1344 2207 1498 2247 locandi
1527 2209 1740 2258 semitonii,
1769 2221 1833 2249 re·

39 2259 255 2311 'stringitur
283 2262 384 2301 enim
413 2263 464 2302 ad
494 2275 582 2302 enm
612 2264 752 2315 locum,
787 2277 901 2316 quem
931 2265 1099 2304 admittit
1127 2277 1251 2316 genus
1283 2271 1431 2306 cantus.

79 2502 88 2509 ,
168 2483 280 2522 VIII.
312 2483 437 2524 Affine
469 2490 526 2524 est
551 2486 637 2533 hoc,
670 2486 774 2536 qnod
803 2492 880 2526 tres
909 2488 991 2526 toni
1022 2486 1202 2537 deinceps
1240 2488 1317 2525 imo
1345 2487 1431 2526 loco
1463 2492 1625 2526 octavae
1654 2498 1731 2526 non
1761 2499 1829 2527 ca-

0 2529 3 2614 }
57 2546 215 2591 nnntur3
245 2546 286 2581 at
316 2543 491 2592 superius
521 2543 774 2583 admittuntur
803 2544 954 2595 legibus
980 2545 1062 2595 jam
1094 2544 1218 2584 dictis.

418 2676 506 2699 ‚.—-
967 2634 1832 2728 fflffi'ffl*

173 2787 250 2826 lx.
278 2788 369 2827 Duo
399 2790 604 2828 semitonia
639 2791 678 2828 in
708 2803 826 2830 unum
855 2798 988 2831 tonum
1025 2789 1248 2830 naturaliter
1284 2799 1361 2826 non
1392 2788 1621 2837 conflantur,
1661 2788 1752 2829 licet
1779 2791 1831 2830 sit

1121 2857 1281 2898 parvum
1311 2847 1349 2883 in
1379 2845 1514 2883 auditu
1543 2845 1757 2895 discrimen,
1786 2853 1831 2888 ut

28 2911 31 2914 ⁴
670 2901 880 2928 ——
1120 2906 1154 2942 si
1185 2909 1324 2942 octava
1361 2903 1518 2952 incipiat
1554 2905 1603 2942 ab
1634 2903 1694 2953 E,
1732 2906 1830 2945 inter

65 2953 318 2988 -Θ-ΕΘ-
1120 2973 1176 3012 ερ,
1193 2961 1243 3012 ἀρ
1257 2960 1364 2999 fieret
1377 2972 1415 2998 n.
1427 2961 1668 3000 intervallum
1695 2959 1831 3018 ²²⁵5„

65 3025 112 3053 ex
139 3016 437 3067 compositione,
467 3015 572 3066 quod
601 3015 824 3056 naturaliter
853 3023 911 3057 est
939 3020 1227 3070 inconcinnum,
1254 3017 1343 3056 vide
1373 3028 1457 3069 cap.
1489 3020 1527 3055 4.

133 3087 256 3121 κηποι-ι
273 3088 370 3122 epm
387 3089 431 3119 v„
1575 3089 1624 3124 12
