1994 3276
146 139 230 178 210
417 136 473 172 De
496 106 797 182 Prop'ortionibus
821 127 1059 176 Harmoni'cis.
1088 138 1199 175 Liber
1212 137 1278 173 111.
1303 137 1488 182 Digressio
1511 135 1669 183 politica,

80 243 83 245 ’
145 254 245 294 adde
275 266 322 294 ex
352 257 540 307 principio
570 256 657 295 libri
688 257 805 307 hujus
836 258 929 296 bina
959 257 1105 296 media:
1137 258 1285 297 scilicet
1307 260 1437 296 aerem
1457 261 1497 297 et
1515 267 1660 334 aquam
1688 255 1787 296 inter
1816 255 1946 306 ignem

147 318 186 353 et
216 317 380 362 terram,
412 319 451 353 et
480 319 620 353 cetera.

262 371 325 412 At
345 383 423 411 non
455 373 573 423 paulo
604 373 741 412 melior
771 373 993 413 admonitio
1020 375 1066 414 de
1098 376 1166 423 iis,
1206 385 1307 424 quae
1339 375 1378 411 in
1410 372 1542 412 mundi
1573 362 1854 423 gubernatione
1882 381 1952 408 ra-

144 430 291 471 tionem
321 430 468 470 habent
498 430 845 471 dissonantiarum:
879 434 915 471 in
949 435 1080 472 anima
1109 435 1219 482 vitia,
1250 435 1288 470 in
1305 431 1539 483 animalibus
1561 434 1745 480 monstra,
1776 430 1815 468 in
1836 427 1947 467 coelo

146 487 336 538 deliquia,
376 490 413 526 in
446 492 660 539 geometria
691 491 903 531 ineffabilia
934 488 1058 545 (quae
1095 496 1230 530 tamen
1265 492 1499 530 necessitate
1529 490 1715 528 materiae
1746 486 1947 538 quantita-

144 547 249 585 tivae
281 558 368 586 cum
399 549 578 596 existant,
609 550 863 599 sequentibus
893 551 1002 592 libris
1034 550 1150 600 longe
1178 551 1320 588 rectius
1351 549 1579 595 coelestium
1607 551 1784 594 motuum
1815 545 1946 593 varie-f

144 606 217 643 tati
247 607 612 659 comparabuntur),
644 609 684 645 in
715 608 984 658 providentiae
1014 609 1196 660 operibus
1229 607 1407 658 exempla
1425 608 1506 646 irae
1530 605 1570 644 e't
1596 605 1756 644 ultionis
1776 603 1946 649 divinae,

144 664 244 702 inter
271 663 479 703 rationalia
508 664 700 705 diabolus.
747 665 872 716 Quae
905 668 1035 707 omnia
1065 679 1090 705 a
1120 667 1206 706 Deo
1237 677 1417 717 supremo
1447 663 1691 703 moderatore
1721 660 1772 702 ad
1790 661 1948 703 bouum

143 721 259 761 finem
290 734 493 773 rerumque
526 726 696 763 omnium
728 730 957 769 concentum
982 725 1322 780 absolutissimum
1354 723 1602 774 diriguntur,
1617 722 1680 760 cui
1710 720 1835 760 omnis
1863 720 1950 769 spi-

144 780 278 820 rabilis
310 790 487 821 creatura
517 784 763 822 meritissima
794 783 954 832 laudum
986 774 1175 824 sacrificia
1206 783 1439 822 indesinenti
1474 781 1655 832 pietatis
1664 779 1847 819 exercitio
1878 776 1949 816 de-

143 838 253 888 ferat,
301 836 464 891 ipseque
495 840 606 890 adeo,
639 844 671 880 si
705 843 831 880 visum
862 842 919 884 illi
950 843 1076 891 fuerit,
1109 853 1186 880 non
1217 843 1371 890 moriar,
1403 839 1472 883 sed
1502 841 1636 878 vivam
1650 837 1853 888 librisque
1883 847 1949 875 se-

144 898 354 947 quentibus
385 899 551 938 narrabo
584 898 715 950 Opera
746 900 916 947 Domini.
1770 914 1773 923 ·

838 1099 986 1145 Finis
1020 1099 1140 1138 libri
1181 1099 1255 1138 111.
1347 1088 1351 1092 ’
