1988 3276
646 125 971 166 nemausensem„
1016 126 1127 164 mer
1146 128 1177 166 1.
1750 133 1804 173 89

134 245 242 294 Quod
267 245 375 289 finan
401 245 495 284 tales
523 244 658 288 lineae,
680 242 783 290 ,dnos
811 244 1004 291 requisitos
1035 243 1187 281 effectus
1217 246 1461 290 praestantes.
1490 246 1695 284 necessario
1717 247 1808 292 fiant

24 299 217 339 binominis
235 302 278 341 st
297 296 474 348 ιὶιοεοιιιε,
500 298 767 336 demonstratur
789 297 837 337 ad
860 298 1015 336 eundem
1036 297 1200 343 modum,
1234 297 1281 333 ad
1303 308 1410 344 quem
1432 297 1476 334 X.
1500 298 1559 336 33.
1582 303 1641 336 est
1663 300 1807 339 demon·

22 356 147 400 strab,
169 355 309 392 hm
330 355 372 391 nt
395 361 462 400 pro
487 350 627 388 duabus
650 349 766 397 §quac
788 352 931 393 δυναμιι
953 365 1063 394 μονον
1086 349 1367 388 adhl‘beantur'
1350 365 1449 397 ρηται
1462 364 1571 397 aquen,
1595 355 1635 388 et
1655 351 1716 389 ubi
1739 366 1810 392 vox

24 417 128 451 μεσον
150 404 317 451 occurrit,
341 404 446 453 ρῃω
468 407 637 451 ponatur.
662 405 701 439 et
722 401 848 439 ultimo
873 408 1103 450 comparetur
1125 403 1288 441 definitio
1310 402 1501 441 binominis
1526 408 1564 441 et
1586 410 1783 451 apotomes.

261 460 381 494 antem
403 466 449 493 ex
472 454 730 512 compositione
753 458 791 491 et
813 454 1054 492 abstractione
1078 455 1271 493 binominis
1295 459 1333 492 et
1355 460 1553 503 apotomes,
1577 456 1669 495 duos
1690 461 1808 506 requi-

27 510 118 548 sitos
136 501 288 550 effecum
309 509 588 556 praestantium,
611 506 676 544 fiat
697 517 841 545 rursum
865 505 1037 551 effabilis,
1062 508 1115 544 sic
1138 514 1257 554 patet·

21 573 103 599 cu-
124 561 218 598 mim
240 571 379 599 amma
400 561 654 620 quadratorum
677 559 725 596 sit
748 557 921 600 effabilis
950 563 988 596 et
1009 561 1260 608 rectangulum

21 613 181 656 offilo,
210 613 486 661 compositarum
507 613 617 660 igitur
637 612 676 648 in
697 623 808 648 unum
832 611 1046 658 quadratum
1080 614 1260 652 constabit

20 677 67 704 ex
90 666 281 717 utriusqme
305 666 482 714 quadrato
515 670 554 703 et
581 665 723 711 dnobus
752 665 973 710 rectangulis
996 666 1256 713 communibus,

19 730 67 757 ex
87 718 228 757 duabus
251 729 306 758 sc
329 720 493 767 partibus
516 718 735 757 effabilibus:
760 727 872 764 quare
900 721 939 754 et
966 721 1082 754 totum
1105 719 1259 764 quadra-

19 777 95 810 tum
123 770 268 810 effabile
297 773 381 818 erit,
410 773 520 817 igitur
549 776 588 810 et
615 771 713 809 linea
743 770 961 816 composita,
1005 774 1136 816 potens
1169 770 1260 807 illud

20 824 242 873 quadratum
298 825 354 862 Sit
380 825 549 862 binomen
576 816 643 871 tp,
671 824 751 870 eJus
783 823 996 870 quadratum
1032 837 1091 868 xo,
1135 823 1183 860 sit
1224 828 1261 860 et

20 882 186 925 apotome
206 882 272 923 λθ,
302 878 382 925 ejus
404 877 579 925 quadrmn
603 882 665 921 θι,
689 882 727 915 et
750 877 822 913 sint
844 881 904 919 θι,
928 890 970 913 ao
999 876 1130 922 juncta
1152 876 1259 913 simul

20 928 208 980 effabilia,
210 932 258 970 sit
273 927 311 969 et
326 930 572 977 rectangulum
589 940 635 966 ex
650 933 713 975 θλ,
737 933 782 971 λμ
805 927 959 973 effabile,
982 927 1110 965 talium
1136 933 1257 964 autem

22 984 93 1023 duo
115 1001 171 1034 ιμ,
198 987 237 1026 ιε
258 984 439 1030 complent
462 982 675 1030 quadratum
698 981 810 1018 totius
826 985 879 1024 θμ
902 981 1136 1027 compositae,
1160 981 1257 1028 quod
1298 994 1311 1046 ζ

19 1038 229 1088 quadratum
251 1040 309 1074 est
329 1040 389 1072 θο.

132 1097 190 1134 De
220 1095 460 1133 abstractione
488 1092 663 1140 probatur
689 1093 728 1129 in
750 1091 849 1128 hunc
884 1090 1040 1128 modum.
1088 1091 1129 1128 Si
1163 1092 1256 1129 enim
1290 1093 1488 1140 composita
1511 1103 1557 1131 ex
1581 1097 1648 1139 θλ,
1679 1095 1743 1140 μλ,
1773 1094 1811 1131 id

22 1155 78 1189 est
99 1155 171 1197 θμ,
195 1153 253 1187 est
274 1147 444 1194 effabilis,
474 1147 542 1184 erit
564 1149 601 1183 et
623 1144 769 1182 dimidia
791 1147 846 1180 θπ
868 1143 1038 1191 effabilis,
1069 1148 1243 1191 tanquam
1267 1145 1384 1192 majus
1409 1156 1539 1182 nomen
1562 1150 1599 1182 et
1623 1150 1668 1181 π).
1691 1146 1810 1184 minus

22 1213 168 1250 nomm,
203 1207 243 1240 et
264 1201 379 1239 altera
402 1200 548 1238 dimidia
569 1210 642 1244 xm
678 1197 782 1234 aufer
809 1197 855 1233 ab
878 1208 923 1234 ea
953 1211 997 1240 μσ
1020 1197 1210 1245 aequalem
1234 1198 1304 1244 ipsi
1327 1203 1397 1245 θλ,
1433 1199 1503 1234 erit
1540 1202 1577 1235 et
1599 1199 1742 1236 residua
1766 1211 1811 1235 πσ

22 1254 184 1301 effabilis,
208 1258 246 1291 et
265 1258 344 1291 tota
367 1254 416 1298 λυ,
442 1263 491 1289 sc.
515 1251 627 1297 dupla
648 1250 763 1296 ipsius
786 1260 840 1286 ιω.
886 1250 936 1286 At
959 1260 1005 1286 ιω
1027 1255 1085 1288 est
1107 1251 1254 1288 residua
1276 1255 1361 1298 post
1384 1250 1603 1287 ablationem
1625 1255 1811 1298 apotomes

20 1321 65 1351 μσ
87 1318 109 1345 a
130 1306 309 1344 binomine
332 1310 386 1351 λμ,
410 1304 592 1341 residuum
615 1314 699 1348 ergo
723 1302 765 1338 fit
788 1302 941 1339 effabile.

133 1356 272 1397 XXV.
299 1355 565 1395 Definitio.
623 1353 748 1404 Igitur
776 1364 825 1392 ex
862 1351 1034 1392 secunda
1062 1352 1159 1403 biga
1198 1354 1299 1392 sexti
1344 1352 1489 1404 gradus
1517 1365 1622 1392 num.
1652 1353 1809 1393 XVIII.

22 1416 239 1467 praemisso
265 1413 456 1454 linearum
483 1414 582 1451 inter
610 1423 652 1450 se
681 1411 798 1462 plane
831 1409 1302 1460 incommensurabilium,
1344 1412 1486 1462 quibus
1522 1424 1675 1452 summa
1711 1424 1811 1463 qna-

25 1474 313 1514 dratorum⁴est
338 1470 523 1519 effabilis,
562 1469 829 1520 rectangulum
858 1481 1014 1519 meson,
1045 1470 1329 1521 compositione
1358 1471 1532 1510 nascitur
1559 1472 1710 1519 mizon,
1741 1482 1812 1510 seu

24 1531 148 1582 major
185 1530 310 1581 dicta3
353 1529 614 1569 abstractione
669 1527 825 1568 elasson
860 1540 930 1568 seu
968 1528 1105 1567 minor.
1164 1528 1225 1566 Ex
1255 1529 1389 1577 tertia,
1431 1528 1499 1567 ubi
1529 1540 1680 1568 summa
1711 1526 1811 1579 qua-

26 1590 222 1638 dratorum
250 1592 311 1630 est
338 1599 484 1635 meson,
514 1585 779 1637 rectangulum
810 1586 986 1635 effabile,
1019 1597 1120 1636 quae
1150 1585 1420 1636 componendo
1451 1589 1640 1635 nascitur,
1670 1598 1811 1626 nomen

23 1648 145 1689 habet
170 1650 323 1699 potens
340 1646 494 1687 effabile
524 1651 564 1686 et
590 1655 736 1692 meson,
769 1656 869 1694 quae
899 1643 1174 1692 abstrahendo,
1206 1644 1353 1684 faciens
1385 1656 1471 1682 cnm
1503 1642 1647 1683 effabili
1676 1656 1810 1684 meson

25 1710 162 1746 totam.
220 1705 400 1754 Denique
430 1714 478 1742 ex
509 1706 647 1752 quarta
675 1702 767 1752 biga
796 1703 950 1752 septimi
978 1701 1142 1752 gradus,
1182 1712 1286 1740 num.
1319 1701 1440 1742 XIX.
1472 1704 1702 1751 praemissa,
1742 1703 1811 1742 ubi

24 1769 186 1814 uterque
215 1763 373 1803 effectus
401 1761 445 1800 fit
474 1771 629 1810 meson,
672 1759 938 1811 componendo
977 1760 1020 1799 tit
1057 1764 1195 1811 potens
1231 1760 1326 1801 bina
1363 1759 1510 1809 media,
1550 1760 1810 1801 abstrahendo

23 1822 171 1863 heim
197 1832 285 1861 cum
313 1830 420 1859 meso
449 1830 585 1858 meson
612 1822 748 1857 totum.

137 1877 190 1919 Et
228 1889 318 1919 ecce
358 1878 544 1929 originem
585 1875 788 1917 duodecim
835 1876 1049 1927 specierum
1092 1875 1368 1917 Euclidearum
1413 1887 1623 1927 earumque
1662 1878 1813 1916 numeri

27 1949 195 1978 ausu.
238 1936 339 1976 Nam
369 1935 421 1975 ad
450 1935 693 1984 remotiores,
724 1946 824 1984 quae
855 1934 919 1974 vel
948 1945 1140 1973 summam
1170 1935 1471 1984 quadratorum,
1511 1934 1578 1974 vel
1606 1940 1814 1986 rectangu-

0 2005 3 2006 ⁷
25 1995 112 2035 lum
138 2006 354 2044 commune,
383 1994 448 2033 vel
478 1998 682 2043 utrumque
710 1993 907 2044 proferunt
936 1992 1037 2032 ultra
1067 1991 1237 2033 effabilia
1266 1998 1306 2033 et
1347 2004 1458 2033 mesa
1494 1994 1535 2031 in
1564 1993 1814 2044 ignobiliores

26 2054 191 2104 species,
218 2065 299 2092 non
327 2053 478 2092 censuit
504 2051 686 2091 Euclides
714 2052 790 2090 sibi
818 2049 1140 2102 progrediendum
1170 2062 1268 2091 esse.

138 2110 587 2150 nerDeriuitio
632 2114 681 2148 et
733 2109 1074 2160 Comparatio.
1133 2108 1321 2150 Sufficere
1359 2110 1436 2148 ista
1478 2113 1657 2159 poterant
1695 2110 1813 2149 etiam

26 2169 141 2208 nobis
169 2168 222 2208 ad
239 2167 530 2209 constituendos
549 2167 693 2218 gradus
713 2166 1092 2215 demonstrationum,
1124 2169 1267 2218 quibus
1295 2168 1421 2208 latera
1451 2167 1671 2218 figurarum,
1700 2168 1813 2207 nobis

30 2227 84 2266 ad
111 2227 334 2267 harmonica
360 2228 673 2274 necessariarum,
705 2225 1007 2276 distinguuntur·
1036 2226 1111 2264 nisi
1141 2226 1375 2276 quibusdam
1405 2238 1453 2265 ex
1472 2227 1671 2265 recensitis
1700 2237 1814 2265 acce-

29 2285 163 2325 derent
191 2284 294 2325 aliae
320 2285 476 2335 insuper
503 2286 778 2335 proprietates,
820 2286 898 2323 imo
927 2286 1003 2323 nisi
1032 2286 1353 2334 praevenirentur
1380 2285 1570 2323 hactenus
1600 2285 1812 2324 recensitae

26 2343 282 2394 proprietates
310 2342 564 2382 nobilioribus
594 2342 693 2391 aliis,
725 2342 865 2392 quibus
896 2341 1140 2382 cumulantur
1159 2342 1303 2393 gradus
1333 2342 1630 2383 scientificarum
1650 2342 1812 2404 demon-

26 2403 267 2442 strationum.

148 2459 320 2499 Ventum
350 2461 410 2497 est
438 2457 489 2496 ad
519 2458 836 2509 compositionem
866 2462 905 2498 et
934 2458 1255 2507 abstractionem,
1286 2458 1354 2497 nbi
1383 2458 1507 2497 lineas
1527 2457 1812 2509 componendas

10 2517 94 2570 ⁴vel
121 2516 398 2557 abstrahendas
425 2515 514 2555 laxe
544 2517 761 2565 sumsimus,
791 2515 900 2556 nulla
928 2517 974 2554 iis
1004 2517 1186 2567 imposita
1215 2521 1343 2556 certae
1375 2516 1604 2566 quantitatis
1634 2517 1809 2555 necessi—

28 2578 120 2614 tate.
180 2574 330 2624 Quodsi
356 2577 436 2619 iam
466 2573 748 2624 adstringamus
776 2574 904 2625 leges,
940 2576 1124 2624 imposita
1154 2579 1259 2614 certa
1286 2575 1537 2625 proportione
1567 2574 1692 2624 bigis,
1732 2585 1810 2611 non

30 2632 185 2683 quidem
214 2634 270 2672 sic
300 2632 413 2678 datis,
443 2635 488 2670 ut
514 2631 606 2670 illae
631 2632 789 2682 junctae
819 2644 936 2671 unam
966 2632 1169 2672 duodecim
1191 2635 1407 2682 specierum
1436 2633 1619 2679 fecerunt,
1650 2631 1718 2670 sed
1747 2632 1810 2669 bi-

5 2691 90 2741 gis
119 2689 231 2730 aliter
261 2690 375 2738 datis,
406 2689 473 2727 uni
503 2689 652 2728 scilicet
677 2695 806 2730 rectae
835 2690 950 2730 datae
981 2695 1019 2730 et
1051 2691 1135 2741 ejus
1165 2692 1268 2742 parti
1298 2691 1436 2739 maJ'ori
1467 2688 1736 2736 inveniendae,
1767 2693 1811 2727 ut

11 2749 84 2789 'isit
109 2749 289 2787 nimirum
317 2747 382 2787 vel
412 2748 536 2785 minor
563 2759 653 2798 pars
682 2748 734 2786 ad
762 2749 948 2798 maj01em
977 2753 1021 2787 ut
1048 2749 1174 2799 major
1203 2748 1255 2786 ad
1286 2747 1594 2797 componendam
1625 2758 1672 2785 ex
1700 2751 1811 2785 utra-

13 2804 120 2856 sque,
149 2805 214 2845 vel
243 2807 414 2845 vicissim
443 2805 567 2854 major
595 2804 644 2843 ad
673 2806 859 2845 minorem
887 2811 931 2845 ut
959 2808 1082 2845 minor
1111 2807 1161 2845 ad
1191 2805 1408 2846 residuam:
1440 2805 1545 2854 quod
1574 2808 1707 2842 manet
1736 2804 1811 2843 ab·

0 2865 240 2913 νι’,ιειάιιείοιιιι
271 2863 431 2902 duarum
461 2863 582 2910 sacta,
611 2874 688 2901 non
717 2876 868 2914 semper
895 2864 961 2904 fiet
990 2864 1133 2914 gradus
1165 2865 1308 2914 aliquis
1338 2863 1539 2911 remotior,
1571 2861 1639 2901 sed
1669 2873 1739 2911 pro
1768 2874 1810 2902 re

11 2914 126 2961 {nata
152 2920 366 2961 recidemus
395 2922 435 2959 in
464 2932 580 2959 unam
611 2920 886 2969 explicatamm
915 2924 1126 2974 specierum
1155 2927 1194 2962 et
1222 2932 1403 2972 regressu
1442 2919 1565 2968 facto,
1607 2930 1809 2970 compara-

16 2977 161 3019 bimus
186 2977 331 3019 lineam
359 2981 623 3029 constitutam,
665 2989 764 3026 quae
792 2991 861 3029 per
889 2991 932 3021 se
963 2985 1022 3020 est
1053 2982 1182 3020 octavi
1210 2979 1374 3030 gradus,
1417 2989 1503 3016 cum
1539 2977 1654 3017 lineis
1683 2980 1810 3027 quarti

151 3093 482 3145 Quemadmodum
520 3094 621 3134 enim
656 3093 697 3131 in
726 3097 863 3146 quarto
901 3095 1023 3146 gradu
1054 3095 1154 3135 defin
1182 3094 1276 3134 XV.
1315 3092 1414 3135 duae
1453 3096 1582 3134 rectae
1619 3094 1811 3134 communi
