1994 3276
126 81 210 123 390
810 76 1009 115 Ptolemaei
1031 77 1239 115 Harmonia.

125 197 433 246 remittuntur-ve,
463 197 699 248 seligamus3
731 208 896 248 cumque
925 197 1084 250 planeta
1112 203 1151 237 et
1179 199 1345 249 primum
1375 192 1680 240 orbemfha‘beat
1709 203 1749 240 et
1777 193 1916 240 su'b'or-

127 256 301 307 dinatos,
341 261 513 308 systema
543 267 635 295 vero
667 261 706 296 et
734 256 894 296 stabiles
926 256 1050 310 dictos
1093 267 1210 295 sonos
1241 263 1279 295 et
1308 257 1496 307 mpbiles:
1535 257 1695 298 stabiles
1736 258 1917 310 equidem

127 316 437 366 comparabimus
467 315 600 366 primis
631 315 812 366 orbibus,
856 314 1020 354 mobiles
1056 316 1208 353 circulis
1238 315 1524 366 subordinatis3
1569 318 1671 356 sicut
1700 319 1802 358 enim
1831 329 1918 356 mo-

125 373 225 413 biles
256 372 340 412 'soni
372 377 462 411 sunt
490 377 647 427 propter
676 371 820 423 genera
849 378 1008 421 cantus,
1051 374 1107 412 sic
1139 374 1188 411 ob
1220 372 1259 410 id
1289 375 1428 424 ipsum,
1459 378 1503 412 ut
1530 374 1713 427 planetae
1743 375 1839 414 fiant
1869 388 1917 415 ex

104 431 325 471 ‘altissimis
357 430 579 480 humillimi,
610 432 768 470 orbibus
799 431 887 470 aliis
918 443 1016 482 opus
1046 427 1104 470 e‘st
1135 436 1173 470 et
1202 435 1310 470 motu
1339 438 1504 482 per'eos
1534 433 1651 484 inque
1680 439 1811 485 partes
1842 435 1918 472 cir-

127 488 302 530 culorum
333 491 545 540 oppositas.
587 489 637 528 Et
667 489 811 529 dictum
843 495 901 528 est
931 501 1059 539 supra,
1092 490 1164 528 tria
1194 501 1338 539 genera
1368 496 1503 531 cantus
1533 491 1765 543 respondere
1796 490 1918 541 tribus

126 548 418 588 intervallorum
447 552 701 599 motuumque
730 549 938 599 generibus
955 545 1057 598 Vffl).

241 607 291 646 Et
319 609 467 656 primae
498 605 654 656 quidem
683 606 759 646 hoc
788 611 903 656 pacto
936 606 1080 646 electae
1100 605 1290 657 sphaerae
1320 612 1410 645 sunt
1435 608 1558 647 istae:
1590 604 1759 657 Saturni,
1790 607 1917 656 Jovis,

126 665 284 714 Martis,
316 664 441 712 Solis,
475 664 661 713 Veneris,
678 663 892 714 Mercurii,
932 664 1080 703 Lunae.
1139 664 1313 703 Primum
1343 667 1445 704 enim
1473 666 1618 706 mobile
1647 678 1725 706 nou
1755 665 1921 718 sphaera

125 727 164 762 in
194 722 363 771 mundo,
405 722 474 761 sed
504 723 671 761 mundns
702 724 785 774 ipse
816 728 875 761 est
903 728 1109 772 motusque
1140 723 1224 773 ejus
1256 724 1392 763 ceteris
1422 725 1603 764 omnibus
1633 724 1847 774 communis
1880 730 1919 764 et

126 785 165 821 in
196 781 353 832 plagam
384 783 616 820 contrariam
645 782 721 831 eis,
754 793 852 831 quos
879 781 962 831 jam
993 776 1305 830 consideramus,
1346 793 1418 821 nec
1446 782 1681 833 peculiarem
1709 782 1918 834 planetam,

126 840 195 880 sed
226 839 411 878 mundum
441 840 568 894 ipsum
589 839 708 887 vehit,
739 851 810 879 nec
840 841 966 889 magis
996 841 1257 879 innumerum
1286 841 1496 890 primarum
1515 841 1767 892 sphaerarum
1786 843 1920 880 venire
1980 852 1982 854 ’

127 899 254 948 debet,
286 910 402 948 quam
433 887 557 936 totum
587 902 773 949 systema»
792 898 830 935 in
860 909 1061 936 numerum
1083 909 1239 936 suarum
1270 898 1496 937 chordarum
1509 897 1580 952 IX).
1612 900 1795 939 Fixarum
1825 911 1920 939 vero

126 957 293 1008 sphaera
328 957 401 995 etsi
442 961 481 995 et
519 957 605 1006 ipsa
641 960 820 995 movetur
859 951 898 993 in
937 955 1099 995 eandem
1140 955 1296 1006 plagam
1335 968 1422 996 cum
1452 957 1529 996 illis
1560 963 1776 1009 septem'et
1806 966 1922 1008 super

126 1015 265 1054 iisdem
295 1014 468 1064 signiferi
498 1014 618 1066 polis,
660 1009 789 1053 motus
819 1019 949 1053 tamen
990 1015 1269 1054 inobservabili
1305 1014 1533 1056 lentitudine
1562 1021 1828 1066 astrorumque
1858 1017 1922 1053 in-

127 1073 359 1113 numerabili
388 1072 641 1111 multitudine¹
665 1073 873 1124 plurimum
905 1072 1030 1112 differt
1059 1085 1084 1111 a
1116 1074 1252 1112 ceteris
1290 1067 1424 1124 estque
1455 1073 1585 1113 aliena
1614 1075 1664 1114 ab
1693 1074 1770 1113 hoc
1789 1085 1922 1133 xnego-

129 1134 196 1181 tio,
229 1136 274 1170 ut
302 1133 496 1171 neminem
526 1131 696 1170 futurum
725 1132 955 1180 existimem,
988 1132 1054 1180 qui
1075 1130 1183 1169 illum
1203 1133 1387 1170 extimum
1408 1132 1458 1170 ad
1481 1134 1606 1172 visum
1636 1133 1755 1172 totius
1785 1131 1918 1170 mu'ndi

126 1191 314 1241 parietem
357 1191 396 1227 in
437 1189 538 1228 hanc
579 1189 927 1228 considerationem
966 1194 1068 1228 recte
1099 1191 1215 1228 inseri
1256 1190 1485 1229 contendere
1525 1191 1622 1231 velit
1639 1189 1693 1243 Χ).
1761 1190 1919 1229 Habeat

127 1250 247 1299 igitur
277 1259 362 1287 sese
392 1249 510 1287 etiam
540 1248 638 1286 haec
667 1247 831 1286 fixarum
860 1247 1032 1298 sphaera·
1045 1249 1086 1286 in
1113 1248 1245 1286 ordine
1268 1249 1326 1287 *ad
1348 1253 1507 1298 ceteras,
1539 1254 1582 1288 ut
1612 1261 1653 1288 se
1683 1249 1801 1288 habet
1829 1260 1921 1298 per-

127 1307 270 1346 feetum
299 1311 472 1356 systema
501 1306 553 1344 ad
583 1317 700 1345 sonos
730 1317 847 1344 suos:
885 1312 928 1344 ut
957 1307 1057 1344 sicut
1089 1306 1162 1344 hoc
1193 1313 1251 1344 est
1281 1306 1474 1357 quaedam
1514 1308 1635 1346 veluti
1666 1308 1921 1346 consonantia

129 1365 469 1404 consonantiarum
501 1369 538 1403 et
569 1375 687 1402 sonus
708 1375 902 1411 sonorum,
935 1365 990 1402 sic
1010 1365 1126 1402 etiam
1147 1364 1306 1403 fixarum
1336 1365 1500 1415 sphaera
1530 1367 1579 1404 sit
1606 1365 1728 1404 veluti
1754 1365 1923 1416 sphaera

128 1423 401 1474 sphaerarum,
443 1424 669 1473 praesertim
711 1433 798 1461 cnm
836 1423 1014 1472 apo'gaca
1055 1423 1274 1472 limitesque
1314 1428 1524 1462 ceterarum
1564 1435 1696 1463 secum
1733 1427 1920 1474 perpetuo
1986 1422 1994 1429 '

129 1481 388 1521 circumducat
410 1479 482 1533 XI).
1992 1522 1994 1524 ,

244 1540 461 1577 Primatum
491 1540 610 1588 igitur
640 1538 891 1588 sphaerarum
922 1540 961 1575 in
991 1538 1135 1577 mundo
1173 1543 1320 1589 septem
1352 1544 1465 1584 sunt,
1505 1540 1703 1578 stabilium
1741 1551 1923 1578 sonorum
1988 1576 1994 1591 ἓ

118 1591 168 1635 *in
197 1598 368 1647 perfecto
399 1601 611 1648 systemate
641 1596 775 1635 itidem
805 1601 953 1647 septem
981 1608 1097 1646 supra
1118 1602 1207 1635 sunt
1224 1598 1389 1636 inventi:
1427 1599 1468 1646 1)
1497 1598 1920 1648 proslambanomenos,
1990 1592 1994 1596 ’

130 1654 170 1709 2)
191 1656 338 1707 hypate
367 1655 554 1706 hypaton,
587 1652 627 1706 3)
647 1655 792 1706 hypate
822 1666 968 1703 meson,
1002 1656 1047 1703 4)
1077 1667 1193 1703 mese,
1228 1653 1267 1707 5)
1297 1656 1510 1705 paramese,
1544 1657 1586 1707 6)
1615 1661 1705 1695 nete
1736 1655 1920 1706 diezeug-

128 1725 291 1762 menon,
338 1711 378 1766 7)
417 1719 506 1753 nete
544 1714 849 1765 hyperbolaeon.
919 1713 976 1750 Ex
1018 1714 1066 1751 iis
1105 1725 1199 1752 vero
1239 1713 1395 1752 Saturni
1428 1714 1594 1764 sphaera
1633 1715 1921 1765 comparabitur

130 1772 533 1823 proslambanomeno.
594 1772 694 1818 Nam
736 1777 774 1810 et
809 1771 875 1810 ille
914 1771 1158 1821 planetarum
1196 1772 1410 1810 altissimus
1449 1778 1508 1811 est
1538 1778 1576 1811 et
1605 1772 1714 1811 haecr
1731 1772 1922 1810 altissima
1986 1771 1994 1825 j

132 1830 418 1881 quodammodo
450 1830 598 1878 dicitnr,
632 1832 786 1880 quippe,
819 1830 1027 1869 utindicat
1045 1841 1198 1878 nomen,
1231 1830 1345 1869 altior
1365 1835 1537 1869 assumta
1567 1842 1684 1882 supra
1703 1839 1921 1880 supremam
1987 1830 1994 1881 ³.

131 1900 397 1939 supremarum
419 1886 511 1942 ΧΠ).
571 1888 725 1927 Deinde
756 1888 912 1927 Saturni
942 1888 1108 1938 sphaera
1139 1889 1189 1926 ob
1219 1889 1258 1926 id
1298 1891 1445 1939 ipsum,
1488 1890 1580 1938 qnia
1610 1887 1821 1936 altissima,
1862 1893 1921 1928 est
1978 1907 1987 1927 r

131 1949 248 1987 etiam
280 1948 450 1986 omnium
480 1948 649 1985 maxima
679 1958 748 1986 seu
778 1946 1028 1996 amplissima,
1061 1946 1289 1985 diametrum
1321 1947 1468 1986 habens
1499 1947 1779 1996 longissimam,
1807 1956 1932 1997 pros-·

130 2006 449 2045 lambanomenos
480 2016 585 2052 vero,
618 2006 710 2054 quia
740 2006 1012 2054 gravissimum
1042 2004 1120 2043 edit
1150 2005 1330 2054 sonitum,
1362 2005 1589 2055 longissima
1619 2004 1795 2044 similiter
1825 2015 1921 2043 con-

132 2065 304 2102 stituitur
332 2075 402 2114 per
433 2062 665 2101 divisionem
694 2062 959 2102 monochordi.
1020 2062 1274 2101 Evcontrario
1307 2063 1439 2102 Lunae
1482 2063 1658 2115 sphaera,
1678 2067 1922 2113 comparatur

138 2134 225 2166 cum
253 2125 342 2161 nete
372 2120 687 2173 hyperbolaeon:
719 2132 808 2159 nam
839 2125 877 2159 et
907 2120 1019 2159 Luna
1050 2122 1219 2159 omnium
1249 2121 1492 2171 planetarum
1522 2120 1737 2160 humillima
1766 2122 1922 2163 inveni-
1978 2117 1981 2126 '

133 2187 195 2219 tur
225 2185 263 2219 et
292 2179 442 2229 ultima,
474 2181 618 2229 quippe
646 2190 733 2218 cnm
762 2184 892 2228 tegere
922 2178 1046 2218 soleat
1076 2190 1209 2217 omnes
1238 2179 1426 2230 planetas,
1460 2183 1498 2218 et
1527 2180 1655 2230 ipsum
1684 2179 1922 2218 vocabulum

133 2243 220 2278 nete
251 2238 428 2276 ultimum
465 2242 578 2276 sonat
615 2237 810 2286 talemque
842 2238 879 2274 in
918 2237 1182 2284 instrumento,
1213 2237 1263 2275 ad
1292 2237 1537 2286 psallendum
1567 2237 1775 2288 applicato,
1805 2238 1921 2275 situm
1979 2249 1989 2257 ·’

90 2324 93 2327 ι
132 2297 263 2336 habet.
286 2296 525 2347 Insuperque
547 2295 712 2346 sphaera
734 2295 877 2343 Lunae,
898 2296 990 2344 quia
1010 2294 1226 2333 humillima
1247 2301 1359 2334 estet
1381 2296 1667 2345 angustissima,
1689 2295 1917 2334 diametrum

133 2355 281 2394 habens
312 2355 594 2402 brevissimam,
626 2358 713 2392 nete
744 2364 850 2401 vero,
883 2364 970 2392 cum
1000 2364 1136 2391 sonum
1168 2352 1259 2391 edat
1289 2355 1565 2403 acutissimum,
1598 2355 1866 2392 brevissimam
1894 2365 1919 2392 a

135 2413 327 2452 divisione
357 2412 609 2451 monochordi
639 2413 872 2451 nanciscitur
891 2411 1184 2462 longitudinem.
1231 2411 1421 2450 Extremis
1451 2414 1635 2451 connexis
1665 2413 1764 2450 inter
1781 2423 1823 2450 se
1852 2423 1921 2462 per
1962 2400 1992 2455 'f

133 2470 450 2510 assimilationem
471 2472 655 2520 sequitur,
680 2468 990 2509 intermediorum
1011 2469 1251 2520 planetarum
1279 2470 1463 2519 sphaeras
1485 2470 1536 2508 ad
1555 2469 1803 2509 intermedias
1824 2480 1920 2507 con-

135 2540 270 2579 gruere
292 2529 475 2567 chordas:
507 2527 635 2576 JoviS‚
668 2528 834 2566 Saturno
854 2528 1019 2577 proximi
1039 2525 1160 2579 (quod
1191 2527 1349 2566 tarditas
1380 2528 1525 2566 reditus
1555 2529 1738 2578 proxima
1752 2527 1918 2566 Saturno

135 2585 307 2638 indicat),
339 2587 388 2625 ad
409 2586 789 2637 hypaten‘hypaton‚
822 2585 970 2633 Martis,
1002 2586 1067 2634 qui
1088 2584 1232 2623 Jovem
1251 2590 1380 2635 tegere
1403 2592 1441 2625 et
1462 2588 1517 2625 sic
1547 2597 1592 2625 eo
1623 2585 1805 2624 humilior
1835 2596 1919 2624 esse

138 2644 445 2695 deprehenditur,
478 2644 528 2683 ad
560 2644 733 2695 hypaten
762 2654 907 2690 meson,
939 2643 1041 2681 Solis
1072 2642 1122 2681 ad
1152 2655 1293 2691 mesen,
1325 2644 1501 2692 Veneris,
1534 2655 1635 2694 quae
1664 2643 1796 2682 Solem
1826 2653 1919 2693 pro-

135 2704 236 2742 xime
256 2704 440 2756 sequitur,
463 2701 612 2742 indicio
633 2701 733 2741 tardi
752 2702 813 2740 sui
834 2701 978 2739 reditus
997 2702 1034 2738 in
1057 2701 1243 2751 epicyclo‚
1265 2701 1314 2740 ad
1333 2698 1570 2752 paramesen,
1592 2701 1785 2750 Mercurii,
1809 2701 1918 2750 cujus
1970 2747 1973 2754 Ι

135 2761 279 2799 reditus
310 2763 347 2798 in
379 2761 553 2812 epicyclo
587 2761 760 2800 velocior
789 2770 914 2808 eoque
953 2759 1118 2808 sphaera
1154 2758 1333 2799 humilior
1373 2765 1412 2800 et
1449 2759 1682 2811 penultima,
1724 2758 1774 2798 ad
1802 2764 1918 2798 neten

137 2819 451 2868 diezeugmenon.
1740 2814 1745 2820 ’

251 2875 507 2915 Confirmatur
547 2876 643 2915 haec
679 2875 914 2914 consociatio
960 2874 1075 2912 etiam
1106 2886 1173 2924 per
1203 2877 1295 2924 ista,
1339 2875 1443 2925 quod
1485 2875 1523 2912 in
1560 2874 1725 2925 planetis
1762 2873 1915 2923 quidem

138 2933 226 2982 Sol,
258 2936 297 2972 in
328 2935 480 2974 chordis
511 2945 602 2974 vero
634 2945 734 2983 quae
764 2943 867 2971 mese
899 2931 1053 2979 dicitur,
1097 2933 1191 2971 duas
1223 2939 1382 2983 uterque
1414 2933 1557 2972 classes
1598 2932 1836 2981 distinguunt
1865 2931 1915 2968 ab

138 2993 315 3039 invicem,
348 2993 413 3031 ille
444 2994 683 3042 superiorum
711 2991 909 3038 dictorum,
942 2995 1037 3039 puta
1058 2990 1224 3039 Saturni,
1256 2991 1382 3040 Jovis,
1412 2991 1561 3039 Martis,
1593 2991 1642 3029 ab
1673 2988 1915 3027 inferioribus

139 3050 310 3102 Venere,
342 3051 554 3102 Mercurio,
587 3050 719 3101 Luna3
750 3047 1041 3089 istadictarnm
1070 3048 1254 3101 hypaton,
1289 3049 1393 3099 quod
1423 3054 1535 3089 sonat
1565 3057 1844 3098 supremarum,
1877 3050 1918 3085 et
