1988 3276
84 117 162 157 102
671 111 726 148 De
749 111 963 157 Figurarum
986 111 1283 149 Harmonicarum

77 234 117 271 in
148 231 312 282 circulo,
356 233 428 273 etsi
466 232 631 272 laterum
663 232 861 284 quantitas
892 235 951 271 est
979 233 1218 283 necessaria,
1261 232 1366 271 illam
1396 237 1524 274 tamen
1555 235 1722 286 ignorari
1750 247 1875 287 aeque

80 303 238 332 necesse
269 295 340 331 est.
1861 330 1865 335 ff

200 348 333 392 Magna
356 357 414 383 res
440 346 575 392 agitur,
603 356 668 392 per
691 346 788 382 hunc
814 346 906 381 enim
931 345 1098 381 effectum
1126 346 1236 391 stetit,
1263 357 1334 392 quo
1359 346 1475 382 minus
1508 347 1796 393 heptagonuset
1819 360 1875 386 ce-

260 418 329 450 fflg·
351 416 393 445 15,
569 403 666 435 terae
691 398 800 444 hujus
826 398 968 486 finctis
992 398 1129 443 figurae
1154 409 1176 434 a
1191 399 1270 435 Deo
1295 399 1428 435 fuerint
1446 399 1626 437 adhibitae
1650 401 1696 438 ad
1713 407 1876 440 ornatum

573 451 713 496 mundi,
744 455 784 487 ut
809 461 825 486 s
879 455 894 486 t
918 450 1061 497 quidem
1086 451 1268 489 adhibitae
1293 452 1436 489 scibiles
1460 453 1596 499 figurae
1624 453 1661 490 in
1685 455 1876 500 superiori-

572 504 642 540 bus
667 504 878 549 explicatae.

691 557 745 594 Sit
768 557 877 603 igitur
900 559 1127 604 heptagonus
1152 559 1380 596 BCDEFGH
1404 563 1441 595 et
1469 563 1727 596 connectantur
1757 561 1880 607 anguli

575 620 698 646 omnes
722 620 803 646 cum
828 611 1002 657 omnibus,
1029 617 1065 648 et
1086 612 1134 648 sit
1148 613 1181 649 A
1198 620 1359 651 centrum
1376 612 1499 650 circuli
1521 617 1557 649 et
1580 613 1752 651 diameter
1773 614 1877 654 BAP.

575 668 611 699 et
635 664 668 699 A
692 668 926 700 connectatur
948 677 1028 703 cum
1051 667 1095 702 E.

666 717 823 753 Pn'mum
854 718 963 764 igitur
997 721 1087 758 tales
1112 722 1247 767 figurae
1280 719 1510 765 impropriam
1533 729 1642 766 supra
1665 719 1796 757 dictam
1821 720 1879 757 de-

576 771 870 808 monstrationem
894 772 1029 809 nullam
1053 774 1325 811 nanciscuntur:
1357 776 1414 807 est
1437 771 1531 807 enim
1565 782 1687 808 earum
1709 783 1879 810 numerus

577 822 730 858 laterum
755 828 791 859 et
815 825 1025 869 angulorum
1051 837 1095 862 ex
1119 826 1243 872 primis
1268 835 1377 870 unus,
1405 828 1442 860 at
1464 824 1664 871 nulla-biga
1687 826 1879 872 figurarum

577 876 852 921 praemissarum
889 883 1003 914 totum
1028 880 1201 916 circulum
1227 878 1351 915 dividit
1380 879 1417 914 in
1441 882 1563 924 partes
1587 889 1735 916 numero
1760 880 1879 926 aliquo

88 934 202 981 primo
226 931 483 976 numerabiles,
522 930 585 967 sed
610 930 810 966 sortiuntur
838 929 922 966 illae
954 942 1140 967 numerum
1172 931 1406 977 multiplicem
1435 942 1661 968 numerorum
1694 933 1880 980 utriusque

91 987 238 1032 figurae.
289 985 360 1022 Sed
385 995 501 1030 neque
525 983 706 1030 propriam
742 983 879 1018 habent
901 983 1107 1030 hujusmodi
1138 985 1274 1030 figurae
1300 983 1640 1020 demonstrationem
1665 995 1709 1021 ex
1734 986 1879 1033 angulo-

90 1050 170 1075 rum
193 1049 360 1083 numero,
387 1037 469 1082 quia
494 1035 663 1082 quicquid
689 1046 733 1072 ex
758 1035 827 1071 hoc
852 1036 1007 1082 elicitur,
1036 1037 1072 1073 id
1097 1048 1225 1083 vagum
1250 1042 1286 1072 et
1309 1036 1499 1082 multiplex
1523 1037 1739 1082 minimeque
1764 1038 1880 1074 deter-

86 1091 258 1127 minatum
284 1094 350 1126 est.
399 1089 548 1125 Secetur
573 1089 666 1124 enim
691 1088 918 1134 heptagonus
942 1089 978 1124 in
1004 1099 1069 1125 sua
1093 1089 1274 1134 triangula
1291 1089 1460 1135 quinque,
1487 1089 1558 1124 duo
1582 1093 1743 1126 extrema
1760 1091 1879 1135 aequi-

87 1153 191 1179 crura
215 1142 452 1187 obtusangula
476 1143 580 1187 BDC,
608 1142 719 1186 BGH,
745 1153 856 1177 unum
879 1142 1043 1179 intimum
1068 1143 1318 1188 aequicrurum
1343 1141 1599 1187 acutangulum
1617 1142 1723 1187 BEF,
1749 1147 1786 1179 et
1810 1143 1880 1179 duo

88 1196 232 1233 scalena
254 1195 444 1240 interjecta
468 1196 577 1241 BED,
604 1195 710 1231 BFG.
760 1196 846 1231 Cum
871 1196 982 1242 igitur
1006 1195 1312 1240 circumferentia,
1339 1204 1448 1239 super
1473 1204 1545 1240 qua
1569 1198 1666 1230 stant
1689 1205 1795 1231 crura
1819 1207 1881 1231 an-

87 1248 172 1294 guli,
198 1247 244 1283 ad
270 1247 577 1284 circumferentiae
602 1251 742 1293 partem
767 1248 969 1293 oppositam
993 1248 1091 1294 facti,
1117 1248 1331 1284 admetiatur
1359 1247 1491 1291 angulo
1514 1258 1615 1283 suam
1633 1247 1880 1292 quantitatem,

88 1305 242 1351 angulus
265 1304 361 1339 BEF
387 1306 459 1339 stat
483 1311 591 1346 super
615 1300 732 1336 tribus
757 1300 1063 1336 circumferentiae
1087 1301 1250 1347 partibus
1274 1302 1356 1342 BH,
1381 1301 1466 1346 HG,
1494 1300 1575 1345 GF,
1605 1299 1760 1346 angulus
1783 1299 1879 1336 BFE

93 1356 257 1395 similiter
282 1366 391 1401 super
414 1354 528 1390 tribus
553 1354 631 1399 BC,
660 1353 737 1396 CD,
763 1353 848 1398 DE,
889 1358 927 1389 at
950 1353 1044 1388 EBF
1076 1363 1184 1398 super
1207 1363 1278 1388 una
1302 1353 1384 1399 EF,
1419 1362 1503 1397 ergo
1527 1352 1623 1388 BEF
1648 1355 1704 1388 est
1726 1350 1798 1388 tale
1823 1351 1884 1387 tri-

89 1407 268 1454 angulum,
294 1407 391 1453 quod
414 1407 526 1443 habet
550 1410 741 1450 utrumque
767 1404 939 1451 angulum
963 1405 1008 1440 ad
1032 1406 1135 1442 basin
1159 1405 1307 1451 triplum
1332 1406 1412 1451 ejus
1437 1405 1498 1450 qui
1523 1404 1569 1440 ad
1585 1404 1765 1440 verticem.
1809 1404 1881 1439 Eo·
1957 1398 1963 1402 ’

89 1459 169 1495 dem
205 1459 310 1495 modo
336 1458 527 1504 probatur,
560 1456 742 1491 scalenum
766 1457 864 1492 BED
896 1457 1030 1493 habere
1065 1459 1216 1504 angulos
1241 1458 1278 1494 in
1309 1458 1542 1504 proportione
1566 1457 1737 1493 continue
1762 1455 1882 1502 dupla.

89 1512 262 1559 Simplum
288 1511 381 1546 enim
406 1514 461 1546 est
485 1508 638 1554 angulus
655 1508 696 1552 Β,
723 1507 870 1553 duplum
896 1509 938 1552 E,
965 1511 1204 1557 quadruplum
1228 1511 1272 1556 D,
1302 1511 1372 1546 hoc
1397 1514 1453 1546 est
1476 1509 1590 1555 ipsius
1614 1509 1646 1544 E
1669 1507 1834 1553 duplum.

206 1572 355 1622 Quodsi
397 1571 496 1610 haec
533 1570 657 1621 figura
698 1569 998 1621 descriptionem
1037 1584 1149 1610 suam
1194 1577 1337 1612 certam
1378 1568 1498 1611 h‘abet
1539 1575 1647 1610 extra
1685 1569 1881 1618 circulum,

89 1643 167 1671 non
198 1633 325 1670 minus
359 1642 475 1680 quam
505 1629 676 1668 habebat
707 1640 824 1679 supra
854 1630 1201 1681 quinquangulum,
1234 1635 1385 1681 oportet
1416 1628 1481 1684 (ut
1504 1629 1588 1679 jam
1609 1628 1700 1668 olim
1719 1639 1882 1667 monue-

89 1694 178 1729 runt
219 1690 440 1740 Campanus
483 1693 521 1727 et
560 1687 822 1738 Hieronymus
862 1687 1061 1727 Cardanus
1099 1694 1138 1727 et
1177 1688 1366 1728 Candalla
1395 1685 1590 1737 Flussas),
1627 1691 1717 1726 ante
1754 1687 1883 1726 omnia

92 1747 188 1788 talia
219 1747 412 1798 triangula
443 1746 525 1785 dari
554 1756 691 1796 posse,
734 1746 834 1784 sicut
863 1751 953 1785 ante
983 1752 1246 1798 pentagonum
1277 1747 1442 1787 dabatur
1481 1745 1733 1796 triangulum,
1773 1745 1883 1795 cujus

92 1812 258 1857 uterque
290 1806 341 1845 ad
382 1806 494 1844 basin
526 1809 609 1843 erat
639 1803 779 1854 duplus
823 1805 958 1855 anguli
987 1804 1037 1843 ad
1072 1807 1266 1845 verticem.
1328 1806 1448 1855 Atqui
1490 1804 1654 1843 dabatur
1692 1803 1806 1843 nobis
1845 1804 1884 1840 in

92 1864 159 1903 illo
189 1863 383 1914 triangulo
414 1863 672 1914 pentagonieo
701 1862 867 1901 laterum
897 1864 1095 1914 proportio
1127 1869 1231 1903 certa
1262 1876 1308 1903 ex
1349 1863 1524 1914 angulis,
1566 1863 1605 1900 in
1641 1861 1715 1901 hoc
1743 1861 1883 1912 hepta-

93 1923 232 1973 gonico
264 1921 458 1972 triangulo
490 1926 594 1959 certa
624 1921 824 1971 proportio
856 1920 964 1960 nulla
1005 1921 1129 1960 datur.
1191 1921 1276 1961 Sint
1317 1923 1418 1961 enim
1448 1921 1478 1970 Ι,
1501 1920 1540 1959 K
1569 1922 1701 1971 signa,
1742 1920 1884 1970 quibus

93 1981 160 2020 BF
194 1985 346 2020 secatur
376 1980 426 2018 ab
457 1979 548 2026 ΕΗ,
590 1977 681 2026 EG,
715 1979 986 2018 trisecantibus
1028 1979 1213 2030 angulum
1245 1978 1357 2020 ΒΕΓ.
1417 1979 1541 2029 Igitur
1571 1979 1610 2016 in
1641 1977 1750 2026 FEI,
1792 1979 1885 2028 quia

94 2040 265 2078 bisectus
296 2042 355 2078 est
385 2037 551 2088 angulus
582 2036 688 2085 FEI,
731 2042 775 2075 ut
805 2037 870 2075 FE
901 2037 951 2076 ad
981 2037 1052 2086 EI,
1096 2039 1153 2077 sic
1183 2038 1253 2076 ΕΚ
1283 2037 1333 2076 ad
1362 2037 1434 2076 KI.
1493 2036 1571 2076 Sed
1601 2036 1666 2075 EF
1697 2040 1886 2086 aequatur

94 2099 167 2136 toti
207 2096 283 2147 FI3
326 2100 384 2135 est.
423 2096 525 2135 enim
564 2094 651 2133 FEI
691 2095 858 2144 partium
887 2094 916 2151 ἦ
954 2096 1068 2135 unius
1105 2097 1218 2145 recti,
1259 2095 1430 2146 qualium
1472 2095 1559 2133 EFI
1605 2099 1665 2133 est
1700 2092 1749 2150 ἐξ,
1791 2106 1883 2144 ergo

95 2155 181 2194 EIF
214 2160 273 2194 est
304 2155 421 2194 etiam
451 2153 491 2208 ἦ,
525 2164 635 2193 crura
665 2154 780 2202 igitur
811 2153 889 2202 FE,
921 2153 986 2202 FI,
1019 2154 1248 2205 aequalibus
1280 2153 1432 2204 angulis
1464 2154 1665 2204 opposita,
1697 2157 1787 2191 sunt
1815 2164 1885 2192 ae·
1952 2192 1957 2197 ,

98 2212 242 2264 qualia,
275 2212 488 2263 eademque
520 2212 567 2250 de
599 2223 719 2250 causa
750 2212 867 2250 etiam
898 2211 951 2250 EI
971 2216 1009 2250 et
1029 2212 1084 2250 IB
1114 2217 1205 2251 sunt
1235 2212 1437 2262 aequales:
1471 2223 1590 2262 quare
1622 2212 1740 2251 etiam
1769 2215 1812 2250 ut
1831 2210 1886 2249 FI

98 2271 147 2311 ad
178 2271 244 2320 IB,
277 2273 332 2310 sic
361 2271 433 2309 FK
465 2269 515 2309 ad
545 2269 615 2307 KI.
665 2269 843 2320 Amplius
873 2271 913 2308 in
932 2269 1051 2319 KEB,
1085 2272 1178 2320 quia
1207 2270 1372 2321 angulus
1398 2269 1508 2309 7ΚΕΒ
1540 2270 1710 2309 bisectus
1740 2274 1797 2308 est
1817 2280 1887 2319 per

95 2329 208 2368 EIH:
243 2334 285 2368 ut
315 2331 432 2380 igitur
461 2329 532 2367 ΚΕ
564 2327 614 2366 ad
644 2327 723 2376 ΕΒ,
753 2328 808 2366 sic
828 2328 887 2367 ΚΙ
917 2327 968 2367 ad
988 2328 1055 2367 IB.
1107 2329 1160 2367 At
1189 2329 1259 2367 ΚΕ
1291 2333 1328 2367 et
1349 2329 1414 2367 FE
1445 2333 1535 2366 sunt
1565 2327 1761 2378 aequales,
1793 2328 1885 2377 quia

98 2387 203 2426 KEF
236 2389 506 2438 aequicrurum
537 2391 575 2424 et
605 2386 729 2424 simile
760 2387 834 2436 ipsi
866 2386 980 2435 EBF3
1012 2390 1101 2425 erat‘
1123 2399 1213 2426 vero
1248 2387 1311 2425 EF
1342 2386 1517 2436 aequalis
1547 2387 1622 2437 ipsi
1651 2385 1715 2434 IF,
1750 2390 1788 2424 et
1818 2385 1884 2424 ΕΒ
1954 2419 1959 2426 ,

98 2451 157 2485 est
187 2446 363 2496 aequalis
394 2446 467 2496 ipsi
488 2445 573 2490 FB;
607 2456 724 2494 quare
757 2446 872 2483 etiam
903 2450 946 2483 ut
965 2445 1018 2483 IF
1050 2444 1100 2483 ad
1120 2445 1187 2484 FB
1218 2446 1274 2484 sic
1291 2445 1351 2483 KI
1383 2444 1433 2483 ad
1458 2445 1526 2483 IB.
1575 2444 1624 2483 In
1653 2443 1787 2483 eadem
1809 2444 1885 2494 igi·
1956 2455 1957 2459 ¹

98 2509 159 2543 tur
189 2503 269 2552 BF,
303 2504 490 2543 subtensa
520 2503 643 2541 tribus
674 2503 849 2553 septimis
881 2503 1026 2552 circuli,
1059 2502 1159 2542 duae
1189 2509 1279 2542 sunt
1305 2505 1486 2542 inventae
1506 2503 1773 2554 proportiones
1793 2513 1886 2552 par-

97 2564 194 2601 tium
224 2562 359 2600 trium:
390 2563 556 2612 primum
594 2565 637 2599 ut
666 2561 794 2599 media
824 2561 883 2599 ΚΙ
922 2561 971 2600 ad
1009 2563 1208 2600 minimam
1236 2561 1330 2607 KF,
1374 2562 1431 2600 sic
1461 2562 1628 2600 maxima
1659 2560 1712 2598 IB
1753 2559 1802 2599 ad
1831 2558 1885 2598 IF

101 2622 356 2671 compositam
387 2632 434 2659 ex
464 2623 626 2669 utraque
657 2621 821 2668 minore,
859 2619 934 2658 hoc
973 2624 1031 2659 est
1067 2618 1118 2658 ad
1148 2619 1212 2657 FE
1251 2619 1352 2658 latus
1394 2619 1632 2670 septanguli:
1672 2619 1810 2657 iterum
1841 2622 1884 2656 ut

98 2680 268 2718 maxima
288 2675 343 2717 IB
375 2678 424 2717 ad
455 2677 622 2717 mediam
643 2677 714 2725 IK,
745 2679 801 2715 sic
831 2682 913 2716 tota
933 2677 1000 2716 BF
1020 2677 1071 2716 ad
1091 2677 1143 2715 FI
1174 2679 1428 2728 compositam
1451 2690 1498 2716 ex
1522 2679 1545 2716 2
1567 2677 1744 2715 minimis.
1776 2675 1887 2714 Haec

101 2737 300 2787 proportio
331 2737 500 2786 speciem
531 2735 687 2786 quidem
718 2746 810 2785 prae
848 2747 889 2774 se
920 2735 992 2774 fert
1030 2736 1272 2774 necessariae
1303 2735 1632 2775 determinationis
1663 2733 1712 2772 ad
1743 2739 1886 2773 certam

102 2800 139 2833 et
170 2806 287 2833 unam
317 2796 605 2845 proportionem
637 2794 759 2844 ipsius
789 2793 854 2831 EF
886 2793 936 2831 ad
967 2793 1046 2842 FB,
1079 2795 1340 2844 imposuitque
1373 2794 1562 2841 Cardano,
1594 2794 1659 2843 qui
1692 2803 1778 2831 cum
1809 2791 1885 2830 tale

103 2852 195 2902 quid
237 2855 276 2891 in
312 2853 498 2892 lateribus
529 2852 675 2891 scaleni
713 2851 895 2901 trianguli
925 2852 1031 2890 BED
1063 2852 1416 2901 animadvertisset,
1461 2850 1564 2902 quod
1600 2852 1886 2901 proportionem

101 2910 282 2950 reflexam
315 2910 540 2962 appellavit,
574 2910 620 2949 de
652 2911 810 2948 invento
841 2909 1061 2960 septanguli
1090 2909 1211 2949 latere
1242 2911 1382 2950 frustra
1410 2910 1597 2961 gloriatus
1627 2914 1698 2949 est.
1712 2904 1746 2960 ⁹)
1786 2908 1886 2946 Nam

102 2967 211 3006 nulla
241 2974 344 3008 certa
374 2971 549 3019 sequitur
581 2969 776 3019 quantitas
808 2969 928 3017 ipsius
959 2968 1023 3006 EF
1054 2968 1118 3007 vel
1148 2968 1221 3018 IE,
1263 2970 1355 3019 quia
1392 2968 1431 3007 id
1461 2967 1564 3018 quod
1594 2971 1775 3017 putamus
1814 2977 1885 3004 nos

95 3024 275 3066 *nancisci
305 3039 452 3066 novum
480 3029 519 3066 in
549 3026 719 3067 secunda
750 3027 853 3074 vice,
900 3025 1082 3065 coincidit
1122 3038 1208 3066 cum
1238 3028 1374 3078 primo.
1434 3025 1748 3075 Quotiescunque
1785 3024 1884 3062 enim

108 3088 197 3126 eunt
228 3085 253 3122 4
284 3086 604 3140 proportionales,
636 3087 674 3123 in
705 3084 845 3139 quibus
876 3083 974 3124 duae
1006 3086 1151 3138 primae
1182 3089 1351 3135 aequant
1381 3085 1553 3123 tertiam:
1594 3083 1637 3122 fit
1667 3083 1802 3130 etiam,
1843 3089 1886 3120 ut
