1988 3276
794 71 819 92 Ο

160 142 214 181 82
818 141 874 177 De
896 140 1110 187 Figurarum
1133 140 1429 178 Harmonicarum

160 256 374 307 geometria
403 256 552 296 nullum
581 258 795 309 habeant“,
826 264 998 299 vestrum
1026 264 1123 310 esto,
1153 270 1309 312 carpere
1339 270 1440 309 quae
1467 268 1549 299 non
1574 258 1810 310 intelligitis:
1840 257 1947 308 mihi,

162 316 229 365 qui
257 326 382 354 rerum
413 327 552 355 causas
581 316 746 368 indago,
763 320 768 324 '
787 323 1058 369 praeterquam
1094 321 1135 357 in
1172 318 1322 362 decimo
1360 315 1532 356 Euclidis
1571 318 1733 357 semitae
1771 315 1823 357 ad
1859 316 1948 356 illas

161 370 292 414 n'ullae
321 379 538 424 patuerunt.

273 431 440 470 Ramum
471 437 627 472 secutus
657 433 828 473 Lazarus
849 433 1067 474 Schonerus
1096 436 1136 473 in
1159 433 1382 475 Geometria
1412 444 1484 474 sua
1512 436 1640 481 faesus
1669 438 1740 483 est,
1770 444 1814 472 se
1833 433 1949 483 quin-

161 502 236 541 que
258 502 460 542 corporum
488 491 722 542 regularium
752 504 866 531 usum
890 493 1007 544 plane
1037 493 1187 532 nullum
1215 495 1254 531 in
1283 491 1427 532 mundo
1457 490 1588 531 videre
1608 493 1796 544 potuisse,
1826 490 1949 530 donec

159 548 334 588 libellum
364 561 504 598 meum,
535 562 652 600 quem
680 550 911 602 Mysterium
931 551 1304 603 Cosmographicum
1332 551 1521 601 inscripsi,
1553 550 1778 602 perlegerit:
1810 550 1850 587 in
1870 560 1948 600 quo
1977 546 1988 556 “

160 607 404 659 planetarum
434 620 635 648 numerum
681 615 720 648 et
756 609 963 649 intervalla
1006 611 1128 662 probo
1170 622 1216 649 ex
1255 610 1479 661 corporibus
1509 609 1680 659 quinque
1709 607 1951 659 regularibus

161 677 246 705 esse
277 665 466 707 desumta.
526 667 626 706 Ecce
658 666 751 718 quid
781 669 956 708 nocuerit
985 667 1131 708 Ramus
1161 669 1346 718 magister
1375 667 1571 707 Schonero
1600 665 1803 719 discipulo.
1863 665 1951 704 Pri-

161 736 266 762 mum
295 724 442 764 Ramus
475 724 683 765 Aristotele
723 726 911 777 perlecto,
956 728 1023 777 qui
1060 727 1297 766 refutaverat
1325 725 1626 778 Pythagoricam
1664 723 1951 776 philosophiam

162 784 263 822 circa
293 782 568 822 elementorum
597 785 850 835 proprietates
879 796 927 824 ex
957 787 1128 836 quinque
1157 785 1382 837 corporibus
1411 783 1616 833 deductas,
1654 785 1786 823 statim
1822 783 1950 822 animo

162 843 339 893 concepit
370 847 604 881 contemtum
634 844 754 882 totius
784 843 1054 895 philosophiae
1075 843 1378 895 Pythagoricae3
1410 841 1549 883 deinde
1579 853 1667 881 cum
1695 843 1822 890 sciret,
1852 840 1952 879 Pro-

162 899 265 938 clum
295 900 411 938 fuisse
443 901 728 952 Pythagoricae
759 906 900 950 sectae,
931 913 1010 941 non
1040 901 1199 941 credidit
1230 903 1265 941 ei
1295 901 1518 950 affirmanti,
1548 900 1654 951 quod
1682 905 1764 940 erat
1793 900 1952 938 verissi-

161 970 278 1007 mum,
309 970 361 996 sc.
395 959 570 998 Euclidei
601 961 728 1011 operis
758 959 937 999 ultimum
966 959 1100 1010 finem,
1140 960 1190 999 ad
1230 972 1345 1011 quem
1373 960 1602 1000 referrentur
1631 969 1764 1001 omnes
1795 957 1950 997 omnino

163 1018 447 1067 propositiones
479 1019 650 1057 omnium
679 1018 863 1057 librorum
893 1017 1080 1072 (exceptis
1111 1030 1210 1069 quae
1241 1018 1292 1058 ad
1321 1029 1521 1058 numerum
1550 1017 1762 1070 perfeetum
1791 1014 1951 1065 ducunt)

163 1086 249 1114 esse
280 1077 450 1126 quinque
482 1087 642 1127 corpora
670 1076 874 1127 regularia.
937 1077 1038 1116 Hinc
1079 1082 1163 1116 orta
1200 1082 1259 1116 est
1300 1075 1405 1129 apud
1433 1075 1600 1116 Ramum
1629 1074 1953 1121 confidentissimi:

161 1135 384 1184 persuasio,
429 1136 599 1185 quinque
639 1146 800 1187 corpora
841 1147 925 1175 esse
965 1134 1200 1175 removenda
1229 1148 1254 1175 a
1281 1135 1356 1176 fine
1395 1134 1580 1175 librorum
1607 1128 1952 1181 Elementariorum

163 1191 348 1231 Euclidis.
1731 1212 1743 1219 ,

279 1250 445 1289 Ademto
475 1249 551 1290 fine
582 1253 722 1303 operis,
756 1252 876 1291 veluti
905 1252 1029 1292 forma
1058 1250 1223 1292 aedificii
1253 1250 1431 1300 sublata,
1459 1250 1754 1302 relinquebatur
1781 1249 1953 1291 informis

163 1313 290 1347 strues
319 1310 628 1361 propositionum
665 1311 705 1348 in
743 1309 925 1360 Euclide,
963 1312 1003 1349 in
1040 1322 1156 1361 quam
1195 1309 1303 1350 velut
1341 1311 1380 1347 in
1418 1309 1568 1349 larvam
1607 1309 1779 1360 aliquam
1806 1307 1954 1348 Ramus

165 1368 257 1406 totis
290 1369 344 1405 28
375 1368 485 1406 libris
517 1367 745 1407 Scholarum
774 1369 982 1418 invehitur,
1013 1380 1157 1419 magna
1188 1367 1341 1408 dicendi
1370 1368 1594 1416 acerbitate,
1625 1378 1768 1419 magna
1795 1368 1953 1406 temeri-

163 1430 266 1472 tate,
309 1430 417 1465 tanto
456 1427 539 1464 viro
579 1426 861 1478 indignissima.
919 1426 1034 1467 Hanc
1062 1426 1177 1466 Rami
1213 1427 1504 1478 persuasionem
1542 1430 1698 1466 secutus
1734 1424 1954 1465 Schonerus

165 1483 327 1523 credidit
356 1496 444 1527 ecce
477 1488 514 1523 et
544 1485 648 1535 ipse,
680 1496 841 1536 corpora
871 1485 1065 1536 regularia
1095 1485 1191 1524 nulli
1221 1496 1307 1525 esse
1337 1485 1448 1534 usui;
1478 1495 1550 1524 nec
1577 1484 1652 1524 hoc
1681 1487 1854 1530 tantum,
1885 1481 1954 1523 sed

164 1548 203 1581 et
233 1542 414 1581 Proclum
442 1543 614 1592 neglexit
644 1549 712 1582 aut
742 1545 957 1593 contemsit,
985 1543 1175 1594 judicium
1194 1543 1309 1582 Rami
1340 1548 1507 1592 secutus,
1539 1554 1564 1581 a
1593 1554 1671 1593 quo
1700 1541 1840 1581 Proclo
1871 1541 1953 1580 dis-

166 1612 250 1640 cere
279 1606 431 1652 poterat
470 1612 584 1639 usum
629 1608 831 1653 corporum
867 1603 1039 1653 quinque
1080 1607 1119 1641 et
1149 1604 1188 1640 in
1218 1601 1428 1641 Elementis
1458 1600 1631 1640 Euclidis
1670 1605 1709 1640 et
1750 1601 1790 1638 in
1819 1598 1954 1638 mundi

164 1660 323 1698 fabrica.
383 1659 433 1697 Et
462 1658 619 1708 quidem
656 1659 803 1699 felicior
834 1666 916 1699 erat
946 1660 1158 1710 discipulus
1187 1660 1393 1711 magistro,
1433 1660 1526 1710 quia
1555 1670 1668 1699 usum
1698 1669 1900 1711 corporum
1929 1669 1955 1697 a

164 1729 226 1756 me
256 1717 493 1768 patefactum
523 1719 564 1755 in
594 1718 741 1756 fabrica
769 1719 904 1756 mnndi
935 1717 1242 1768 gratulabundus
1272 1719 1429 1768 recepit,
1460 1729 1575 1768 quem
1595 1716 1741 1757 Ramus
1772 1729 1796 1756 a
1815 1715 1953 1755 Proclo

166 1776 401 1815 inculcatum
431 1775 715 1826 repudiaverat.
777 1776 881 1826 Quid
911 1782 993 1815 tum
1025 1778 1144 1826 enim,
1176 1778 1209 1815 si
1239 1776 1477 1828 Pythagorei
1505 1775 1649 1826 figuras
1680 1775 1751 1814 has
1781 1773 1952 1814 elemen-

165 1836 227 1883 tis,
260 1846 337 1872 non
370 1846 462 1873 vero
496 1838 538 1872 ut
569 1846 652 1884 ego,
685 1835 860 1884 sphaeris
889 1834 1023 1873 mundi
1054 1834 1331 1875 attribuerint?
1389 1834 1560 1873 Annisus
1590 1838 1692 1873 esset
1713 1832 1878 1886 Ramus,
1909 1836 1954 1870 ut

167 1904 331 1932 errorem
360 1892 463 1930 hunc
493 1894 662 1942 ipsorum
694 1895 795 1931 circa
837 1895 1046 1943 genuinum
1087 1893 1295 1944 figurarum
1332 1892 1550 1942 subjectum
1585 1891 1757 1941 tolleret,
1798 1894 1842 1930 ut
1880 1900 1952 1940 ego

165 1952 257 1999 feci,
295 1962 373 1988 non
405 1955 527 1988 totam
558 1951 657 1989 hanc
686 1951 973 2000 philosophiam
1004 1962 1081 1990 uno
1113 1952 1232 1990 verbo
1263 1952 1463 2002 tyrannico
1493 1949 1725 1989 sustulisset.
1787 1947 1891 1998 Quid
1919 1949 1954 1987 si

166 2009 419 2060 Pythagorici
449 2008 524 2046 hoc
553 2009 655 2046 idem
686 2008 915 2057 docuerunt,
962 2009 1065 2058 quod
1105 2020 1199 2059 ego,
1243 2010 1473 2047 sententiam
1507 2007 1717 2047 involucris
1747 2007 1952 2047 verborum

167 2067 374 2106 texerunt?
435 2066 571 2105 Nonne
603 2066 870 2116 Copernicana
900 2067 1032 2105 mundi
1061 2067 1185 2105 forma
1215 2071 1341 2106 exstat
1371 2068 1410 2104 in
1440 2068 1525 2116 ipso
1556 2065 1779 2115 Aristotele,
1809 2076 1951 2116 perpe-

166 2138 248 2164 ram
280 2126 329 2164 ab
361 2126 445 2174 ipso
476 2125 645 2163 refutata
674 2126 746 2164 sub
776 2125 997 2164 nominibus
1028 2124 1133 2164 aliis:
1166 2125 1257 2163 dum
1286 2124 1342 2162 illi
1363 2123 1494 2163 Solem
1523 2123 1669 2175 Ignem,
1699 2123 1851 2163 Lunam
1867 2123 1952 2161 An—

166 2184 368 2223 tichthona
398 2182 672 2232 appellarunt?
731 2183 774 2222 Si
803 2194 969 2232 namque
1001 2182 1204 2233 dispositio
1236 2183 1385 2221 orbium
1415 2182 1549 2221 eadem
1578 2182 1651 2221 fuit
1679 2181 1784 2233 apud
1802 2181 1954 2233 Pytha—

168 2254 326 2293 goreos,
368 2252 467 2290 quae
507 2237 610 2291 apud
642 2241 915 2291 Copernicum‚
953 2242 985 2279 si
1023 2246 1117 2280 nota
1155 2252 1316 2291 corpora
1355 2241 1523 2290 quinque
1563 2251 1771 2290 eorumque
1807 2239 1955 2278 numeri

169 2302 335 2350 quinarii
365 2300 587 2348 necessitas,
619 2300 652 2336 si
673 2303 894 2339 constanter
916 2310 1047 2338 omnes
1069 2299 1291 2347 docuerunt,
1324 2309 1484 2348 corpora
1514 2300 1683 2348 quinque
1714 2309 1799 2338 esse
1820 2296 1954 2336 mundi

167 2360 336 2409 partium
366 2357 609 2409 archetypos,
643 2358 872 2407 quantulum
902 2362 1088 2408 superest,
1121 2361 1164 2395 ut
1194 2357 1393 2396 credamus
1423 2356 1575 2395 illorum
1605 2357 1849 2405 sententiam,
1880 2355 1953 2394 sub

169 2419 386 2466 aenigmate
427 2416 476 2454 ab
508 2415 717 2454 Aristotele
765 2415 923 2464 lectam,
981 2417 1091 2465 quasi
1134 2415 1205 2454 sub
1245 2426 1337 2454 vero
1366 2414 1643 2454 vocabulorum
1681 2425 1798 2454 sensu
1835 2414 1953 2452 fuisse

169 2476 397 2514 refutatam:
443 2473 533 2512 dum
565 2473 792 2513 Aristoteles
822 2474 918 2524 legit
948 2474 1129 2521 Terram,
1174 2474 1235 2511 cui
1265 2474 1405 2512 cubum
1436 2472 1598 2522 dabant,
1639 2484 1724 2512 cum
1754 2473 1829 2522 ipsi
1856 2472 1954 2510 forte

170 2533 379 2572 Saturnum
410 2532 680 2580 intellexerint,
718 2532 828 2582 cujus
861 2532 963 2571 orbis
995 2532 1223 2582 interpositu
1254 2532 1342 2570 cubi
1373 2535 1586 2570 summotus
1616 2535 1675 2570 est
1703 2542 1728 2569 a
1757 2529 1874 2569 Jove.
1903 2529 1955 2568 Et

169 2591 313 2630 Terrae
347 2589 503 2640 quidem
535 2591 704 2639 quietem
742 2590 884 2640 vulgus
914 2588 1118 2638 adscribit,
1159 2588 1347 2628 Saturnus
1378 2600 1471 2628 vero
1501 2594 1649 2628 motum
1685 2587 1955 2635 tardissimum,

170 2650 291 2700 quieti
321 2649 550 2699 proximum,
583 2653 641 2687 est
671 2649 841 2696 sortitus,
874 2647 976 2686 unde
997 2649 1113 2687 etiam
1142 2647 1244 2697 apud
1265 2646 1466 2686 Hebraeos
1496 2659 1521 2686 a
1551 2647 1680 2697 quiete
1710 2656 1851 2685 nomen
1881 2645 1954 2684 ob-

170 2710 297 2747 tinuit.
359 2706 424 2746 Sic
455 2706 534 2745 aeri
565 2705 699 2745 datum
730 2705 936 2745 octaedron
965 2705 1061 2756 legit
1090 2705 1339 2754 Aristoteles,
1380 2716 1466 2744 cum
1503 2705 1560 2744 illi
1594 2704 1690 2743 forte
1719 2702 1954 2743 Mercurium

173 2766 448 2813 intellexerint,
487 2764 596 2814 cujus
628 2765 730 2803 orbis
761 2763 941 2803 octae'dro
973 2763 1144 2802 inclusus
1175 2768 1254 2812 est3
1296 2774 1368 2804 nec
1403 2765 1531 2802 minus
1567 2761 1682 2801 velox
1711 2766 1770 2801 est
1798 2761 1954 2801 Mercu-

170 2826 250 2863 rius
282 2821 446 2877 (quippe
478 2823 648 2861 omnium
681 2818 970 2874 velocissimus)
1014 2833 1130 2871 quam
1167 2821 1324 2860 mobilis
1365 2824 1431 2861 ae‘r
1468 2821 1642 2861 habetur.
1698 2819 1805 2871 Ignis
1833 2830 1954 2859 voca-
1987 2860 1988 2865 ,

172 2882 264 2920 bulo
295 2884 458 2921 fortasse
488 2881 595 2920 Mars
624 2881 696 2920 fuit
725 2881 953 2928 insinuatus,
986 2880 1050 2918 cui
1078 2880 1176 2918 alias
1208 2880 1324 2918 etiam
1354 2880 1403 2919 ab
1435 2879 1523 2930 igne
1552 2888 1692 2917 nomen
1722 2881 1782 2917 est
1801 2877 1952 2929 Pyrois,

173 2944 290 2989 atque
320 2939 378 2977 illi
408 2939 629 2978 tetraedron
660 2938 812 2986 datum,
853 2938 949 2976 forte
993 2938 1085 2986 quia
1123 2936 1331 2976 includitur
1361 2938 1444 2988 eJus
1475 2936 1578 2975 orbis
1607 2935 1681 2975 hac
1708 2934 1844 2986 figura.
1903 2934 1953 2973 Et

173 3009 298 3046 aquae
329 2998 400 3036 sub
431 2997 651 3046 involucro,
684 2997 745 3036 cui
775 2995 1002 3035 icosaedron
1025 2995 1271 3043 attributum,
1302 2996 1462 3035 Veneris
1489 2993 1603 3033 stella
1633 2991 1698 3047 (ut
1726 2993 1836 3043 eujus
1865 3003 1953 3032 cur-

171 3054 333 3093 riculum
365 3055 565 3095 icosae'dro
598 3051 832 3107 continetur)
865 3054 986 3092 latere
1016 3055 1166 3103 potuit,
1200 3055 1292 3104 quia
1322 3053 1463 3092 Veneri
1491 3052 1671 3091 humores
1699 3051 1863 3101 subjecti
1891 3051 1953 3100 ip-

173 3123 294 3163 saque
326 3112 463 3152 dicitur
494 3118 578 3153 orta
618 3114 734 3153 maris
773 3123 933 3163 spuma,
975 3110 1078 3150 unde
1115 3123 1192 3150 vox
1219 3110 1441 3165 Ἀφροδιτη.
1499 3110 1679 3160 Denique
1714 3107 1848 3148 mundi
1876 3118 1953 3148 vox
