1988 3276
143 147 197 188 54
654 145 843 192 Epistolae
867 144 1015 192 Kepleri
1035 144 1259 192 aliorumque
1282 148 1426 183 mutuae

145 274 234 298 anno
261 263 351 301 1605
375 267 412 298 in
435 274 559 298 annum
583 262 686 300 1626.
731 263 797 297 Illa
818 274 906 308 quae
930 266 1081 308 superest
1103 264 1239 305 Kepleri
1262 263 1414 306 epistola,
1438 264 1471 299 ἀι
1496 265 1530 300 d.
1554 263 1611 301 18.
1624 266 1714 307 Jun.
1738 265 1858 312 1607„
1882 267 1930 301 le·

141 313 231 352 gitur
262 311 327 344 vol.
353 314 396 346 II.
427 323 460 353 p.
485 309 564 346 788.
618 310 755 344 Besoldi
789 310 948 353 epistolae
983 312 1098 352 paucis
1129 311 1347 343 Harmoniam
1383 312 1552 352 attingunt
1587 315 1621 345 et
1655 323 1696 345 ex
1728 315 1823 355 parte
1853 314 1931 348 illas

143 359 338 392 Schickardi
373 358 538 400 supplent.
587 360 684 392 Anno
709 356 800 392 1618
837 359 880 396 (d-
908 357 993 401 ¹⁰s20.
1019 356 1125 401 Sept.)
1157 358 1239 390 haec
1274 358 1332 389 dat
1368 357 1530 392 Besoldne
1562 358 1720 402 Keplero:
1756 360 1931 394 Undecun-

143 415 208 448 que
233 405 280 438 Gl.
308 407 379 449 Vir,
405 406 526 438 adfinis
557 405 768 448 honorande,
801 405 885 438 celer
915 403 1084 438 tabellarii
1117 405 1229 436 abitus
1253 405 1407 445 impedit,
1443 415 1510 447 quo
1538 407 1650 450 minus
1685 416 1708 438 a
1730 407 1930 441 Schiekardo

142 456 254 485 nostro
280 453 483 484 Harmonice.
505 455 565 484 tua
588 461 728 485 avocare
754 462 891 495 queam;
921 456 1003 494 puto
1028 455 1157 492 tamen,
1193 461 1267 483 eum
1287 453 1360 492 jam
1383 452 1527 491 graviter
1548 456 1632 495 opus
1654 463 1779 494 urgere.
1805 453 1933 495 Quodsi

139 501 286 540 Jusseris,
309 498 528 540 interpellabo
553 510 638 533 eum.
1018 499 1022 503 ’
1324 508 1327 511 ’

258 546 511 578 Dedicationem
536 547 580 578 ad
605 545 745 586 Angliae
771 546 891 586 Regem
921 546 1044 578 suadeo
1079 546 1232 586 omnin03
1267 547 1498 584 argumentum
1528 555 1690 579 sumerem
1722 555 1781 587 ego
1813 557 1855 580 ex
1880 559 1930 593 eo,

142 593 234 635 quod
256 594 286 624 is
309 594 507 634 praecipuus
531 595 618 625 inter
634 593 822 633 Magnata,
844 594 1042 634 praecipuus
1065 594 1152 624 inter
1173 590 1288 623 literas
1313 594 1346 623 et
1368 592 1486 624 unicus
1509 591 1612 626 seculi
1634 594 1751 636 nostri,
1777 595 1837 636 qui
1858 594 1932 630 feli-

144 641 273 672 cissime
296 638 410 672 literas
436 642 628 680 omnigenas
654 644 686 671 et
708 640 863 680 peritiam
879 640 1068 680 imperandi
1091 639 1298 678 conjunxerit
1321 641 1355 669 et
1370 638 1586 683 concordat-it,
1611 641 1665 673 eui
1679 641 1796 683 itaque
1810 649 1933 675 novum

143 687 206 718 hoc
229 686 506 719 Harmonicorum
543 697 626 727 opus
663 686 833 719 debeatur.
882 686 1046 728 Quodque
1078 695 1118 717 ex
1145 684 1337 727 longinquis
1370 686 1436 717 oris
1466 686 1532 726 ipsi
1560 686 1624 719 hoc
1652 687 1806 719 mittatur
1836 697 1931 729 opus,

142 742 211 765 non
236 743 306 764 esse
330 733 420 775 quod
444 734 638 772 admiretur;
671 733 815 764 indicari
840 742 896 774 eo,
930 733 1089 764 mundum
1113 730 1307 764 concordem
1339 740 1409 763 esse
1433 734 1466 763 et
1489 734 1677 773 conspirare
1700 735 1736 767 in
1760 743 1810 778 eo,
1843 737 1934 777 qnod

146 781 176 812 ei
201 780 403 811 offerendum
428 781 473 811 sit
495 781 559 812 hoc
583 789 665 820 opus
689 778 875 820 singulare,
911 780 1096 811 mirabilem
1127 778 1243 810 mundi
1272 781 1306 809 et
1331 779 1478 810 omnium
1499 788 1608 812 rerum
1631 781 1782 821 aperiens
1805 782 1842 812 in
1856 782 1932 815 ›dis-

145 827 260 858 cordia
284 827 386 858 etiam
410 827 629 859 harmoniam.
678 825 743 858 Sed
768 827 850 867 quid
875 836 935 866 ego
959 829 1098 858 noctuas
1122 826 1217 856 mitto
1241 824 1407 867 Athenas,
1433 828 1466 857 et
1489 826 1619 870 forsan,
1644 826 1707 858 hac
1729 827 1767 859 in
1788 837 1824 860 re
1844 829 1933 868 ,iudi-

144 874 232 906 cium
253 882 364 905 meum
387 877 553 914 expetens,
577 872 716 904 illusisti
738 873 877 904 ruditati
899 882 1003 906 meae.
1022 891 1064 896 —
1089 872 1237 912 Principi
1259 875 1371 903 nostro
1394 881 1473 903 num
1497 870 1729 905 Calendarium
1752 875 1798 906 sit
1818 875 1934 908 inscri-

148 919 304 959 bendum,
329 921 481 962 ambigo;
515 923 631 962 ajunt,
663 928 730 950 non
759 919 843 951 adeo
877 923 972 960 grata
995 918 1079 950 talia
1102 927 1239 950 munera
1268 927 1348 952 esse.
1396 918 1461 950 Sed
1485 928 1544 959 ego
1567 918 1689 952 nullibi
1710 921 1818 961 magis
1841 931 1933 962 pere-

146 968 259 1006 grinus
285 977 368 1009 sum,
394 977 495 1009 quam
518 968 554 998 in
579 970 693 998 nostra
716 965 807 1008 aula,
832 967 946 1008 itaque
971 966 1104 1008 suadeo,
1129 968 1167 996 ut
1183 965 1225 998 1).
1244 964 1358 996 Lansii
1376 963 1552 998 consilium
1574 967 1733 1008 sequaris,
1753 986 1794 993 —
1812 967 1933 1000 Maest-

146 1011 254 1045 linum
278 1012 471 1055 alloquendi
497 1015 610 1045 crebra
633 1015 767 1053 propter
791 1022 866 1044 mea
889 1013 1024 1052 negotia
1046 1022 1113 1044 non
1137 1011 1375 1052 suppeditabat
1397 1010 1552 1053 facultas,
1577 1012 1635 1045 sed
1657 1011 1772 1047 literas
1793 1015 1824 1046 ei
1846 1016 1933 1058 misi,

146 1061 216 1102 qui,
248 1063 285 1091 ut
309 1069 421 1102 spero,
446 1060 659 1101 respondebit
692 1059 736 1090 ad
766 1060 928 1101 quaesita.
955 1077 998 1082 -
1023 1061 1119 1090 Anno
1147 1056 1235 1093 1619
1271 1056 1320 1101 (d.
1349 1056 1438 1101 ¹⁰l20.
1468 1058 1576 1103 Junii)
1608 1060 1724 1092 scribit
1755 1059 1932 1094 Beseldus:

146 1106 355 1139 Har-monica
378 1110 438 1138 tua
460 1107 503 1140 D.
530 1106 730 1139 Schickardo
755 1108 827 1146 ipse
851 1106 997 1148 tradam,
1022 1115 1100 1137 nam
1126 1108 1174 1137 est
1196 1103 1255 1136 ille
1277 1106 1348 1144 jam
1373 1105 1567 1144 designatus
1590 1106 1775 1141 Hebraicae
1797 1106 1932 1148 linguae

147 1153 312 1194 professor
336 1156 369 1184 et
393 1157 463 1194 ejus
488 1154 668 1185 adventum
692 1153 727 1183 in
754 1153 824 1184 dies
849 1156 1018 1193 exspecto;
1044 1151 1207 1194 simulque
1232 1152 1365 1195 curabo,
1390 1154 1428 1183 ut
1455 1150 1580 1184 formae
1610 1161 1750 1193 cupreae
1773 1157 1933 1199 emantur,

147 1200 238 1242 quod
259 1202 330 1240 ,iam
354 1199 508 1243 facerem,
536 1201 565 1231 si
589 1199 816 1240 spissitudinis
840 1198 1048 1241 aliarumque
1074 1199 1315 1230 dimensionum
1338 1199 1422 1230 mihi
1444 1199 1528 1230 ratio
1553 1202 1725 1232 constaret.
1749 1199 1817 1233 Sed
1839 1210 1934 1242 prae-

149 1256 223 1278 sens
247 1248 319 1287 ipse
345 1247 498 1286 expediet
521 1248 635 1278 omnia
658 1245 818 1277 facillime
843 1246 940 1287 eique
957 1249 1083 1277 sumtus
1107 1244 1258 1277 lubenter
1274 1245 1503 1286 suppeditabo.
1522 1262 1566 1271 -·-
1585 1246 1712 1278 Deinde
1736 1246 1767 1279 d.
1793 1245 1848 1282 25.
1863 1247 1932 1282 Jul.

148 1297 189 1326 st.
214 1304 263 1326 va
298 1294 419 1325 Adhuc
443 1293 680 1326 Schickardum
706 1295 877 1334 exspecto,
903 1293 963 1334 qui
994 1291 1083 1324 ultra
1107 1301 1198 1333 spem
1222 1294 1254 1323 et
1277 1292 1475 1332 promissum
1504 1292 1684 1325 adventum
1718 1302 1831 1335 suum,
1863 1304 1933 1330 sus-

147 1339 280 1382 pendit,
317 1341 376 1382 qui
400 1342 428 1371 si
453 1350 487 1372 se
513 1340 617 1380 sistet,
642 1341 765 1371 curabo
790 1348 876 1381 quae
899 1337 982 1370 mihi
1004 1339 1190 1379 injunxisti.
1230 1338 1305 1369 Non
1328 1341 1441 1370 autem
1462 1339 1492 1370 is
1517 1340 1580 1371 erit
1602 1338 1773 1372 Maestlini
1796 1339 1933 1386 collega,

148 1388 208 1429 qui
231 1396 344 1427 parem
368 1386 451 1418 ferre
475 1396 543 1418 non
567 1389 692 1428 potest,
731 1386 789 1417 sed
813 1385 998 1428 Beringeri,
1034 1384 1119 1417 lecto
1152 1386 1313 1426 perpetim
1335 1385 1457 1425 adfixi,
1481 1394 1648 1418 successor
1671 1389 1705 1418 et
1728 1388 1935 1420 contubernii

147 1436 277 1467 100101.’
313 1432 491 1473 Exemplar
514 1433 793 1464 Harmonicarum
826 1433 918 1472 apud
946 1441 998 1463 me
1023 1432 1223 1473 depositum,
1255 1430 1393 1463 maculis
1418 1429 1550 1474 aliquot
1573 1433 1759 1474 conspicuis
1783 1443 1934 1476 0011111101·-
1984 1438 1986 1440 “

149 1490 221 1511 sum
245 1483 278 1512 et
299 1481 335 1511 in
361 1481 625 1511 extremitatibus
643 1480 828 1518 contritum,
853 1488 874 1510 a
897 1488 1023 1510 morum
1054 1478 1114 1510 illo
1138 1476 1296 1518 magistro
1322 1477 1578 1510 Polheimiorum
1606 1480 1737 1522 accepi3
1762 1490 1875 1513 vereor
1897 1484 1935 1514 111

147 1527 184 1558 id
208 1526 431 1558 bibliothecae
456 1526 569 1558 inferri
594 1529 702 1567 queat.
750 1523 855 1556 Aliud
877 1534 952 1565 ergo
976 1526 1071 1556 mitte
1095 1529 1128 1556 et
1150 1526 1213 1557 hoc
1236 1534 1294 1564 ego
1318 1524 1460 1560 vendam
1483 1523 1535 1557 vel
1561 1526 1614 1557 cui
1637 1526 1844 1559 mandaveris
1867 1531 1934 1560 tra-
1984 1538 1986 1540 ’

150 1573 239 1606 dam.
287 1572 464 1604 Maestlino
488 1575 549 1603 tua
571 1573 678 1613 petita
702 1573 824 1612 aperui,
849 1572 907 1613 qui
932 1581 969 1604 eo
994 1573 1127 1603 nomine
1150 1572 1214 1603 tibi
1237 1572 1308 1611 ipse
1333 1572 1461 1603 scribet.
1486 1589 1531 1595 —
1554 1572 1709 1615 Denique
1731 1582 1819 1605 anno
1844 1571 1934 1610 1626

149 1617 237 1662 (¹l11.
262 1619 377 1658 Mart.)
412 1620 494 1650 haec
523 1618 684 1651 Beseldus
721 1617 862 1659 Keplero
896 1619 1005 1650 dedit:
1041 1616 1218 1659 Exemplar
1253 1618 1542 1659 Harmonicorum,
1578 1619 1770 1652 academiae
1803 1623 1934 1654 nostrae
1985 1651 1986 1654 ,

150 1667 368 1708 destinatum,
399 1666 530 1697 Rectori
555 1668 587 1696 et
611 1665 748 1698 Senatui
772 1674 831 1704 pro
854 1674 944 1696 more
969 1665 1104 1696 exhibui
1133 1674 1319 1706 munusque
1342 1662 1534 1697 solennibus
1563 1666 1679 1697 ornavi
1702 1667 1820 1702 verbis.
1866 1667 1935 1701 Sed

148 1714 359 1745 honorarium
384 1714 515 1744 obtinui
540 1721 597 1752 spe
621 1714 863 1751 praeconcepta
886 1713 996 1743 minus
1021 1709 1056 1752 (4
1079 1721 1215 1754 nempe,
1247 1711 1306 1753 qui
1329 1711 1383 1742 hic
1407 1714 1499 1753 sunt,
1536 1710 1681 1744 thaleros
1708 1713 1932 1758 imperiales);
1971 1713 1975 1716 ’

149 1769 215 1792 0011
239 1760 374 1801 quidem
397 1768 472 1791 mea
495 1758 595 1799 culpa
618 1767 678 1790 nec
702 1758 792 1800 quod
823 1758 863 1790 de
895 1756 1126 1790 benevolentia
1148 1758 1345 1790 nostratium
1376 1766 1445 1789 non
1467 1756 1674 1800 amplissima
1696 1769 1849 1803 quaeque
1871 1762 1935 1793 tibi

150 1807 270 1839 debeas
287 1804 452 1847 polliceri,
478 1806 536 1837 sed
560 1805 640 1847 quia
656 1806 775 1836 aerarii
799 1805 903 1836 nostri
927 1814 967 1836 ea
981 1805 1098 1845 inopia
1114 1808 1172 1849 est,
1198 1808 1236 1836 ut
1260 1805 1422 1836 sumtibus
1445 1805 1662 1848 undiquaque
1684 1814 1817 1847 parcere
1833 1817 1933 1848 coga-

147 1862 231 1885 mur.
263 1853 326 1884 Pro
352 1851 542 1894 exemplari,
568 1861 634 1894 quo
659 1860 712 1882 me
735 1849 921 1892 bibliopola
945 1851 1165 1892 Tampachius
1191 1852 1337 1891 donavit,
1362 1860 1434 1883 cum
1460 1854 1492 1883 et
1515 1853 1571 1883 tuo
1595 1853 1719 1884 intuitu
1741 1852 1864 1886 factum
1880 1855 1933 1895 sit,

147 1900 272 1939 gratias
296 1899 491 1939 promeritas
516 1907 591 1937 ago,
631 1898 789 1940 Tertium,
815 1898 904 1939 quod
923 1898 1158 1929 Bidembachio
1185 1896 1387 1939 (consiliario
1405 1897 1712 1942 Wiirttembergico)
1737 1899 1932 1944 destinaras,

145 1948 215 1987 jam
242 1945 298 1977 diu
324 1948 382 1986 est,
408 1944 498 1987 quod
522 1942 703 1976 Maestlino
729 1941 775 1986 (et
798 1944 932 1985 quidem
957 1954 996 1975 ex
1021 1947 1079 1975 tuo
1100 1946 1207 1983 Jussu)
1232 1953 1336 1986 eoque
1359 1945 1424 1975 fine
1450 1943 1544 1988 dedi,
1569 1948 1606 1976 ut
1630 1946 1721 1986 operi
1744 1945 1934 1987 praeficeret

151 1992 456 2024 commendatitiam
479 1990 731 2031 praefationem.
773 1990 838 2023 Sed
861 1989 973 2022 multis
997 1991 1236 2022 monitionibus
1258 1990 1295 2021 id
1317 1991 1494 2030 impetrare
1517 1992 1664 2035 nequivi,
1689 2001 1779 2036 5000,
1809 1997 1847 2025 ut
1869 1994 1930 2026 tibi
1987 2010 1988 2013 ¹

148 2039 229 2080 quid
254 2039 395 2070 sentiam
419 2039 454 2069 in
479 2046 592 2069 aurem
617 2037 736 2079 dicam,
762 2040 820 2068 aut
843 2037 972 2068 invidia
996 2039 1027 2068 et
1044 2035 1264 2069 aemulatione
1280 2035 1422 2079 laborat,
1449 2039 1508 2068 aut
1530 2046 1598 2069 non
1613 2037 1724 2079 placet
1739 2040 1932 2080 ipsiaudax

147 2088 235 2128 tuus,
262 2085 319 2117 sed
342 2085 504 2124 ingenuus
529 2085 685 2126 omnique
707 2083 807 2115 laude
832 2083 950 2123 dignus
978 2084 1033 2115 hic
1057 2086 1204 2116 conatus.
1246 2081 1423 2123 Exemplar
1446 2086 1591 2124 repetere
1614 2085 1760 2129 incivile,
1786 2087 1852 2119 nisi
1873 2090 1931 2120 tuo

146 2133 323 2174 praescito,
345 2132 504 2172 Judicavi.

261 2190 476 2222 Harmoniam
501 2198 595 2221 suam
612 2186 791 2229 Keplerum
815 2189 915 2219 etiam
939 2189 1068 2219 senatui
1085 2186 1230 2220 Ulmensi
1257 2186 1416 2219 obtulisse
1439 2197 1479 2219 ex
1502 2187 1818 2223 Hebenstreitii
1833 2190 1929 2233 (Rec-

148 2238 228 2269 toris
246 2236 379 2268 scholae
395 2234 573 2278 Ulmensis)
590 2235 695 2267 literis
712 2238 859 2277 apparet,
877 2236 935 2276 qui
952 2235 1003 2266 bis
1020 2235 1189 2275 respondit
1205 2235 1249 2266 ad
1263 2233 1396 2274 Kepleri
1411 2231 1524 2266 literas
1541 2234 1772 2280 (deperditas):
1789 2237 1928 2274 Nobilis.

147 2282 338 2315 Clarissimo
363 2284 439 2323 Vir,
477 2284 619 2315 Domine
654 2285 686 2313 et
715 2281 825 2313 fautor
856 2279 1035 2322 plurimum
1069 2282 1282 2313 observande.
1332 2281 1452 2321 Accepi
1485 2285 1562 2322 post
1592 2283 1719 2322 priores
1753 2282 1831 2322 illas
1854 2288 1930 2318 tuas

147 2331 249 2361 etiam
273 2329 395 2362 alteras
419 2330 628 2362 recentiores.
676 2328 877 2360 Harmonica
906 2331 1036 2359 tantum
1068 2337 1135 2359 non
1164 2326 1373 2360 exosculatus
1403 2327 1550 2361 adoravi.
1600 2327 1810 2372 Quamquam
1842 2333 1929 2364 enim

147 2378 251 2416 ψιλον
277 2376 361 2407 illud
386 2377 510 2417 ingenii
534 2377 598 2407 mei
622 2384 815 2415 agnoscam,
852 2384 1018 2416 quamque
1053 2372 1228 2406 infeliciter
1262 2375 1297 2405 in
1329 2373 1473 2405 mathesi
1505 2374 1591 2406 nihil
1621 2385 1719 2416 agam
1753 2375 1928 2421 deplorem,

150 2420 258 2466 ὁδηγῳ
283 2424 438 2454 nimirum
462 2422 594 2462 indigus
622 2422 735 2453 dextro
761 2422 921 2463 comique,
946 2430 1040 2461 spero
1064 2424 1175 2452 tamen
1198 2421 1354 2462 futurum,
1379 2423 1416 2451 ut
1432 2419 1565 2453 divinae
1587 2420 1667 2454 illae
1688 2421 1828 2462 μελεται
1851 2428 1928 2459 wne

148 2481 203 2501 και
227 2469 372 2510 θεωριαι
396 2471 581 2509 rubiginem
604 2469 670 2500 mei
693 2466 881 2500 intellectus
913 2468 1042 2513 indies
1066 2468 1170 2506 magis
1194 2469 1363 2509 magisque
1388 2469 1566 2506 extergant.
1615 2469 1700 2512 Age,
1733 2469 1822 2503 disce
1842 2473 1928 2514 quid

146 2516 297 2547 fecerim:
324 2515 491 2556 exemplar
515 2516 629 2546 curavi
653 2514 838 2554 elegantius
863 2515 1046 2555 compingi,
1073 2517 1218 2546 extrema
1240 2513 1395 2545 foliorum
1417 2513 1575 2557 inaurari,
1599 2516 1700 2547 inseri
1722 2517 1823 2548 etiam
1844 2517 1927 2551 lem.

146 2563 256 2593 niscos
282 2563 401 2594 sericos
427 2562 568 2593 candido
592 2562 750 2603 nigroque
774 2563 891 2604 tinctu,
917 2561 1037 2602 quibus
1062 2560 1226 2592 coloribus
1250 2559 1464 2592 Ulmanorum
1489 2558 1596 2602 clypei
1613 2557 1844 2605 deformantur,
1868 2567 1926 2598 ob-

147 2607 210 2640 tuli
234 2618 310 2640 mox
335 2619 406 2640 cum
431 2607 536 2641 literis
559 2609 627 2639 tuis
652 2606 804 2647 Consuli,
834 2608 892 2650 qui
916 2607 961 2638 ad
986 2606 1125 2648 clavum,
1151 2607 1192 2641 D,
1217 2607 1291 2638 Joh.
1318 2605 1462 2643 Craftio,
1487 2607 1712 2640 commendavi
1737 2607 1832 2652 (110111
1857 2621 1926 2644 mm

145 2657 294 2694 ignotam
317 2655 491 2686 insubidus
517 2652 665 2695 oratorl).
706 2654 842 2693 Recepit
864 2655 1014 2692 benigne,
1040 2652 1161 2685 obtulit
1183 2657 1312 2694 postero
1336 2653 1390 2684 die
1407 2652 1572 2696 frequenti
1586 2655 1734 2688 Senatui.
1767 2656 1800 2688 Is
1815 2657 1925 2691 decer-

146 2703 207 2742 nit,
232 2711 326 2733 meae
351 2710 507 2733 censurae
532 2704 633 2742 atque
655 2701 736 2732 item
761 2701 956 2731 contectoris
981 2698 1058 2741 (heu
1081 2701 1199 2731 iterum
1223 2703 1323 2741 atque
1346 2700 1479 2731 iterum!
1509 2701 1600 2732 itane
1623 2701 1774 2742 princeps
1797 2705 1924 2737 mathe-

145 2749 341 2780 maticorum
366 2751 429 2779 stet
452 2748 586 2779 arbitris
609 2746 688 2778 lixis
714 2750 745 2777 et
769 2745 974 2788 calonibus?)
999 2746 1152 2778 volumen
1177 2756 1246 2779 esse
1271 2747 1538 2779 committendum
1562 2747 1791 2791 ,iudiciumque
1814 2750 1855 2782 de
1882 2741 1923 2784 eo

147 2799 295 2827 nostrum
320 2796 443 2835 scripto
470 2794 715 2835 exponendum3
753 2795 823 2823 tum
846 2792 1007 2836 futurum,
1033 2797 1070 2824 ut
1093 2796 1125 2823 et
1149 2793 1188 2824 de
1213 2794 1313 2832 digna
1334 2788 1501 2827 οἶντιδοσει
1523 2802 1635 2825 curam
1658 2794 1730 2834 ipse
1753 2798 1923 2838 suscipiat.

146 2840 236 2880 Quid
259 2844 358 2883 putas
382 2844 492 2872 autem
518 2841 571 2872 hic
587 2849 646 2872 nos
663 2836 833 2871 facturos?
859 2838 994 2870 Coelum
1019 2848 1097 2871 sane
1119 2839 1154 2869 in
1178 2839 1379 2880 praesidium
1400 2841 1509 2880 ipsum
1532 2840 1724 2873 vocabimus
1747 2844 1779 2874 et
1794 2846 1924 2883 praeter

145 2898 188 2919 τα
211 2898 389 2921 evm-aum
411 2887 496 2919 nihil
521 2887 722 2918 conabimur.
771 2885 833 2916 Die
857 2886 970 2917 Lunae
995 2888 1115 2929 autem,
1141 2882 1184 2918 ἀν
1199 2887 1284 2924 θεος
1306 2885 1477 2930 emmanu,
1500 2889 1532 2918 te
1555 2889 1712 2930 tuamque
1729 2889 1922 2929 dignitatem

146 2933 268 2964 miselli
292 2944 352 2966 nos
377 2933 462 2971 λεξει
495 2936 608 2965 nostra
631 2933 796 2972 depictam
825 2933 1031 2971 magistratui
1054 2933 1389 2973 repraesentabimus,
1423 2934 1600 2974 sperantes,
1631 2934 1695 2966 tibi
1726 2944 1793 2967 non
1821 2945 1945 2976 gravo⁴

147 2978 304 3022 futurum,
330 2983 368 3021 si,
394 2990 467 3013 cum
490 2989 627 3020 magnus
643 2979 699 3021 sis,
724 2976 879 3009 minutuli
900 2982 933 3009 te
956 2979 1062 3018 pisces
1085 2980 1121 3009 in
1145 2982 1237 3010 vasto
1262 2980 1443 3012 matheseos
1468 2987 1590 3011 oceano
1614 2978 1838 3021 ambulantem
1861 2982 1920 3015 ad-

147 3029 299 3058 natantes
323 3038 383 3059 nos
407 3028 635 3068 suspiciamus.
674 3024 810 3057 Utinam
833 3027 943 3056 autem
968 3025 1085 3056 deinde
1109 3025 1316 3058 Harmonicis
1339 3027 1406 3058 tuis
1429 3024 1657 3067 pulcherrimis
1679 3025 1814 3068 pulchre
1837 3039 1919 3072 quo-

148 3081 211 3115 que
234 3075 476 3115 συναρμοζοιεν
499 3077 683 3106 nostrorum
712 3070 823 3103 studia
853 3073 885 3103 et
913 3069 1110 3103 liberalitas!
1150 3071 1317 3116 Quicquid
1339 3072 1375 3105 id
1397 3071 1513 3114 fuerit,
1543 3074 1664 3107 nostris
1686 3075 1837 3116 partibus
1860 3079 1920 3108 tua
