1994 3276
140 106 224 145 438
762 103 985 149 Appendicis
1008 89 1307 139 Harmonicorum

139 222 275 270 Hanc,
322 223 400 270 ais,
445 222 693 262 invisibiliter
722 229 856 262 natare
884 224 941 263 'in
971 222 1171 262 elementis
1211 229 1250 262 et
1283 225 1418 275 spiritu
1449 227 1574 264 aereo.
1634 223 1722 263 Non
1754 235 1843 263 sum
1868 235 1935 263 sa-

138 282 311 330 pientiae
336 279 458 329 filius,
491 285 534 319 ut
564 282 696 329 sciam,
729 282 822 332 quid
853 283 904 320 sit
932 287 1080 320 natare
1108 285 1154 320 in
1175 286 1277 329 aifre,
1310 282 1371 322 dic
1401 283 1529 332 sodes,
1557 294 1627 322 cur
1645 293 1723 321 non
1755 284 1810 321 ibi
1835 282 1937 323 hanc

140 338 274 377 volare
303 340 434 389 potius
467 339 624 378 dicam?
682 339 797 379 Hauc
835 342 950 380 etiam
990 342 1048 378 ais
1088 340 1521 390 alterationesfacere,
1567 347 1608 381 at
1642 352 1720 379 non
1752 341 1935 392 explicas,

140 409 206 436 cur
249 397 298 435 ad
340 399 617 447 praescriptum
659 404 886 450 aspectuum
928 398 1102 447 illorum,
1150 401 1216 449 qui
1257 404 1347 438 sunt
1387 401 1425 437 in
1455 399 1594 449 Terra,
1639 410 1716 438 non
1754 399 1936 451 explicas,

114 467 228 494 ‘cum
265 456 333 494 illa
363 457 415 494 sit
444 456 575 494 mundi
599 459 759 505 anima,
805 468 872 495 cur
911 458 1028 507 igitur
1058 458 1098 495 in
1129 461 1216 496 ae're
1247 459 1378 508 potius
1407 460 1574 497 terrestri
1617 457 1751 496 sedem
1778 457 1935 506 habeat,

139 525 256 563 quam
293 514 356 552 vel
389 516 427 551 in
468 519 551 553 toto
581 515 748 564 mundo,
785 515 858 554 vel
890 516 1027 554 saltem
1057 517 1096 553 in
1129 515 1253 555 Sole?
1314 516 1355 555 Si
1394 528 1543 556 mecum
1582 515 1647 555 hic
1677 517 1821 564 sentis,
1852 515 1936 570 Ro-

140 573 268 621 berte,
313 578 356 611 ut
385 583 462 610 non
495 573 636 612 aliam
643 574 699 611 illi
731 574 863 612 sedem
895 574 982 623 des,
1029 585 1106 612 non
1148 574 1256 612 aliud
1284 575 1512 613 vehiculum
1539 577 1774 627 proprium,
1818 585 1937 624 quam

139 636 319 669 naturam
349 631 619 680 sublunarem,
660 631 861 671 levissima
891 634 963 672 erit
991 634 1090 671 inter
1121 644 1191 671 nos
1223 633 1270 672 de
1299 635 1455 672 nomine
1485 634 1702 681 contentio,
1743 633 1937 672 'lerraene

141 691 270 740 potius
303 701 350 727 an
384 689 519 728 Mundi
553 692 683 728 anima
715 690 883 739 dicatur,
925 696 963 730 et
993 691 1062 729 illa
1093 691 1216 730 altera
1246 693 1346 730 sitne
1376 693 1414 729 in
1445 691 1565 730 Terra
1594 693 1726 742 potius
1756 702 1806 729 an
1837 692 1938 730 circa

141 747 301 785 Terram
333 750 519 798 proxime.
579 749 679 787 Nam
711 748 930 799 exemplum
960 749 1127 788 hominis
1160 750 1244 799 jam
1273 761 1350 789 non
1383 750 1550 800 amplius
1580 749 1818 807 applicabis,
1856 752 1938 788 nisi

140 817 291 844 mecum
323 807 422 844 velis
454 805 712 854 πλατωνιζειν.
773 807 955 846 Hominis
987 810 1087 846 enim
1119 809 1287 847 animam
1317 813 1441 847 totam
1471 810 1579 847 aiunt
1609 809 1752 847 versari
1783 810 1822 846 in
1853 810 1937 846 sin-

140 865 241 914 gulis
273 866 468 916 partibus,
513 872 554 904 tu
597 865 730 903 mundi
761 867 931 904 animam
961 867 999 903 in
1030 866 1104 905 hoc
1133 870 1222 905 ae'rc
1254 868 1567 906 circumterrestri
1602 867 1659 905 sic
1688 868 1847 914 statuis,
1893 871 1938 905 ut

140 925 295 974 proprio
328 923 520 962 vehiculo.
582 924 650 962 Sin
690 930 820 963 autem
851 924 1096 963 Platonicum
1129 925 1403 974 dogmatistam
1445 927 1580 976 aequis
1611 925 1768 964 auribus
1809 924 1935 973 audis,

142 983 206 1032 qui
241 984 412 1019 animam
441 982 662 1020 radicaliter
693 981 743 1020 ad
776 994 890 1021 unam
922 983 1048 1021 cordis
1078 983 1211 1022 sedem
1242 984 1483 1032 determinat,
1520 985 1559 1021 in
1590 984 1727 1022 ceteris
1755 984 1936 1022 membris

136 1040 244 1078 illam
275 1040 412 1079 adesse
444 1040 536 1078 dicit
577 1053 644 1090 per
673 1042 734 1079 sui
765 1043 933 1091 speciem
965 1038 1032 1095 (ut
1062 1042 1217 1091 quidem
1261 1045 1403 1082 sentire
1435 1041 1608 1090 videris,
1635 1041 1738 1080 *dum
1759 1042 1935 1080 :animam

137 1098 271 1136 mundi
315 1098 397 1137 Soli
438 1110 657 1149 comparas,
713 1101 883 1137 animam
923 1111 1016 1138 vero
1057 1102 1156 1139 ae'ris
1193 1100 1303 1139 radio
1335 1100 1476 1150 Solis),
1521 1110 1600 1139 non
1635 1099 1754 1150 digna
1786 1100 1936 1150 videtur

138 1157 250 1195 sedes
292 1159 449 1208 propria
490 1160 644 1197 animae
675 1158 808 1196 mundi
838 1153 972 1196 totius
1003 1169 1074 1197 nec
1105 1160 1142 1196 in
1175 1162 1262 1198 ae‘re
1299 1170 1370 1198 nec
1400 1161 1438 1196 in
1470 1165 1590 1206 terra,
1635 1158 1739 1197 unde
1760 1158 1838 1201 ,ina
1869 1169 1935 1209 per

139 1216 308 1265 speciem
348 1217 408 1253 sui
450 1221 627 1254 excurrat
664 1228 786 1265 usque
828 1218 867 1254 in
897 1216 1016 1266 fixas3
1059 1216 1211 1266 dignior
1253 1217 1426 1267 profecto
1457 1212 1568 1256 sedes
1611 1217 1666 1254 illi
1697 1218 1854 1267 propria
1895 1218 1933 1254 in

96 1311 98 1314 ,
137 1273 250 1322 Sole,
296 1273 400 1324 quod
434 1285 506 1324 ego
539 1274 632 1312 mihi
664 1274 749 1313 libr.
782 1274 851 1312 IV.
883 1274 1122 1313 Harmoniae
1152 1275 1307 1325 placere
1339 1275 1416 1313 dixi
1457 1281 1577 1325 tuque
1610 1276 1692 1324 ipsc
1725 1274 1935 1314 concedere

82 1357 89 1363 ·
144 1332 308 1380 videris,
351 1331 441 1369 dum
470 1333 607 1371 Mundi
640 1334 808 1371 animam
840 1332 943 1372 Solis
975 1334 1142 1371 animam
1174 1333 1359 1384 appellas.
1419 1335 1481 1371 An
1512 1335 1635 1382 magis
1671 1333 1840 1371 medicos
1870 1345 1936 1372 se-

138 1402 312 1441 quemur,
347 1392 412 1440 qui
443 1393 694 1440 quantumvis
725 1393 913 1429 unitatem
943 1392 1095 1430 animae
1128 1393 1166 1429 in
1198 1392 1354 1431 homine
1385 1391 1612 1442 defendant,
1643 1391 1818 1430 diversas
1849 1391 1934 1441 ejus

136 1449 341 1487 facultates
374 1455 591 1498 agnoscunt
621 1461 690 1499 pro
724 1449 947 1488 diversitate
980 1450 1184 1498 viscerum,
1218 1450 1356 1498 cordis,
1389 1449 1553 1500 hepatis,
1588 1449 1744 1498 cerebri,
1777 1455 1816 1488 et
1843 1460 1935 1488 suas

137 1507 294 1557 quidem
325 1508 488 1557 singulis
521 1509 734 1547 visceribus
765 1513 987 1558 praesentes
1019 1508 1235 1547 facultates.
1297 1508 1407 1547 Tunc
1435 1520 1529 1546 sane
1561 1510 1676 1547 etiam
1707 1510 1745 1545 iu
1778 1508 1934 1556 mundo,

87 1570 93 1573 ’
137 1571 179 1604 ιιι
210 1565 277 1604 Sol
309 1577 374 1604 cor
404 1566 599 1616 quoddam
632 1572 701 1615 est,
734 1568 790 1604 sic
820 1566 940 1605 Terra
970 1566 1122 1618 hepatis
1153 1568 1277 1605 vicem
1309 1568 1416 1617 gerit.
1438 1572 1506 1604 aut
1525 1567 1649 1604 lienis.
1712 1565 1827 1605 Certa
1856 1568 1936 1616 igi-

136 1630 197 1662 tur
228 1626 298 1662 erit
327 1623 469 1663 Terrae
501 1624 666 1663 facultas
697 1624 832 1675 illique
863 1626 999 1670 insita,
1044 1626 1223 1674 quamvis
1254 1625 1321 1664 illa
1351 1626 1607 1676 principatum
1641 1623 1752 1662 cedat
1782 1626 1934 1664 animae

138 1683 273 1720 mundi
313 1683 523 1722 universali
568 1684 680 1733 eique
717 1686 758 1721 s‘e
796 1695 863 1734 per
900 1685 1088 1722 unitatem
1121 1685 1312 1722 essentiae
1356 1683 1578 1733 copulatam
1610 1680 1788 1734 fateatur.
1847 1682 1936 1721 Hoc

136 1743 171 1779 si
204 1742 277 1789 vis,
310 1740 493 1789 Roberte‚
527 1741 683 1780 sublata
714 1743 838 1779 omnis
869 1741 915 1780 lis
949 1747 1025 1791 est3
1058 1741 1151 1779 mihi
1181 1741 1332 1790 sufficit,
1366 1743 1405 1779 in
1426 1741 1546 1780 Terra
1576 1747 1819 1791 praesentem
1850 1752 1935 1780 esse

135 1799 254 1838 talem
285 1798 457 1849 aliquam
490 1799 730 1847 facultatem,
763 1812 833 1839 seu
864 1812 910 1839 ea
942 1800 1121 1839 informet
1151 1800 1321 1849 Terram,
1354 1812 1423 1839 seu
1456 1799 1658 1847 inhabitet,
1691 1800 1775 1839 sive
1802 1801 1861 1837 sui
1892 1806 1936 1837 se

133 1859 230 1908 juris
263 1869 348 1896 esse
381 1858 624 1905 contendat,¹
657 1860 740 1897 sive
770 1857 882 1896 alteri
913 1870 953 1896 se
986 1860 1111 1910 ipsam
1141 1860 1355 1908 mancipet,
1400 1857 1608 1896 dummodo
1639 1857 1781 1896 Terrae
1819 1857 1934 1905 adsit,

137 1916 336 1963 humores,
370 1921 438 1954 aut
470 1921 512 1954 ut
542 1922 585 1954 tu
617 1918 676 1954 vis
707 1919 862 1964 aeirem,-
881 1918 919 1954 in
949 1922 1143 1967 potestate
1174 1916 1354 1966 habeat„
1375 1916 1635 1961 radiationes,
1668 1921 1710 1953 ut
1740 1914 1831 1954 illae
1862 1916 1934 1954 sub

138 1974 251 2012 Luna
282 1979 372 2012 sunt
404 1979 673 2026 comparatae,
705 1976 906 2024 percipiat.

249 2032 402 2081 Pergis:
446 2035 627 2070 instinctu
673 2033 832 2071 coelesti
866 2034 995 2071 varios
1040 2032 1218 2082 producit
1263 2031 1434 2071 effectus.
1495 2030 1593 2080 Quis
1638 2035 1696 2070 est
1738 2030 1805 2070 ille
1836 2043 1929 2071 coe-

140 2090 250 2128 lestis
291 2092 517 2140 instinctus,
565 2092 633 2140 qui
673 2093 825 2129 animae
869 2091 1001 2128 mundi
1043 2092 1256 2140 praecipiat
1298 2094 1366 2128 aut
1406 2089 1619 2139 quidquam
1659 2089 1929 2139 praescribat?
1955 2102 1978 2114 -’

137 2148 435 2216 Rempublicam
466 2150 570 2187 sistis
616 2149 665 2187 ob
699 2149 831 2187 oculos
877 2150 914 2185 in
948 2148 1081 2186 mundi
1113 2159 1292 2198 corpore,
1325 2149 1364 2185 in
1396 2159 1474 2196 qua
1504 2152 1615 2186 certis
1648 2148 1934 2187 conditionibus

136 2209 297 2258 imperet
328 2209 476 2256 anima,
518 2207 608 2257 jura
637 2207 854 2256 maiestatis
894 2206 1044 2245 habens
1076 2206 1202 2244 divisa
1244 2218 1330 2244 cum
1361 2199 1443 2244 suis'
1475 2207 1710 2255 proceribus.
1751 2206 1827 2244 At
1857 2217 1930 2256 ego

138 2267 186 2304 ob
219 2265 293 2304 hoc
323 2267 451 2316 ipsum
481 2277 558 2304 non
590 2276 728 2304 censeo
760 2265 1019 2303 univelsalem
1052 2264 1157 2302 illam
1189 2263 1320 2301 mundi
1351 2265 1519 2302 animam
1552 2275 1657 2312 esse,
1699 2275 1800 2314 quae
1832 2268 1934 2302 tem-

135 2328 307 2373 pestates
339 2325 428 2375 ciet,
459 2326 550 2374 quia
582 2323 809 2374 praescribit
840 2324 875 2362 ei
906 2328 1088 2372 aspectus
1119 2322 1285 2371 quilibet
1314 2322 1570 2372 planetarum,
1605 2328 1652 2370 ut,
1674 2323 1932 2365 membrorum

137 2382 324 2420 mundani
365 2385 556 2433 corporis3
603 2382 707 2421 hunc
747 2382 847 2420 enim
889 2380 1015 2419 solum
1054 2382 1277 2419 instinctum
1319 2379 1526 2418 coelestem
1561 2383 1663 2428 scio,
1709 2382 1775 2430 qui
1808 2385 1866 2419 est
1911 2391 1935 2418 a

138 2440 434 2478 radiationibus.
498 2441 637 2479 Varios
669 2444 797 2479 autem
829 2439 986 2478 effectus
1017 2438 1107 2476 dum
1138 2439 1196 2476 ais
1227 2439 1395 2477 animam
1424 2438 1557 2476 mundi
1587 2439 1810 2488 producere,
1841 2449 1935 2488 pro-

137 2500 225 2547 pius
256 2498 306 2536 ad
337 2499 555 2548 astrologos
587 2498 759 2546 inclinas,
794 2509 911 2547 quam
941 2496 991 2536 ad
1024 2489 1291 2546 philosophos.
1351 2496 1451 2535 Nam
1486 2497 1671 2550 astrologi
1704 2498 1934 2535 varietatem

138 2556 238 2594 hanc
270 2568 368 2607 pene
399 2557 448 2595 ad
480 2556 696 2607 singularia
722 2555 952 2603 extendunt,
984 2554 1207 2605 philosophi
1239 2566 1391 2593 omnem
1421 2554 1527 2593 illam
1561 2556 1634 2593 sub
1666 2566 1783 2594 unum
1813 2566 1933 2604 genus

141 2616 411 2653 commotionis
442 2615 683 2654 contrahunt.

255 2671 473 2711 Materiam
501 2679 767 2711 meteororum
800 2672 861 2709 vel
889 2682 1082 2719 vaporem
1112 2681 1188 2708 esse
1218 2671 1278 2709 vel
1305 2672 1494 2720 spiritum
1528 2672 1676 2708 siccum
1706 2675 1751 2723 et
1770 2672 1933 2720 tyneum

141 2735 177 2767 et
206 2734 426 2780 utrumque
456 2743 504 2770 εει·
534 2726 648 2769 terra
677 2730 877 2776 exhalare,
910 2739 1064 2779 prorsus
1091 2734 1228 2778 'negas
1291 2728 1445 2777 Quanto
1467 2741 1527 2767 me
1557 2733 1663 2766 metu
1686 2728 1931 2779 perculisses,

142 2789 174 2825 si
208 2800 280 2837 ego
312 2789 419 2826 selus
450 2791 505 2828 ita
534 2794 758 2835 statuerem,
790 2788 823 2825 si
854 2799 931 2825 non
964 2786 1212 2825 Aristotelem
1246 2786 1609 2837 ducem-sequerer.
1685 2786 1733 2824 Et
1767 2786 1859 2836 quid
1890 2790 1931 2823 tu

143 2851 275 2884 contra
305 2847 539 2885 substituis?
599 2846 803 2885 Materiam
834 2845 932 2882 hanc
964 2845 1020 2882 ais
1053 2855 1137 2891 esse
1168 2846 1207 2882 in
1238 2844 1498 2884 occultissimo
1535 2844 1811 2897 elementorum
1839 2855 1928 2893 gre-

142 2905 231 2941 mio.
295 2905 382 2942 Non
414 2911 471 2943 est
503 2904 692 2944 occultius
724 2903 998 2942 elementorum
1030 2903 1216 2958 gremium
1248 2903 1460 2942 visceribus
1483 2902 1636 2950 Terrae,
1670 2901 1776 2940 velut
1806 2904 1929 2939 utero.

145 2960 446 3000 Thesaurarium
498 2963 671 3001 divinum
705 2967 854 3000 montes
899 2965 1009 3007 sunt,
1051 2961 1118 2998 ubi
1162 2971 1298 2999 aurum
1340 2965 1618 3010 argentumque
1649 2961 1706 2997 ais
1743 2969 1929 3008 apparere

147 3019 380 3068 quandoque
428 3021 630 3060 visibiliter
671 3021 710 3058 in
753 3021 852 3058 ae‘re.
911 3017 1017 3056 Nihil
1049 3017 1165 3077 dicis,
1213 3021 1304 3068 quia
1350 3019 1526 3068 exemplo
1563 3029 1640 3056 non
1670 3017 1799 3054 uteris.
1860 3018 1928 3054 In-

145 3074 261 3125 digna
292 3089 351 3115 res
383 3084 462 3127 est,
506 3079 692 3127 Roberte,
735 3090 796 3117 me
833 3077 904 3116 tibi
942 3062 1173 3126 respondere
1213 3076 1309 3115 nihil
1349 3077 1546 3128 probanti,
1592 3073 1688 3112 nihil
1719 3073 1930 3115 destruenti
