1994 3276
654 116 702 155 ad
723 117 854 155 librum
875 115 919 154 V.
942 116 1249 155 Harmonicorum,
1763 120 1847 162 333

152 238 261 278 Etsi
298 247 393 277 vero
427 237 571 276 similia
609 235 798 276 nonnulla
834 214 1147 276 Macrocosmicis
1188 235 1265 275 illis
1306 240 1345 275 et
1384 247 1459 288 ego
1488 241 1612 276 tracto
1650 237 1690 274 in
1731 247 1847 288 opere
1879 243 1951 289 *N

60 307 171 345 meo,
211 301 257 336 ut
295 295 402 347 quod
437 295 536 334 libro
566 294 637 335 IV.
668 295 827 334 Terram
857 294 1001 334 animal
1030 295 1154 342 facio,
1195 300 1235 333 at
1275 293 1314 333 id
1343 294 1388 333 fit
1426 295 1575 335 ratione
1610 294 1726 344 longe
1755 294 1848 334 alia.

61 353 144 393 Nec
174 356 277 393 enim
305 352 511 402 contendo,
542 353 763 404 analogiam
793 364 879 392 esse
909 365 1052 392 meram
1081 354 1181 391 inter
1199 351 1357 391 Terram
1388 358 1427 392 et
1447 352 1643 401 animalia,
1675 363 1747 391 nec
1775 352 1848 392 de-

61 416 232 451 sumtum
262 422 349 453 esse
389 411 482 450 volo
512 412 765 463 archetypum
794 411 974 450 animalis
1014 422 1063 450 ex
1093 412 1180 461 ipsa
1209 410 1346 459 Terra,
1389 411 1460 450 sed
1498 411 1595 450 illud
1624 410 1850 462 simpliciter

63 471 305 522 propositum
332 469 461 509 habeo
491 468 765 517 demonstrare,
795 469 864 508 illa
894 481 1025 520 opera,
1062 479 1164 519 quae
1194 473 1416 520 spectantur
1446 470 1485 507 in
1515 469 1637 520 globo
1665 468 1846 518 Telluris,

62 538 139 567 non
167 538 284 579 posse
322 539 370 567 ex
399 528 570 566 motibus
600 528 877 567 elementorum
912 532 982 566 aut
1010 528 1195 572 materiae
1234 524 1502 567 affectionibus
1533 528 1717 566 solitariis
1753 538 1848 578 pro·
1918 530 1920 533 ’

63 588 209 635 venire,
239 584 310 625 sed
337 587 472 625 testari
503 585 551 625 de
582 587 733 624 animae
761 587 1003 636 praesentia3
1029 585 1112 635 jam
1142 589 1186 623 ut
1206 585 1469 635 intelligantur
1497 597 1586 625 mea
1606 590 1847 636 argumenta,
1876 635 1879 638 1

63 655 161 695 opus
180 644 263 683 fuit
290 642 526 694 allegatione
555 644 796 683 functionum
826 645 980 683 animae
1009 644 1204 682 variarum
1239 644 1282 680 in
1313 655 1473 694 corpore
1503 643 1694 683 animalis.
1753 642 1847 683 Jam
1908 668 1911 675 s

62 707 105 741 ut
132 703 293 753 propius
321 701 551 741 accedamus
589 701 639 750 ad
667 701 937 750 fundamenta,
977 702 1119 752 quibus
1149 700 1342 740 Robertus
1382 701 1430 741 de
1462 702 1665 741 Fluctibus
1707 713 1846 753 super-

61 761 175 799 struit
203 770 315 809 suam
343 762 532 799 musicam
559 759 814 808 mundanam,
854 762 1020 811 primum
1050 759 1117 799 ille
1146 764 1271 798 totum
1302 759 1489 799 mundum
1527 771 1739 811 omnesque
1769 766 1847 800 tres

62 818 148 868 eins
176 824 319 869 partes,
349 829 582 870 empyream,
615 818 833 867 coelestem,
866 818 1139 859 elementarem
1167 823 1346 868 occupat,
1377 816 1455 869 ego'
1481 818 1606 858 solam
1626 819 1845 867 coelestem,

61 887 134 915 nec
162 887 248 916 eam
277 881 421 924 totam,
461 875 531 916 sed
561 875 667 916 solos
704 875 949 927 planetarum
979 882 1108 916 motus
1148 876 1261 925 quasi
1298 876 1372 915 sub
1403 876 1579 916 zodiaco.
1605 880 1722 924 (xvi.)
1775 876 1846 915 1lle

61 934 154 973 fisus
184 934 399 981 veteribus,
438 936 503 989 qui
534 935 616 973 vim
643 934 929 974 harmoniarum
964 947 1011 975 ex
1040 934 1211 973 numeris
1247 934 1452 974 abstractis
1493 946 1578 975 esse
1620 933 1843 982 credebant,

64 997 126 1031 sat
154 991 284 1040 habet,
314 994 347 1030 si
377 1004 474 1043 quas
503 994 602 1031 inter
630 997 760 1045 partes
789 993 1103 1032 concordantiam
1132 1003 1218 1030 esse
1249 991 1546 1046 demonstrabit,
1578 1005 1644 1034 eas
1674 994 1845 1031 numeris

62 1049 410 1101 quomodocunque
449 1050 768 1101 comprehendat,
808 1051 917 1090 nulla
955 1062 1066 1098 eura,
1108 1050 1325 1100 cujusmodi
1365 1052 1533 1091 unitates
1572 1052 1643 1091 illo
1683 1062 1843 1090 numero

62 1108 376 1158 accumulentur3
415 1120 489 1159 ego
517 1110 695 1160 nuspiam
736 1109 858 1148 doceo
889 1120 1072 1160 quaerere
1111 1108 1354 1158 harmonias,
1395 1110 1462 1148 ubi
1493 1121 1575 1160 res,
1616 1112 1717 1149 inter
1746 1120 1844 1160 quas

62 1171 155 1205 snnt
189 1165 435 1215 harm0niae,
476 1177 555 1205 non
594 1173 757 1217 possunt
779 1170 996 1215 >mensurari
1035 1165 1172 1206 eadem
1201 1169 1432 1216 quantitatis
1461 1179 1662 1215 mensura,
1707 1169 1764 1206 sic
1803 1174 1846 1206 ut

61 1235 180 1263 cansa
208 1226 436 1274 quantitatis
465 1224 603 1264 eadem
631 1226 682 1264 sit
712 1227 810 1264 inter
831 1226 918 1265 illas
939 1225 1152 1277 proportio,
1185 1236 1285 1275 quae
1304 1227 1405 1264 inter
1423 1225 1522 1265 duas
1543 1226 1707 1266 chordas
1737 1225 1846 1276 ejus·

61 1281 148 1321 dem
177 1283 382 1331 tensionis,
425 1293 545 1323 causa
572 1283 837 1334 longitudinis.
858 1289 999 1326 (xvn.)
1058 1283 1270 1334 Propterea
1309 1283 1376 1323 ille
1405 1288 1531 1323 totum
1558 1284 1747 1324 mundum
1777 1295 1844 1323 ra-

60 1340 166 1380 tione
196 1340 471 1380 semidiametri
501 1342 539 1379 in
570 1346 647 1380 tres
666 1341 848 1392 aequales
868 1346 999 1392 partes
1020 1340 1171 1389 dividit,
1201 1346 1264 1379 sat
1284 1343 1480 1392 cognitum
1500 1342 1662 1392 habens,
1695 1353 1846 1393 aequa-

62 1397 121 1437 les
148 1397 238 1437 illas
267 1394 424 1437 minime
455 1410 553 1447 esse,
584 1399 652 1438 sed
683 1399 769 1439 ideo
801 1399 940 1447 solum,
972 1401 1065 1450 quia
1095 1399 1219 1450 prima
1248 1401 1377 1439 unitas
1407 1407 1466 1440 est
1486 1402 1653 1440 mundus
1673 1401 1845 1440 elemen-

60 1457 169 1509 taris,
197 1456 369 1496 secunda
396 1456 562 1496 mundus
591 1457 807 1506 aethereus,
841 1459 954 1496 tertia
986 1468 1209 1508 empyreus,
1242 1463 1282 1497 et
1312 1469 1405 1498 vero
1436 1461 1604 1503 unitates
1634 1460 1743 1511 pingi
1768 1459 1846 1498 ali-

59 1519 119 1553 ter
146 1525 224 1553 non
253 1521 428 1565 possunt,
458 1527 578 1564 quam
608 1516 843 1566 aequalitate
875 1515 1086 1563 linearum3
1117 1520 1158 1554 at
1190 1526 1277 1564 ego,
1310 1517 1385 1555 nisi
1416 1522 1579 1556 testetur
1607 1519 1846 1557 astronomia

61 1572 108 1611 de
139 1572 274 1612 eadem
309 1575 501 1611 unitatum
531 1585 711 1612 mensura
749 1575 1033 1623 quantitativa,
1075 1585 1320 1623 nequaquam
1353 1576 1400 1612 iis
1439 1580 1483 1614 ut
1513 1576 1728 1615 unitatibus
1756 1581 1846 1614 ntor

60 1629 110 1684 ad
139 1630 394 1669 numerandas
423 1633 692 1681 proportiones
711 1632 963 1671 harmonicas
993 1635 1143 1677 (XVIII.)
1184 1631 1256 1671 Ille
1277 1637 1405 1671 tamen
1434 1635 1515 1672 suis
1536 1636 1718 1674 insistens
1738 1635 1846 1684 prin-

63 1689 175 1738 cipiis
204 1688 520 1756 pyramidemque
551 1689 718 1728 educens
749 1702 796 1728 ex
826 1690 930 1737 basi,
972 1689 1113 1728 circulo
1145 1701 1286 1739 magno
1317 1690 1503 1739 Telluris,
1545 1692 1630 1742 ejus
1660 1694 1843 1731 verticem

62 1746 112 1784 ad
151 1747 278 1797 ipsum
316 1748 466 1797 apicem
496 1746 593 1785 coeli
631 1748 800 1815 empyrei
830 1749 985 1795 statuit,
1027 1752 1065 1785 et
1102 1746 1305 1786 altitudine
1346 1748 1430 1798 ejus
1471 1750 1509 1787 in
1546 1751 1620 1788 tria
1660 1750 1843 1800 aequalia

63 1800 242 1858 (perinde
272 1815 319 1843 ac
347 1806 383 1842 si
411 1805 579 1844 unitates
610 1807 809 1844 verissime
848 1806 1034 1856 aequales
1063 1804 1283 1854 habuisset)
1314 1805 1462 1854 divisa,
1505 1814 1706 1854 numerat,
1749 1814 1845 1858 quot

58 1867 187 1912 partes
216 1864 375 1901 veniant
404 1874 607 1913 empyreo,
638 1869 734 1913 quot
764 1862 942 1912 coelesti,
984 1869 1078 1913 quot
1111 1863 1345 1903 elementari.
1407 1865 1507 1903 Nam
1536 1878 1730 1905 summum
1759 1865 1844 1905 ele-

61 1920 243 1958 mentaris
273 1915 442 1970 regionis
471 1920 546 1959 hoc
574 1928 689 1972 pacto
721 1921 839 1972 duplo
875 1921 1027 1972 longius
1058 1921 1171 1960 abest
1211 1933 1236 1959 a
1265 1934 1414 1960 summo
1445 1925 1624 1964 coelestis
1665 1936 1784 1975 quam
1816 1937 1840 1963 a

59 1989 208 2016 summo
240 1979 433 2029 empyrei3
465 1984 503 2017 et
533 1980 571 2016 in
603 1978 793 2018 divisione
822 1979 1033 2030 pyramidis
1063 1985 1237 2030 respectu
1268 1981 1425 2030 quidem
1455 1984 1539 2021 axis
1569 1984 1691 2021 tribus
1711 1984 1844 2032 regio-

37 2036 175 2073 ‘nibus
204 2037 278 2074 tria
306 2038 466 2075 veniunt
497 2037 696 2086 aequalia,
735 2043 913 2087 respectu
946 2049 1037 2077 vero
1068 2037 1247 2088 trianguli
1277 2050 1346 2088 per
1375 2051 1486 2078 axem
1525 2052 1706 2092 empyreo
1738 2041 1844 2080 venit

61 2094 199 2141 unitas,
230 2093 390 2132 coelesti
418 2100 515 2143 tres,
548 2094 772 2133 elementari
803 2097 972 2146 quinque
1005 2097 1191 2143 unitates,
1225 2102 1401 2146 respectu
1433 2097 1600 2148 denique
1629 2099 1745 2150 spatii
1776 2109 1846 2137 seu

66 2150 328 2201 corpulentiae
349 2152 494 2202 figurae
525 2164 708 2203 empyreo
724 2155 863 2201 unitas,
895 2154 1051 2193 coelesti
1075 2156 1111 2201 7,
1145 2154 1367 2192 elementari
1391 2157 1441 2194 19
1472 2158 1641 2201 unitates
1669 2158 1842 2195 veniunt

10 2231 22 2236 -
64 2206 167 2257 Quid
197 2220 298 2247 nunc
329 2209 453 2248 dicam
484 2210 531 2249 de
562 2211 686 2250 altera
714 2214 906 2250 contraria
935 2212 1135 2263 pyramide
1165 2212 1283 2261 lucis,
1315 2213 1425 2262 cujus
1457 2215 1568 2253 basin
1598 2215 1691 2253 facit
1720 2216 1844 2281 ipsam

0 2302 3 2303 γ
59 2265 300 2304 adorandam
328 2268 559 2319 trinitatem,
596 2270 632 2305 in
664 2281 814 2308 summo
845 2271 1015 2321 empyrei
1047 2269 1146 2308 coeli
1176 2271 1308 2320 apice,
1354 2273 1534 2310 verticem
1566 2284 1659 2311 vero
1690 2273 1729 2309 in
1759 2273 1846 2322 ipsa

14 2320 17 2323 ’
62 2322 182 2362 Terra
211 2324 408 2363 collocat?
430 2327 548 2372 (XIX.)
601 2326 685 2365 Has
716 2327 813 2366 duas
851 2329 1072 2379 pyramidas
1119 2339 1204 2366 cum
1243 2330 1341 2366 inter
1372 2341 1413 2367 se
1450 2331 1680 2379 permisceat
1719 2341 1845 2379 exque

18 2396 20 2398 ’
63 2383 229 2420 mixtura
257 2383 522 2432 proportiones
553 2387 719 2423 musicas
756 2385 903 2434 eliciat,
946 2399 1026 2425 rem
1055 2391 1179 2424 tentat
1216 2398 1240 2423 a
1269 2387 1343 2424 mei
1376 2389 1502 2436 operis
1541 2388 1766 2438 proposito
1762 2387 1843 2425 di-

69 2441 342 2478 versissimam.
400 2440 500 2479 Nam
535 2443 619 2493 ipse
656 2443 782 2481 lucem
814 2415 979 2496 (formae
1020 2449 1058 2482 et
1088 2445 1240 2481 animae
1274 2442 1527 2498 largitricem)
1558 2450 1598 2484 et
1632 2446 1845 2493 materiam,

67 2495 147 2535 duo
177 2498 277 2536 inter
306 2509 348 2536 se
379 2497 652 2548 diversissima,
683 2508 881 2551 comparat
913 2507 951 2540 et
981 2501 1121 2551 quibus
1155 2502 1391 2549 quantitates
1421 2514 1667 2553 nequaquam
1710 2503 1848 2542 eodem

15 2576 26 2608 4
65 2561 245 2604 respectu
275 2556 426 2602 insunt,
467 2567 539 2605 ego
570 2569 662 2597 vero
692 2570 762 2608 pro
790 2560 964 2598 terminis
993 2559 1217 2597 formandae
1244 2561 1503 2609 proportionis
1532 2560 1777 2600 harmonicae
1806 2562 1846 2598 in

16 2622 28 2669 s
66 2611 210 2652 mundo
240 2625 317 2651 non
348 2613 512 2651 admitto
541 2616 615 2654 nisi
644 2615 724 2663 illa,
756 2628 858 2666 quae
881 2616 1016 2656 eodem
1039 2622 1215 2666 respectu
1236 2619 1472 2666 quantitates
1496 2620 1705 2669 recipiunt3
1737 2619 1847 2657 verbi

66 2680 186 2708 causa
224 2676 371 2709 motum
412 2670 549 2709 Martis
590 2677 629 2711 et
668 2679 814 2712 motum
844 2674 960 2713 Jovis
991 2675 1159 2713 diurnos.
1178 2679 1267 2717 (XX)
1325 2675 1406 2714 Nec
1447 2677 1572 2714 minus
1608 2676 1844 2715 diversitatis

30 2726 35 2765 j
66 2727 169 2765 inter
192 2739 270 2767 nos
300 2733 339 2767 et
369 2730 407 2765 in
437 2728 513 2766 hoc
543 2731 739 2779 consistit,
778 2733 883 2782 quod
913 2732 979 2771 ille
1010 2733 1232 2772 elementari
1273 2734 1421 2782 regioni
1459 2740 1626 2783 quatuor
1662 2734 1846 2774 adscribit

24 2793 35 2823 ζ
64 2784 207 2834 gradus
246 2786 491 2824 obscuritatis
523 2791 560 2824 et
590 2788 844 2837 tenebrarum,
884 2793 982 2839 quia
1012 2791 1208 2840 quaelibet
1244 2802 1317 2837 res,
1349 2793 1427 2841 ait,
1470 2797 1647 2840 quatuor
1677 2797 1846 2843 quartas

22 2858 26 2862 ’
65 2840 198 2891 habet,
229 2853 322 2882 sane
353 2855 429 2882 non
459 2845 586 2881 minus
616 2856 730 2893 quam
761 2851 838 2886 tres
866 2850 1000 2887 tertias
1031 2853 1069 2886 et
1099 2850 1269 2898 quinque
1300 2849 1474 2897 quintas,
1511 2849 1672 2900 jamque
1701 2850 1844 2890 Terrae

28 2920 30 2923 »
65 2898 192 2939 inesse
214 2911 345 2939 omnes
367 2906 543 2951 quatuor,
576 2914 702 2951 aquae
732 2908 809 2942 tres
829 2901 975 2957 (eoque
996 2904 1104 2944 illam
1127 2917 1211 2944 esse
1229 2906 1314 2955 jam
1331 2904 1598 2956 pellucidam),
1630 2909 1711 2946 aeri
1733 2907 1843 2956 duas,

66 2957 147 3006 igni
174 2962 454 3007 unam.(XX1)
501 2959 668 2997 Rursum
707 2959 800 2998 alibi
840 2963 1051 3011 quamlibet
1088 2964 1282 3012 regionem
1313 2963 1519 3012 cujuslibet
1556 2977 1626 3004 seu
1665 2965 1845 3005 elementi

48 3025 137 3070 <seu
166 3016 264 3056 coeli
293 3018 333 3054 in
363 3018 436 3055 tria
464 3017 678 3056 subdividit
706 3019 844 3067 spatia,
875 3021 914 3056 in
943 3032 1146 3069 summum,
1177 3020 1345 3059 medium
1374 3026 1413 3059 et
1433 3023 1564 3071 imum,
1592 3034 1670 3062 nou
1697 3025 1842 3074 ubique

67 3079 252 3124 sequente
288 3086 470 3115 sensuum
507 3074 791 3126 probabilitate.
851 3076 993 3128 Vides,
1031 3079 1200 3118 unitates
1240 3079 1324 3129 eJus
1360 3090 1511 3119 rursum
1551 3091 1635 3122 esse
1674 3082 1842 3123 arbitra-

1934 446 1970 511 ’,κς

1924 324 1931 334 Ι
1974 320 1976 325 ,

1962 327 1986 421 nl>

1953 423 1962 434 l
