1994 3276
695 110 698 122 ,
754 79 1170 132 liberm-cumin.
1435 153 1440 156 ἱ
1767 90 1853 134 285

52 193 501 257 ...gqinqmiqmatione
530 207 731 255 expressit,
767 210 813 244 ut
838 209 957 255 supra
986 205 1155 253 dictum,
1183 210 1272 254 aut,
1303 205 1408 256 qnod
1437 205 1576 247 eodem
1602 207 1725 257 redit,
1755 194 1856 252 alle-

62 262 170 313 gabo
201 262 493 314 cognationem,
526 275 611 313 cap.
649 265 878 311 intactam,
909 265 1124 309 anhnanm
1153 264 1311 312 barum,
1343 266 1462 304 etiam
1491 265 1736 314 inferiorum,
1766 278 1855 308 cnm

61 319 312 369 strennua,
329 331 445 370 quem
493 321 602 360 velut
628 320 679 359 ad
706 332 880 360 normam
910 321 1115 372 legemque
1158 324 1397 372 compositae
1426 330 1466 362 et
1489 324 1752 367 conformatae
1773 327 1858 365 sint-

60 389 241 428 cumquq·
261 379 347 428 ipso
391 378 535 418 circulo
577 379 740 429 ejusque
782 379 1158 420 demonstrabilitate
1206 379 1332 421 ideam
1387 382 1504 420 etiam
1553 385 1845 434 proportionum

60 434 375 487 hannonie-,mm
419 436 508 475 inde
547 436 844 488 dependentium
881 438 1087 477 induerint.
1154 437 1284 477 Valde
1332 440 1434 477 enirn
1481 440 1711 480 confirmant
1742 441 1850 482 vhanc

59 493 350 545 philosophiam
379 505 554 544 geneses,
584 506 673 536 cum
701 495 923 543 videamus,
954 496 1215 535 characterem
1245 497 1504 536 confluentiae
1532 498 1729 539 radiorum
1758 511 1853 540 coe·

0 564 3 568 ’
60 552 216 598 lentium
253 551 304 597 ad
340 551 444 592 idem
483 560 691 604 punctum,
729 553 839 592 velut
873 565 921 593 ex
949 555 1095 594 circulo
1125 556 1341 603 commmii,
1379 556 1548 605 imprimi
1586 558 1626 595 in
1656 560 1853 598 nascentis

0 627 4 630 ·
59 612 255 659 animum5
284 609 334 649 de
362 621 442 660 quo
471 611 570 650 infra
599 623 684 662 cap.
719 613 755 650 7.
786 611 910 662 plura.

173 667 295 713 Porro
324 668 477 714 media,
518 670 661 719 quibus
690 675 850 708 utuntur
890 671 988 710 istae
1016 669 1223 710 facultates
1253 672 1407 717 animae
1450 671 1650 712 inferiores
1679 673 1731 712 ad
1760 686 1852 726 per·

62 725 264 776 cipiendas
293 725 514 765 harmonias
545 733 810 776 externorum,
838 734 930 768 sunt
958 727 1119 776 eadem,
1150 729 1292 778 quihus
1322 735 1362 767 et
1389 733 1551 768 externa
1578 731 1668 780 ipsa
1697 731 1853 781 objecta

62 785 268 825 introrsum
298 786 499 836 recipiunt.
557 785 601 824 Si
630 785 790 824 sensilia
817 791 919 833 sunt,
948 787 1129 826 sensibus
1157 788 1276 826 etiam
1295 788 1570 837 percipiuntur,
1601 789 1851 831 facultatibus

62 839 133 881 sc,
149 843 302 882 animae
330 853 469 882 sensus
499 844 815 892 informantibus,
855 856 958 894 qnae
995 851 1035 884 et
1065 847 1151 895 ipsa
1187 855 1264 883 non
1294 846 1423 884 minus
1461 856 1579 895 qnam
1607 850 1783 897 superior
1810 850 1850 887 in

62 897 583 951 comparationeversantnr
613 913 739 940 rerum
769 908 982 950 certarum,
1020 903 1090 942 sed
1120 902 1160 941 id
1189 904 1410 951 instinctu,·
1426 914 1505 942 non
1535 904 1725 944 discursu.
1785 906 1851 947 Sic

60 957 152 1001 soni
178 958 316 998 auditu
346 960 459 1008 eique
488 960 686 1009 praefecta
721 967 915 1011 potestate.
944 966 1204 1000 consonantes
1243 961 1513 1005 discernuntur
1551 974 1577 1001 a
1612 962 1851 1004 dissonanti-

60 1015 146 1062 bus,
175 1017 235 1056 sic
261 1019 532 1067 proportiones
562 1010 886 1058 architectonicae
916 1019 1040 1058 oculis
1070 1020 1333 1070 percipiuntur
1362 1025 1402 1058 et
1419 1018 1606 1059 facultate
1635 1020 1716 1070 illa,
1748 1034 1849 1073 quae

60 1074 166 1124 visui,
183 1119 185 1122 Α
202 1079 262 1113 est
298 1076 512 1126 praefecta,
554 1075 738 1127 pulchrae
775 1082 814 1116 et
855 1088 1051 1127 congruae
1092 1077 1143 1115 ab
1179 1078 1400 1127 incongruis
1437 1077 1719 1119 discernuntur.
1778 1081 1849 1121 Sin

59 1137 191 1178 autem
219 1143 285 1178 res
309 1134 440 1183 ipsae,
471 1134 510 1170 in
540 1134 681 1183 quibus
712 1140 771 1174 est
798 1135 1024 1174 harmonica
1054 1136 1166 1179 ratio,
1206 1135 1371 1174 sensiles
1399 1146 1476 1174 non
1508 1142 1622 1185 sunt,
1650 1137 1721 1177 sed
1750 1138 1848 1179 forte

59 1187 144 1228 dia
168 1189 355 1232 facultate
383 1191 677 1242 perceptibiles.
718 1192 855 1232 eadem
885 1199 926 1232 et
953 1195 1060 1243 ipsae
1090 1194 1360 1243 proportiones
1398 1204 1527 1233 rerum
1555 1196 1594 1234 in
1624 1197 1757 1236 anima
1784 1209 1849 1237 re-

57 1245 208 1295 lucent,
249 1250 307 1288 nti
345 1254 612 1299 comparatum
647 1256 708 1289 est
745 1262 833 1289 cum
869 1251 1184 1301 proportionibus
1221 1251 1417 1291 radiorum
1456 1252 1698 1303 sideralium,
1745 1267 1848 1306 quae

57 1305 252 1355 quomodo
281 1306 332 1345 ab
361 1312 490 1347 anima
519 1308 718 1355 sublunari
749 1310 1023 1360 percipiantur,
1051 1310 1150 1348 infra
1178 1312 1305 1359 capite
1329 1313 1367 1349 7.
1398 1309 1666 1360 disquiremus.

170 1363 245 1403 Est
268 1369 399 1411 tamen
428 1365 569 1405 obtusa
599 1372 639 1405 et
667 1367 833 1405 obscura
862 1367 958 1408 haec
987 1368 1272 1406 harmoniarum
1297 1370 1492 1419 perceptio
1523 1370 1564 1407 in
1590 1370 1841 1411 facultatibus

56 1421 211 1461 animae
238 1422 481 1463 inferioribus
511 1430 551 1462 et
580 1424 867 1473 quodammodo
896 1426 1106 1469 materialis
1135 1432 1175 1464 et
1202 1426 1277 1464 sub
1304 1426 1408 1465 nube
1436 1429 1550 1476 quasi
1579 1430 1841 1479 ignorantiae3

57 1489 131 1517 nec
160 1480 261 1518 enim
290 1482 417 1519 sciunt
447 1493 488 1520 se
518 1483 736 1532 percipere,
779 1489 822 1523 ut
851 1495 938 1522 cum
979 1483 1155 1522 videntes
1190 1483 1339 1533 aliquid
1380 1495 1459 1522 non
1505 1490 1633 1524 tamen
1664 1488 1845 1528 animad-

58 1538 265 1586 vertimus,
304 1549 377 1580 nos
405 1538 447 1576 id
476 1540 621 1579 videre.
679 1540 798 1579 Tales
834 1548 924 1579 sunt
962 1547 1090 1580 motus
1120 1541 1177 1579 illi
1215 1548 1257 1580 et
1283 1553 1470 1592 pavores,
1510 1554 1537 1581 a
1565 1543 1708 1583 Stoicis
1739 1545 1846 1585 cele-

55 1594 167 1642 brati,
198 1596 397 1635 naturales
425 1597 509 1636 sine
540 1598 702 1636 consilio
722 1604 951 1649 praeterque
974 1599 1227 1647 voluntatem,
1258 1600 1347 1639 talis
1366 1602 1484 1639 etiam
1503 1601 1664 1641 affectus
1685 1603 1764 1642 odii
1783 1605 1845 1644 vel

55 1653 198 1700 amoris
216 1654 416 1702 naturalis,
435 1657 533 1693 miro
554 1658 774 1705 cumprimis
794 1658 963 1706 ingenio,
992 1658 1059 1706 qui
1078 1657 1336 1696 membrorum
1355 1669 1578 1697 commensu
1600 1663 1788 1711 vocisque
1808 1668 1848 1702 et

56 1707 350 1760 temperamenti
379 1712 634 1761 qualitatibus
666 1715 879 1754 honitatem
908 1715 973 1753 vel
1001 1715 1292 1754 similitudinem
1321 1717 1532 1755 aestimans
1561 1719 1715 1758 animae
1744 1719 1847 1760 alte-

56 1768 136 1806 rius
173 1780 261 1808 cum
289 1781 378 1817 sua,
417 1770 574 1809 mirifice
612 1773 652 1809 in
692 1772 799 1810 illam
837 1772 1065 1811 exardescit.
1126 1774 1245 1811 Amat
1273 1775 1390 1822 igitur
1428 1775 1590 1813 insanus
1619 1775 1847 1817 adolescens

58 1824 256 1879 puellam,
284 1838 356 1866 nec
384 1830 458 1866 scit
486 1834 570 1876 cur,
612 1835 679 1867 aut
710 1829 803 1879 quid
834 1833 871 1869 in
903 1843 950 1869 ea
979 1832 1227 1880 potissimum
1256 1836 1380 1879 amet,
1414 1832 1518 1881 quod
1549 1836 1584 1872 ei
1614 1838 1847 1887 nonpossit

52 1889 261 1933 praestare
288 1887 452 1934 quaevis
483 1887 603 1926 obvia
632 1890 830 1935 meretrix,
861 1890 895 1927 si
925 1888 1152 1928 inhonestus
1180 1900 1312 1937 amor,
1343 1895 1414 1927 aut
1442 1901 1699 1942 quaecunque
1727 1894 1847 1933 nubi·

57 1941 108 1987 lis
136 1942 293 1993 puella,
331 1945 365 1982 si
397 1943 604 1992 legitimus.
666 1946 719 1983 At
748 1946 1093 1996 physiognomicus
1122 1949 1399 1997 superveniens
1436 1950 1585 1987 invenit
1614 1951 1652 1988 in
1682 1957 1846 2001 utraque

61 2010 230 2048 persona
258 2001 548 2040 similitudinem
578 2002 746 2052 aliquam
778 2015 949 2053 morum3
979 2006 1046 2054 qui
1067 2005 1100 2042 si
1122 2006 1265 2053 vitiosi,
1297 2005 1432 2054 litigiis
1451 2009 1651 2056 perpetuis
1679 2010 1730 2047 in.
1748 2022 1846 2049 con-

55 2057 171 2106 jugio
208 2059 397 2108 praebent
433 2062 699 2110 occasionem,
741 2063 774 2100 si
814 2063 924 2110 boni,
963 2062 1235 2112 tranquillitati
1270 2065 1390 2102 vitae.
1448 2064 1639 2114 Adeoque
1676 2067 1752 2105 huc
1780 2079 1871 2106 re->

58 2114 241 2155 ferendus
269 2121 331 2156 est
358 2118 560 2156 universus
590 2120 793 2158 instinctus
822 2120 1178 2171 physiognomicus‚
1208 2122 1276 2170 qui
1305 2124 1497 2170 quamvis,
1515 2129 1646 2162 mutus
1676 2131 1715 2163 et
1743 2137 1846 2174 quo-

61 2171 269 2211 dammodo
299 2174 433 2213 brutus
463 2177 637 2224 (minime
669 2189 762 2216 vero
794 2185 875 2217 arte
905 2183 1169 2229 comparatus,
1210 2180 1280 2217 etsi
1311 2191 1380 2228 per
1409 2192 1497 2219 eam
1528 2182 1653 2220 excoli
1682 2184 1844 2232 potest),

59 2241 187 2268 rerum
216 2235 347 2270 tamen
377 2231 629 2272 humanarum
660 2237 847 2284 interpres
885 2242 924 2274 et
953 2238 1095 2278 arbiter
1125 2243 1184 2275 est
1214 2238 1362 2276 unicus.
1422 2238 1591 2277 Tantum
1622 2241 1723 2278 enim
1753 2242 1844 2289 qui-

58 2286 155 2326 libet
183 2291 448 2339 prosperitatis
478 2288 724 2343 (naturaliter
753 2291 970 2347 loquendo)
1014 2295 1179 2341 obtinet,
1222 2302 1410 2344 quantum
1444 2296 1529 2345 ejus
1558 2296 1699 2348 facies,
1735 2309 1844 2336 com-

61 2356 218 2384 mensus
260 2348 448 2397 corporis,
498 2351 672 2388 incessus
712 2358 917 2401 motusque
961 2353 1219 2390 membrorum
1262 2352 1406 2390 arridet
1444 2365 1570 2391 rerum
1605 2356 1844 2403 potientibus

59 2409 326 2453 quantumque
356 2406 404 2442 iis
432 2407 584 2456 irrepit,
626 2408 734 2446 nullo
766 2411 880 2447 etiam
918 2421 1034 2459 super
1064 2421 1110 2447 ea
1139 2421 1180 2447 re
1218 2411 1379 2447 consilio
1409 2412 1512 2458 usis,
1552 2411 1673 2450 veluti
1703 2413 1842 2461 latens,

60 2466 106 2498 ut
135 2473 253 2512 saepe
284 2467 482 2511 testentur,
514 2477 555 2503 se
585 2477 715 2513 amare
747 2467 809 2505 vel
840 2467 968 2505 odisse
998 2469 1238 2516 quempiam,
1275 2469 1489 2507 nescientes
1520 2469 1570 2506 ob
1602 2481 1718 2519 quam
1748 2482 1844 2509 cau-

53 2528 154 2569 sam.
214 2518 322 2557 Talis
351 2521 508 2569 inquam
550 2529 609 2560 est
638 2525 678 2560 in
708 2526 860 2563 animae
890 2525 1138 2563 facultatibus
1168 2525 1410 2563 inferioribus
1446 2538 1584 2564 sensus
1621 2530 1844 2578 proportio·

59 2577 151 2617 unm
179 2577 263 2615 sine
294 2589 421 2615 sensu.
482 2578 592 2618 Adeo
622 2593 748 2631 neque
779 2581 1021 2632 distinguunt
1050 2583 1336 2632 proportionem
1378 2596 1403 2621 a
1439 2585 1611 2622 terminis
1646 2597 1716 2625 seu
1745 2586 1843 2624 sub-

52 2631 158 2681 iecto
188 2645 259 2672 suo
290 2634 349 2687 (ut
379 2646 465 2672 cum
495 2637 630 2676 audita
655 2639 828 2688 jucunda
858 2640 1052 2679 cantilena
1080 2646 1233 2690 praeter
1261 2652 1379 2678 sonos
1413 2642 1519 2692 ipsos
1550 2642 1646 2679 nihil
1676 2643 1723 2682 de
1745 2645 1842 2681 arti-

31 2689 144 2736 ,ficio
174 2693 259 2741 ipso
290 2692 522 2744 cogitamus)
556 2706 630 2734 nee
656 2696 771 2745 plane
801 2698 1043 2747 distinguunt
1071 2699 1171 2736 inter
1199 2709 1242 2736 se
1271 2698 1446 2737 diversas
1475 2699 1716 2749 harmonias3
1746 2706 1842 2739 'tan-

55 2751 140 2797 tum
168 2760 206 2786 n.
237 2750 344 2799 quod
363 2752 453 2797 sint,
484 2752 806 2803 animadvertunt,
839 2756 932 2804 quid
954 2756 1016 2794 vel
1035 2767 1152 2805 quam
1175 2757 1306 2794 variae
1326 2757 1415 2802 sint,
1446 2759 1636 2795 nesciunt.
1687 2757 1840 2809 Quippe

56 2804 165 2854 ipsae
196 2808 311 2845 etiam
342 2808 453 2847 ideae
485 2808 787 2859 harmoniarum,
824 2825 923 2862 quas
953 2814 1028 2852 hae
1059 2813 1257 2851 inferiores
1287 2815 1440 2851 animae
1474 2814 1680 2854 facultates
1709 2827 1840 2856 secum

17 2860 202 2902 -ffiabent
231 2866 348 2912 intus,
379 2877 456 2904 non
474 2865 602 2922 ¹plane
631 2879 748 2917 purae
768 2871 863 2920 ipsis
883 2878 973 2909 sunt
992 2872 1209 2915 instinctae,
1241 2871 1307 2908 sed
1337 2882 1424 2908 cum
1455 2871 1665 2911 involucris
1693 2875 1839 2924 speciei

59 2920 280 2969 subjectae,
325 2923 410 2971 ejus
437 2935 492 2962 sc.
533 2936 635 2973 quae
665 2925 852 2975 cujusque
882 2928 1078 2968 facultatis
1108 2931 1158 2966 sit
1188 2928 1397 2976 objectum.
1454 2928 1644 2969 Nimirum
1674 2932 1839 2972 facultas

56 2977 211 3019 auditus
240 2978 300 3031 (ut
334 2982 509 3030 exemplo
548 2993 732 3021 sonorum
769 2986 1084 3029 concordantium
1124 2991 1275 3024 utamur
1314 2986 1402 3024 loco
1440 2986 1644 3039 omnium),
1686 2992 1839 3040 corpori

57 3063 69 3081 ς
124 3049 418 3084 Kepurtopouv.
1581 3057 1633 3096 15
