1994 3276
791 92 904 130 aa«
923 84 997 130 mj
1014 78 1135 140 cap-e
1156 94 1236 131 xv.
1815 96 1903 136 405

107 207 929 256 nusphaoeaaolidavelquaainullasit,
963 210 1065 246 nulla
1096 210 1658 257 igiturparscircuitioniseat‚
1693 209 1903 256 quamplu-

110 264 198 297 nata
217 259 387 298 eonfic'nt
408 262 534 298 eadem
558 261 744 298 eeleritate
766 271 849 298 cum
871 261 954 308 alia,
978 267 1232 308 praeterquam
1256 264 1294 300 in
1316 263 1411 300 binis
1435 263 1638 310 aequaliter
1660 264 1708 300 ab
1731 273 1895 310 apogaeo

222 363 469 411 Quaecunque
502 371 623 403 tamen
654 367 704 404 ait
738 368 926 414 proportio
958 373 1121 405 motuum
1143 369 1344 405 mediorum
1368 370 1404 405 in
1440 370 1568 416 primis
1592 369 1758 415 sphaeris
1779 368 1902 406 Ptolo-

107 417 220 463 maei,
257 426 302 452 ea
323 427 396 454 non
419 417 527 454 aliter
560 419 776 464 exprimitur
796 430 820 456 a
842 421 1002 457 numeris
1025 421 1165 458 dierum
1198 422 1414 468 periodicis,
1451 422 1521 458 nisi
1544 427 1727 468 quatenus
1749 425 1904 468 apparet

107 473 229 506 motus
251 467 320 504 sub
341 467 501 506 zodiaco.
546 470 629 506 Non
658 477 715 507 est
736 472 848 518 igitur
869 474 907 508 in
930 473 988 509 his
1018 475 1176 511 numeris
1206 475 1394 520 proportio
1417 485 1524 511 verae
1547 474 1748 511 velocitatis
1771 473 1902 520 sphae-

107 531 229 558 rarum
247 521 419 567 ipsarum,
445 522 512 559 sed
535 523 663 559 saltem
686 525 898 570 apparentia
922 526 991 562 sub
1014 527 1120 571 fixis;
1144 531 1182 563 et
1204 533 1324 564 tamen
1347 527 1440 564 haec
1462 528 1543 573 ipsa
1565 527 1780 574 apparentia
1801 525 1903 563 nulla

108 578 186 619 eat,
218 584 301 611 eun
325 575 503 621 sphaerae
526 576 612 612 illae
635 577 898 622 Ptoleanaicae,
935 584 976 616 ut
999 590 1103 616 veras
1129 584 1166 616 et
1199 580 1317 616 reales
1341 590 1542 626 ponamus,
1578 581 1793 626 perspicuae
1816 579 1903 623 tint,

107 625 252 664 *inme
274 638 360 667 vero
383 636 614 675 apparentes.
648 630 779 667 Restat
800 636 841 667 ut
864 631 1037 676 dicamus,
1058 633 1316 678 proportiones
1339 634 1430 669 istas
1454 633 1591 669 nullius
1616 643 1699 668 esse
1721 633 1776 669 rei
1797 641 1901 678 prae-

108 683 273 726 taquam
295 682 485 727 temporis,
510 689 548 719 et
570 684 622 719 sic
646 684 880 721 terminorum
904 695 1003 722 mere
1025 685 1249 722 mentalium.
1297 687 1421 731 Atque
1445 695 1513 732 ego
1537 684 1782 722 demonstravi
1805 683 1900 720 libro

107 740 189 766 neo
212 729 254 766 V·
278 742 356 778 up,
382 734 416 777 6.
440 735 476 770 in
500 735 557 770 bis
581 737 875 781 proportionibus
899 738 1017 775 nullas
1042 749 1242 799 occurrere&
1255 741 1416 785 perfecte
1440 739 1681 775 harmonicas.

129 844 139 852 .
219 793 318 832 Nota
339 795 419 832 vn.
466 787 571 842 Quod
588 805 664 836 tres
683 799 873 837 distinctae
892 802 1070 848 sphaerae
1085 803 1184 849 apud
1200 803 1446 840 Ptolemaeum
1470 813 1579 839 unam
1604 807 1642 838 et
1665 801 1817 838 eandem
1839 812 1902 848 pe·

108 844 249 883 nodum
270 847 407 887 habent
429 853 700 899 temporariam,
738 854 809 891 hoc
842 865 953 890 unum
977 860 1034 891 est
1064 865 1109 890 ex
1133 855 1299 892 maximis
1334 855 1619 892 absurditatibus
1659 855 1902 892 astronomiae

109 899 252 942 tanin,
274 900 333 937 vel
355 902 436 949 ipso
461 905 658 942 Aristotele
679 912 791 953 teste,
828 908 889 954 qui
919 908 1120 954 analogiam
1150 908 1382 944 desiderabat
1410 909 1507 944 inter
1534 914 1701 954 tempora
1722 914 1762 943 et
1785 907 1901 943 orbes.

108 951 423 1000 Igneaoetitaque
446 957 532 992 mihi
556 954 686 1004 lector,
725 959 756 995 si
780 959 905 996 videor
926 961 997 1006 ipsi
1021 960 1128 996 etiam
1153 960 1361 996 Ptolemaeo
1386 961 1455 996 vim
1479 957 1630 1005 fecisse,
1660 960 1902 1006 comprobans

108 1003 210 1041 velut
231 1015 277 1042 ex
301 1007 381 1052 eJ'us
404 1015 524 1046 mente
559 1016 597 1047 et
619 1011 666 1047 ad
689 1013 924 1058 archetypum
947 1015 1124 1050 musicum
1149 1013 1437 1059 accommodans,
1461 1013 1499 1049 id
1523 1013 1622 1059 qnod
1645 1012 1803 1049 fortasse
1818 1011 1903 1048 Pto·

34 1062 36 1066 ’
110 1055 271 1095 leneus
292 1059 372 1104 ipse
394 1061 624 1104 incusaverat
647 1072 687 1100 ut
711 1077 782 1102 non
807 1073 907 1103 recte
930 1067 1069 1103 liabens
1103 1074 1140 1103 et
1167 1078 1189 1102 a
1212 1072 1342 1102 natura
1365 1066 1521 1102 alienum
1535 1094 1544 1110 ,
1581 1071 1691 1111 atque
1713 1064 1785 1100 hoc
1808 1063 1904 1100 inter
1951 1095 1954 1100 ⁴

41 1147 45 1151 ,
88 1120 241 1150 ,ausas
262 1111 357 1148 forte
379 1113 521 1159 retulit,
550 1127 615 1153 cur
636 1117 707 1154 hoe
730 1125 838 1164 caput
864 1120 1113 1164 imperfectum
1136 1120 1366 1166 relinqueret„
1414 1120 1542 1164 Neque
1565 1124 1687 1155 tamen
1710 1117 1804 1154 bene
1826 1123 1901 1153 tec-

110 1157 175 1199 tus*
193 1168 251 1199 est
273 1175 409 1211 naevus
433 1167 504 1203 iste
526 1171 768 1207 astronomiae
793 1173 923 1208 veteris
948 1183 970 1207 a
994 1183 1073 1208 mea
1095 1172 1390 1217 incrustratione,
1413 1179 1455 1209 nt
1478 1183 1573 1217 quac
1596 1171 1744 1208 decolor
1767 1176 1805 1207 et
1826 1176 1901 1206 tur·

0 1223 2 1225 ’
64 1254 70 1255 ff
110 1216 167 1261 1)Ῐὶι
190 1213 313 1254 “sile
333 1218 425 1265 ipsa.
471 1221 564 1257 Nam
600 1223 686 1268 quid
723 1224 911 1260 diversitas
946 1226 1150 1261 tensionum
1185 1225 1231 1261 ad
1267 1230 1425 1271 systema
1456 1224 1632 1260 musicum
1667 1223 1901 1270 perfectum?

0 2079 8 2167 ἓ

110 1269 242 1307 Nonne
261 1269 317 1306 vel
341 1272 448 1309 unica
470 1274 590 1319 potuit
613 1285 694 1311 esse
711 1278 867 1313 omnium
885 1278 1100 1315 chordarum
1125 1279 1254 1324 tensio,
1279 1278 1439 1314 omnium
1454 1278 1594 1314 scilicet
1617 1277 1781 1322 ejusdem
1804 1288 1901 1313 cras·

111 1321 223 1367 ‘5⁶²5’
259 1323 316 1360 Vel
338 1324 559 1371 singularum
582 1338 699 1373 aeque
722 1329 910 1374 longarum
934 1332 1118 1367 tensiones
1142 1330 1335 1376 singulae?
1381 1330 1480 1365 Bene
1504 1330 1615 1374 igitur
1637 1329 1766 1375 habet,
1802 1329 1901 1375 quod

110 1386 158 1411 ex
177 1377 288 1414 nebus
310 1379 527 1423 comparatis
550 1380 664 1416 altera
688 1382 848 1428 quidem,
881 1394 926 1418 ex
951 1384 1106 1428 musica,
1130 1394 1228 1420 mere
1252 1388 1309 1419 est
1331 1382 1535 1428 arbitraria,
1560 1382 1695 1427 alten,
1718 1393 1766 1419 ex
1788 1387 1919 1431 astro·-

36 1448 44 1451 -
109 1429 496 1475 nomigplanefalsa.

179 1517 188 1522 s
222 1493 321 1530 Nota
342 1495 440 1531 vm.
488 1497 557 1532 Hic
581 1497 829 1544 Ptolemaeus,
854 1499 952 1544 quod
976 1505 1062 1536 nota
1091 1503 1121 1536 1.
1147 1501 1194 1536 ad
1226 1505 1337 1545 capnt
1364 1502 1415 1537 11.
1442 1500 1534 1546 dixi,
1565 1499 1738 1537 lectorem
1774 1499 1822 1542 ad
1859 1499 1901 1534 li-

28 1535 66 1564 3
110 1545 207 1581 mina
226 1547 466 1592 penetralium
490 1554 639 1586 natiuae
663 1551 833 1596 adduxit,
867 1553 946 1597 ipse
969 1563 1042 1588 non
1065 1553 1252 1599 ingressus
1277 1558 1345 1589 est.
1393 1554 1516 1589 Motus
1540 1558 1605 1590 aut
1628 1552 1903 1589 considerantur

110 1603 151 1634 ut
174 1599 382 1645 aequabiles
407 1607 442 1635 et
466 1601 519 1636 sic
542 1609 753 1647 competunt
776 1605 813 1639 in
838 1605 1012 1650 sphaeras
1035 1606 1235 1642 secundum
1258 1606 1523 1650 Ptolemaeum,
1548 1610 1629 1649 ant,
1654 1611 1697 1641 nt
1720 1609 1823 1649 sunt,
1848 1605 1900 1640 in-

109 1650 317 1696 aequabiles
339 1656 378 1687 et
400 1653 453 1699 sic
476 1659 686 1698 competunt
708 1656 745 1691 in
770 1657 894 1694 stellas
918 1659 1018 1703 ipsas
1041 1663 1173 1694 motas.
1222 1658 1358 1702 Quodsi
1383 1657 1510 1693 stellae
1535 1657 1828 1701 considerantur,
1860 1660 1902 1692 nt

110 1713 177 1738 eae
196 1703 365 1740 videntur
386 1705 627 1750 inaequaliter
648 1710 793 1753 moveri,
818 1716 917 1745 certe
932 1710 969 1745 id
993 1721 1064 1746 non
1089 1715 1229 1745 tantum
1253 1710 1394 1747 ratione
1411 1710 1602 1746 eccentrici
1624 1710 1679 1750 fit,
1703 1709 1769 1745 sed
1793 1709 1901 1745 etiam

110 1760 150 1792 et
169 1756 284 1793 multo
320 1758 474 1793 maxime
509 1760 650 1796 ratione
684 1762 936 1807 epicyclorum.
986 1764 1041 1798 Ita
1071 1764 1106 1798 in
1138 1763 1360 1799 astronomia
1382 1762 1580 1798 Ptolemaei
1602 1761 1917 1811 inaequalitatum¹

110 1808 300 1844 occentu-ici
323 1816 490 1855 separata
522 1814 743 1857 comparatio
767 1815 866 1850 nulla
896 1821 1018 1860 potest
1040 1816 1285 1858 instituicnm
1311 1814 1508 1851 harmoniis
1521 1843 1530 1859 ,
1568 1814 1654 1860 quia
1676 1813 1794 1849 latent
1816 1813 1901 1849 illae

109 1859 267 1897 minores
297 1869 518 1908 apparentes
546 1866 821 1911 inaequalitates
854 1868 891 1902 in
921 1868 978 1903 his
1003 1867 1211 1912 majoribus.
1259 1868 1328 1903 Hic
1350 1867 1461 1911 igitur
1483 1877 1632 1902 necesse
1655 1866 1724 1902 fuit
1745 1865 1901 1902 deficere

110 1917 264 1950 cauma
286 1915 450 1959 egregios
473 1916 682 1961 Ptolemaei,
706 1920 913 1963 quaerentis
937 1921 1055 1966 ipsum
1081 1921 1275 1965 genuinum
1298 1920 1534 1965 archetypum
1557 1919 1802 1955 exornationis
1826 1929 1901 1954 mo·

110 1970 229 2011 tuum
254 1977 365 2012 qnare
388 1969 589 2014 perscripto
613 1970 848 2017 problemate,
886 1973 1083 2018 desperans
1109 1974 1264 2018 exitum,
1290 1984 1361 2019 qua
1383 1973 1442 2008 via
1464 1973 1660 2018 inceperat,
1684 1982 1831 2007 manum
1855 1972 1900 2008 de

111 2017 238 2055 tabula
259 2020 451 2057 sustulisse
475 2028 513 2057 et
534 2023 702 2058 lacunam
726 2024 916 2070 reliquisse
939 2026 1091 2062 videtur.

226 2070 534 2115 Quemadmodum
558 2085 642 2110 vero
665 2075 756 2112 alias
779 2077 816 2112 in
841 2079 1060 2114 astronomia
1092 2078 1247 2123 eclipses
1272 2077 1368 2114 Solis
1392 2082 1430 2113 et
1452 2077 1579 2112 Lunae
1602 2088 1674 2113 non
1699 2082 1785 2113 sunt
1806 2077 1902 2112 inter

110 2122 207 2159 nala
226 2126 468 2170 reputandae,
491 2128 576 2172 quia
598 2127 718 2162 lumen
743 2128 827 2165 illae
849 2130 1060 2175 praeferunt
1083 2130 1128 2164 ad
1154 2130 1362 2166 discendam
1386 2130 1588 2166 doctrinam
1611 2135 1772 2166 motuum
1795 2139 1900 2175 prae-

112 2176 368 2212 stantissimam
400 2179 494 2223 (vide
526 2190 627 2215 meae
650 2180 733 2225 Opt.
758 2183 855 2217 Astr.
881 2183 1043 2226 Partem,
1067 2182 1155 2217 folio
1179 2183 1201 2217 3
1226 2187 1262 2217 et
1286 2184 1305 2216 4
1337 2182 1398 2227 [Π.
1427 2183 1551 2228 128.]),
1588 2182 1641 2217 sic
1665 2182 1772 2217 etiam
1796 2186 1899 2226 puto,

113 2226 234 2263 divina
254 2230 479 2273 providentia
501 2233 649 2278 factum,
674 2239 716 2268 nt
738 2234 798 2270 hic
821 2235 899 2280 ipse
923 2235 1086 2271 defectus
1111 2240 1232 2270 textus
1255 2234 1467 2269 Ptolemaici
1491 2234 1602 2269 fuerit
1623 2233 1739 2276 utilis,
1764 2237 1806 2267 nt
1827 2232 1900 2267 lec-

111 2284 180 2324 tor,
206 2279 267 2315 ubi
290 2292 312 2316 a
336 2283 512 2327 scriptore
526 2285 732 2320 Ptolemaeo
757 2287 952 2331 perductus
976 2288 1087 2323 fuerit
1111 2287 1157 2322 ad
1173 2287 1294 2321 locum
1318 2287 1431 2322 totius
1447 2287 1629 2321 humanae
1648 2283 1901 2330 philosophiae

112 2332 371 2369 nobilissimum
394 2340 431 2370 et
454 2337 652 2381 majestatis
677 2338 817 2374 divinae
841 2350 993 2375 corusco
1010 2339 1149 2384 fulgore
1165 2338 1409 2373 venerandum
1428 2339 1577 2383 ‚iamque
1600 2338 1742 2372 inhians
1766 2342 1898 2382 myste-

113 2384 176 2420 riis
201 2386 340 2421 eminus
362 2387 635 2433 animadversis,
671 2402 695 2425 a
724 2391 815 2426 duce
846 2392 916 2428 hoc
947 2403 1014 2428 suo
1046 2396 1258 2427 contextum
1287 2391 1523 2435 abrumpente
1555 2390 1735 2434 etiamque
1757 2389 1796 2424 in
1818 2399 1900 2424 meo

113 2437 184 2473 hoe
205 2439 456 2483 supplemento
485 2439 618 2477 loeum'
637 2444 830 2487 genuinum
853 2446 960 2480 unico
983 2445 1079 2480 saltu
1103 2444 1388 2487 transmittente,
1419 2443 1530 2478 fuerit
1553 2442 1764 2477 destitutus:
1795 2447 1899 2477 tanto

114 2490 344 2533 postmodum
367 2492 524 2537 avidius,
561 2496 657 2538 quod
682 2507 788 2541 spero
813 2497 995 2538 futurum,
1031 2497 1126 2532 sitim
1150 2506 1252 2530 snam
1274 2497 1311 2531 in
1337 2495 1429 2530 veris
1453 2495 1562 2539 hujus
1584 2494 1795 2530 harmoniae
1817 2505 1899 2529 coe-

111 2542 216 2577 lestis
240 2543 459 2588 rationibus,
495 2557 517 2580 a
539 2558 597 2583 me
619 2547 712 2584 libro
735 2550 778 2584 V.
812 2548 970 2593 traditis,
1006 2548 1170 2593 expleat3
1208 2547 1421 2592 vidensque,
1458 2551 1615 2583 veterem
1645 2547 1898 2582 astronomiam

115 2594 265 2630 haerere
286 2596 506 2641 perplexam,
531 2600 593 2634 ubi
608 2600 665 2635 vel
688 2603 841 2638 maxime
863 2601 1071 2646 loquentem
1091 2600 1240 2646 optabat
1262 2599 1399 2644 andire,
1424 2603 1526 2634 tanto
1542 2603 1579 2635 et
1595 2598 1756 2643 aequiori
1780 2599 1899 2634 aniino

116 2646 315 2692 perfectam
339 2649 526 2694 Copernici
556 2652 773 2694 doctrinam,
807 2655 968 2699 quamvis
1003 2660 1125 2690 motus
1149 2653 1302 2689 Telluris
1336 2652 1561 2688 absurditate
1594 2650 1777 2686 horridam
1798 2652 1897 2688 inex-

55 2711 58 2714 '
116 2700 241 2745 pertiS,
263 2700 301 2735 in
325 2702 533 2738 cathedram
555 2706 751 2742 ascendere
773 2708 933 2752 patiatur
956 2712 993 2744 et
1015 2706 1268 2743 attentioribus
1300 2705 1448 2740 auribus
1472 2704 1518 2739 de
1541 2700 1735 2739 creationis
1757 2713 1900 2740 arcanis

117 2751 359 2797 disputantem
382 2754 516 2791 audiat.
663 2787 666 2790 Α

230 2804 345 2848 Igitur
366 2805 557 2843 eliminatis
591 2808 649 2844 his
672 2809 806 2846 fictitiis
841 2811 1009 2857 epicyclis
1034 2822 1116 2847 cum
1148 2811 1311 2846 omnibus
1336 2809 1530 2845 stationum
1554 2812 1592 2843 et
1615 2808 1895 2852 retrogradatio-

117 2866 203 2891 num
230 2856 504 2906 phantasmatis,
530 2860 645 2895 visum
667 2860 939 2906 decipientibus,
970 2868 1008 2898 et
1030 2863 1208 2904 restitutis
1231 2873 1318 2898 suae
1350 2860 1571 2905 simplicitati
1594 2859 1749 2895 motibus
1772 2860 1897 2906 plane-

117 2912 236 2943 tarum
258 2909 424 2954 propriis,
446 2917 488 2946 ut
510 2911 536 2946 ii
559 2916 810 2957 spectarentur
831 2925 878 2950 ex
893 2915 994 2951 Sole:
1019 2916 1050 2951 si
1073 2916 1125 2951 sic
1149 2914 1392 2950 exscribamus
1407 2916 1526 2948 motus
1549 2911 1774 2956 planetarum
1797 2910 1896 2948 diur-

118 2970 185 2995 noa
216 2960 284 2996 sub
313 2962 479 3007 zodiaco,
508 2964 751 3001 velocissimos
780 2965 818 3000 in
850 2966 1053 3010 periheliis,
1084 2966 1307 3002 tardissimos
1338 2966 1377 3001 in
1401 2965 1552 3011 apheliis
1577 2965 1668 3007 suis,
1704 2964 1824 3000 statim
1849 2975 1895 3001 ex

78 3015 85 3017 *
118 3011 164 3048 fis
186 3019 337 3059 apparet
358 3025 473 3050 novus
495 3017 542 3052 ab
565 3017 705 3061 integro
727 3019 840 3054 totins
862 3018 1085 3056 harmoniees
1110 3019 1197 3054 ordo
1221 3022 1257 3052 et
1280 3017 1548 3061 imitamentum,
1572 3027 1616 3053 ac
1638 3017 1670 3052 si
1692 3016 1799 3053 homo
1822 3027 1896 3054 non

122 3074 169 3104 cx
190 3074 232 3102 se
251 3066 332 3115 ipso
355 3072 474 3114 exque
495 3068 668 3107 instinctu
690 3070 845 3107 naturali
866 3070 1050 3108 didicisset
1073 3071 1255 3115 musicam,
1281 3069 1345 3106 sed
1367 3069 1475 3117 plane
1490 3069 1607 3105 Deum
1629 3069 1750 3116 ipsum
1772 3074 1811 3107 et
1832 3080 1895 3107 an·
