1994 3276
889 80 1079 144 Apologi-
1793 105 1879 145 4133

87 178 202 257 term
227 218 320 258 ecee
349 219 580 266 institutum,
612 217 778 268 opponis
807 217 879 255 tibi
909 217 985 268 ipsi
1015 218 1098 255 vim
1125 216 1229 256 Solis
1245 217 1530 257 admirabilem
1568 175 1725 260 duabus
1753 220 1880 272 pluth

86 275 255 328 paginis.
312 274 417 326 Quid
446 275 580 315 hostes
610 275 772 323 faciant,
808 275 944 314 dieunt
972 276 1018 314 si
1035 275 1132 314 talia
1161 282 1339 315 auctores
1370 278 1445 326 ipsi
1485 276 1535 316 de
1562 279 1645 316 suis
1682 278 1880 329 dogmati-

20 334 25 337 '
87 332 192 373 bus‘?
245 333 330 373 cur
356 339 400 372 ut
427 334 524 373 mihi
555 335 777 385 oppositum
805 339 1003 382 ostentas,
1033 333 1140 383 quod
1170 336 1254 384 ipse
1283 332 1596 375 luculentissima
1623 338 1801 377 oratione
1830 337 1878 378 de

88 391 195 432 Solis
225 390 416 442 dignitate
445 391 684 444 protelasti?

204 448 284 489 Sed
323 451 427 489 enim
457 449 527 489 Sol
556 451 630 490 tibi
659 451 838 500 geminus
875 454 958 496 est,
999 460 1102 488 unns
1131 450 1426 500 inconspicuas,
1467 457 1506 489 et
1543 450 1601 490 illi
1640 458 1685 491 ιιι
1711 454 1878 506 principi

87 505 295 547 tribuenda
323 509 399 547 ista
429 511 573 548 omnia,
634 507 797 547 Invenio
824 507 985 546 inferius
1013 509 1131 547 etiam
1160 507 1338 558 planetas
1373 511 1605 558 geminatos.
1664 510 1878 561 Ecquando

88 564 247 605 tandem
283 564 426 605 finem
441 569 628 617 imponis,
670 565 866 612 Roberte,
909 566 1229 605 nomenclaturae
1271 572 1364 605 tuae
1408 568 1670 607 arbitrariae?
1727 570 1876 619 Solent,

89 625 232 675 quibus
261 624 366 663 oculi
397 626 489 664 vi'uo
520 632 559 664 et
588 623 747 675 crapula
776 624 980 675 diriguere,
1010 623 1167 674 singula
1195 635 1265 676 per
1283 635 1451 663 errorem
1479 628 1687 666 aestimare
1707 631 1875 678 gemina,

89 693 183 721 num
212 681 349 721 eadem
378 685 439 722 vis
477 685 528 722 sit
567 683 780 722 cerevisiae
812 683 1080 730 Britannicae,
1120 693 1200 720 non
1241 682 1370 722 habeo
1413 683 1553 722 dicere.
1613 685 1701 724 Nou
1741 698 1875 726 sumus

89 746 219 779 tamen
248 740 348 780 adeo
379 742 566 790 carnales,
597 746 641 780 ιιι
669 751 757 779 cum
778 740 894 788 Solis,
925 746 969 778 ut
989 742 1244 796 instrumenti,
1274 741 1408 779 munia
1434 753 1638 781 corruamus
1658 746 1697 781 in
1714 745 1873 793 mundo,

89 799 325 854 sapientiae
343 801 538 838 creatricis
574 799 869 846 obliviscamur,
910 810 1014 848 quae
1054 801 1306 838 instrumento
1343 800 1475 839 utitur.
1535 800 1636 839 Nam
1672 805 1875 852 quaerenti

90 857 182 905 tibi,
218 867 294 895 cur
319 869 405 896 non
435 857 707 896 attribuamus
733 857 993 895 bonnoniam
1033 858 1320 897 elementorum
1345 859 1485 907 pot-'m
1507 860 1709 909 praecipi,
1732 873 1872 926 quam

86 916 334 966 pundpiato
363 914 502 968 (suli),
533 915 749 966 respondeo
780 927 873 965 ego,
905 915 1027 963 hunc,
1063 926 1180 965 quem
1211 917 1249 953 in
1279 926 1396 966 opere
1426 927 1514 954 meo
1544 909 1768 957 harmonico
1799 919 1870 959 de·

90 973 189 1022 texi,
231 978 409 1012 ornatum
437 980 613 1012 motuum
643 973 909 1013 harmonicum
939 984 1011 1011 nec
1041 985 1066 1011 a
1095 973 1243 1012 visibili
1270 973 1364 1012 Sole
1394 986 1503 1022 csse,
1545 987 1618 1015 nec
1646 977 1697 1015 ab
1727 979 1872 1016 invisi·

87 1030 158 1068 bui
187 1029 321 1081 aliqua
349 1039 537 1079 creatura,
568 1031 638 1070 sed
669 1034 833 1083 primum
864 1043 949 1070 esse
978 1037 1207 1081 conceptum
1238 1033 1276 1069 iu
1307 1032 1521 1083 archetypo
1550 1038 1691 1072 mentis
1711 1035 1870 1075 divinae

87 1088 205 1140 idque
234 1090 286 1128 ab
316 1097 497 1139 aetern03
529 1090 668 1129 deinde
698 1092 735 1128 in
766 1096 939 1140 tempore
968 1101 1037 1140 per
1067 1092 1190 1140 ipsam
1220 1091 1454 1128 creationem
1491 1098 1739 1142 procuratum
1768 1105 1868 1141 csse,

88 1152 131 1184 ιιι
160 1153 263 1186 essct
290 1146 370 1200 (hic
399 1159 515 1198 quem
546 1160 618 1198 ego
651 1147 788 1200 doceo)
828 1160 899 1187 nec
937 1150 976 1185 in
1006 1147 1207 1186 elementis
1246 1159 1319 1186 nec
1361 1150 1398 1186 in
1430 1149 1696 1196 elementatis,
1728 1152 1797 1190 sed
1829 1155 1867 1190 in

85 1204 255 1243 motibus
285 1205 528 1257 planetarum
559 1206 804 1256 coelestibus.
863 1206 947 1245 Nec
975 1217 1073 1256 opus
1102 1206 1222 1245 habet
1262 1206 1360 1245 haec
1391 1207 1610 1256 harmonia,
1653 1216 1698 1248 ιιι
1727 1211 1868 1250 etiam—

85 1273 177 1301 num
215 1262 332 1302 hodie
365 1265 560 1314 procedat
599 1265 651 1303 ab
680 1267 822 1302 anima
860 1275 930 1302 seu
971 1269 1128 1303 natum
1166 1264 1302 1302 lueida
1326 1268 1557 1314 ,ἤπια-ια,
1597 1268 1700 1306 sicut
1729 1276 1870 1307 ventus

83 1320 185 1359 solet
214 1322 374 1360 excitari
404 1335 429 1361 a
458 1322 594 1361 flatore
626 1322 676 1360 ad
709 1322 924 1374 implendas
954 1321 1127 1369 fistulas,
1169 1325 1464 1363 consonantiam
1494 1324 1686 1375 edituras3
1726 1327 1870 1366 sufficit

85 1381 206 1427 enim,
251 1386 294 1418 ut
333 1383 493 1419 extremi
531 1381 775 1431 planetarum
815 1389 945 1419 motus
980 1381 1249 1419 moderatione
1290 1383 1621 1421 eccentricitatum
1658 1385 1698 1421 in
1740 1391 1870 1424 tantas

82 1436 161 1475 sint
190 1440 360 1488 expressi
402 1438 639 1487 celeritates,
681 1445 851 1489 quantae
889 1438 1221 1489 comprehendunt
1259 1442 1549 1490 proportionem
1584 1441 1867 1492 harmonicam3

84 1495 241 1543 sufficit,
271 1498 442 1535 animam
473 1509 569 1545 esse,
604 1509 717 1548 quae,
749 1509 835 1536 cum
851 1499 1021 1536 existunt
1050 1497 1141 1536 illae
1170 1501 1465 1550 proportiones,
1495 1498 1584 1538 illas
1613 1507 1653 1538 et
1683 1503 1871 1552 percipiat

0 1551 3 1553 ’
59 1555 121 1591 '‘et
150 1554 200 1592 ab
230 1554 279 1592 iis
308 1555 486 1593 irritetur.

198 1610 384 1662 Sequitur
412 1613 522 1651 locus
551 1613 671 1662 paulo
702 1612 964 1661 tolerabilior3
1006 1608 1145 1662 incipis
1183 1624 1396 1661 agnoscere
1426 1616 1595 1654 animam
1636 1616 1739 1655 circa
1767 1616 1869 1655 hanc

80 1674 337 1708 meteororum
369 1670 563 1708 officinam
607 1676 855 1721 occupatam,
896 1682 983 1709 eam
1022 1682 1114 1708 vero
1154 1670 1253 1708 dicis
1298 1683 1383 1709 esse
1422 1672 1531 1710 illam
1576 1675 1701 1723 ipsam
1734 1675 1867 1713 mundi

83 1729 266 1767 animam.
326 1728 418 1767 Jam
450 1741 567 1779 snpra
597 1729 749 1766 facilem
780 1729 843 1766 hic
870 1739 933 1766 me
961 1729 1032 1766 tibi
1064 1728 1243 1777 exhibui3
1287 1735 1392 1776 esto,
1424 1730 1635 1770 dummodo
1677 1732 1867 1782 quidquid

79 1785 161 1834 agit
189 1787 341 1824 nonnisi
379 1786 574 1824 mediante
614 1786 688 1824 hoc
719 1786 888 1825 Telluris
918 1786 1006 1824 loco
1036 1792 1141 1835 agat,
1175 1788 1216 1823 'in
1248 1798 1326 1836 quo
1357 1796 1589 1827 concurrunt
1623 1790 1866 1840 planetarum

79 1832 192 1891 radii,
223 1844 380 1893 quando
411 1850 501 1882 sunt
533 1846 685 1895 operosi
716 1846 755 1881 in
786 1850 974 1882 naturam
1034 1844 1099 1883 Sic
1129 1847 1232 1883 enim
1263 1851 1303 1883 et
1332 1845 1407 1884 hoc
1435 1845 1593 1896 largiar,
1632 1859 1710 1886 non
1740 1850 1867 1888 inesse

78 1902 116 1937 in
146 1899 287 1951 hepate
325 1903 560 1952 peculiarem
599 1904 789 1949 animam,
825 1902 896 1941 sed
937 1902 1165 1941 facultatem
1208 1902 1378 1952 aliquam
1419 1905 1651 1946 universalis
1690 1906 1797 1944 illius
1827 1909 1867 1944 in

79 1969 238 2017 corpore
268 1959 438 1998 humano
479 1962 651 2008 animae,
698 1972 799 2010 quae
838 1959 943 2010 quod
983 1962 1066 2010 agit
1093 1972 1229 2006 suum,
1267 1961 1307 1998 id
1346 1961 1541 2001 mediante
1579 1963 1720 2013 hepate
1757 1971 1862 2014 agat.

79 2010 210 2066 Atque
248 2018 299 2055 ob
341 2018 380 2056 id
416 2021 543 2068 ipsum
579 2018 692 2058 sedes
731 2019 867 2057 harum
908 2019 1138 2057 facultatum
1179 2021 1391 2058 rectissime
1432 2021 1653 2060 tribuuntur
1694 2021 1773 2061 illis
1800 2025 1865 2060 in·-

76 2076 311 2114 strumentis.

192 2132 250 2170 Ex
291 2133 367 2183 hoc
404 2133 491 2172 loco
529 2134 749 2173 transvolas
791 2133 842 2173 ad
884 2133 1172 2185 hyperphysica
1210 2134 1404 2184 quaedam
1449 2148 1591 2186 opera,
1633 2136 1682 2175 de
1722 2138 1865 2187 quibus

73 2200 208 2228 sacrae
247 2190 403 2238 literae,
448 2195 702 2242 quaerisque,
761 2204 853 2230 num
891 2192 959 2230 illa
998 2194 1077 2230 sint
1124 2194 1175 2230 ab
1215 2194 1471 2243 aspectibus?
1513 2201 1557 2233 ut
1595 2195 1700 2243 quod
1744 2195 1866 2234 Terra

72 2246 292 2286 Dathanem
324 2254 363 2287 et
394 2249 553 2288 Abiram
585 2250 763 2299 deglutiit
793 2250 843 2288 ad
873 2252 1062 2301 imperata
1094 2251 1167 2289 Dei
1206 2257 1243 2288 et
1274 2252 1353 2288 alia
1382 2253 1538 2290 similia.
1600 2251 1756 2300 Quaero
1787 2265 1861 2302 ego

73 2306 254 2352 vicissim,
284 2318 376 2344 num
407 2307 628 2356 hujusmodi
659 2320 778 2358 opera
807 2310 884 2346 sint
914 2309 963 2346 ab
994 2309 1125 2346 anima
1154 2308 1308 2355 mundi,
1344 2316 1412 2346 aut
1442 2323 1467 2347 a
1498 2321 1696 2359 quoquam
1727 2318 1858 2350 creato

0 2376 2 2380 ’
73 2363 236 2413 spiritu?
295 2364 373 2402 Cur
402 2366 518 2415 igitur
548 2378 595 2404 ex
625 2373 694 2405 tua
724 2368 907 2416 opinione
938 2366 1042 2403 cadit
1073 2377 1159 2404 mea
1189 2366 1332 2404 Terrae
1362 2369 1510 2414 anima,
1547 2378 1625 2406 non
1655 2367 1762 2406 cadit
1790 2374 1861 2407 tua
1900 2400 1909 2410 .

0 2460 5 2464 ,
72 2419 241 2459 Mundi?
300 2421 402 2471 Quin
433 2425 562 2473 potius
599 2425 675 2462 ista
705 2424 938 2462 miraculosa
968 2426 1214 2473 seponimus,
1259 2424 1309 2462 ad
1340 2431 1527 2462 consueta
1556 2436 1648 2463 vero
1686 2431 1726 2464 et
1755 2432 1860 2465 stata

75 2484 235 2517 naturae
266 2491 384 2529 opera
414 2481 702 2520 convertimur?
761 2481 860 2530 Quis
891 2481 1019 2519 Deum
1048 2481 1258 2519 fertilitatis
1288 2492 1336 2519 ac
1364 2489 1577 2531 proventus
1597 2482 1741 2521 Terrae
1761 2496 1859 2523 auc-

71 2535 192 2574 torem
221 2537 367 2586 negat?
429 2540 507 2576 Aut
537 2551 615 2589 qua
654 2541 803 2577 ratione
834 2539 1122 2577 transscribitur
1158 2540 1381 2588 aspectibus
1425 2541 1621 2586 fertilitas,
1665 2543 1696 2578 si
1728 2531 1860 2580 trans-J

0 2626 6 2630 ,.
70 2594 249 2632 scribitur
277 2594 354 2632 illis
385 2597 627 2635 conturbatio
658 2594 949 2636 meteororum?
1009 2597 1121 2635 Anne
1150 2598 1294 2634 sufficit
1323 2597 1374 2635 ad
1404 2598 1660 2644 fertilitatem,
1703 2600 1857 2638 incitari

0 2644 24 2689 ῥ’
71 2653 182 2689 statis
211 2654 447 2701 temporibus
477 2660 654 2693 naturam
690 2654 966 2693 sublunarem?
1025 2654 1124 2703 Quis
1154 2666 1288 2693 omncs
1315 2656 1474 2705 ,mundi
1503 2656 1708 2705 inferioris
1736 2669 1858 2695 evm-

71 2713 135 2746 tus
164 2721 190 2746 a
219 2710 426 2748 stellarum
457 2713 628 2750 motibus
655 2712 803 2750 nectit?
861 2711 956 2761 Quis
987 2723 1080 2750 vero
1111 2713 1285 2750 vicissim
1315 2712 1655 2762 philosophorum,
1699 2715 1858 2763 qualem
1919 2730 1933 2734 ”

0 2763 14 2806 ἶ(
71 2771 114 2803 tu
143 2765 315 2805 Roberte
346 2779 549 2816 personam
579 2771 701 2818 geris,
746 2769 797 2807 ad
827 2769 867 2807 id
896 2772 1127 2821 ineptiarum
1166 2782 1252 2808 cum
1283 2770 1441 2807 insulsis
1471 2771 1670 2809 nonnullis
1700 2772 1856 2811 theolo—

0 2813 29 2866 ἶ)
69 2825 219 2872 gastris,
244 2823 379 2862 adhuc
409 2836 432 2862 a
461 2832 582 2864 matre
611 2827 848 2873 rubentibus,
878 2828 1131 2877 progreditur,
1164 2835 1217 2874 ut,
1250 2838 1338 2864 eum
1367 2827 1476 2876 legit,
1506 2828 1636 2866 Deum
1668 2829 1857 2869 omnibus

70 2890 198 2918 escam
227 2881 336 2926 dare,
368 2888 574 2931 propterea
604 2895 749 2921 vanum
770 2889 808 2922 et
828 2885 962 2923 inutile
984 2888 1177 2924 existimet
1198 2886 1445 2933 investigare,
1478 2897 1578 2935 quae
1598 2887 1714 2925 arbor
1732 2899 1855 2937 quam

71 2949 198 2976 escam
240 2940 301 2977 cui
337 2939 472 2977 fundat
512 2941 699 2979 animali?
758 2941 856 2979 Cum
895 2942 1030 2981 Deum
1067 2943 1176 2980 audit
1216 2944 1375 2989 aperire
1414 2954 1586 2980 manum
1624 2955 1766 2993 suam,
1805 2952 1855 2985 ut

69 3000 236 3044 saturet,
278 2995 481 3047 propterea
512 3004 616 3036 vetet
652 3005 798 3048 patrem
829 2999 994 3038 familias
1032 3002 1181 3050 aperire
1211 3011 1387 3046 manum,
1430 3006 1473 3038 ut
1512 3000 1699 3039 hordeum
1739 3005 1852 3053 equis

70 3054 322 3103 suppeditet?
380 3055 430 3093 Et
469 3058 531 3094 cui
567 3056 635 3093 fini
672 3062 755 3095 tute
795 3058 878 3105 ipse
921 3062 1031 3096 tuum
1068 3057 1163 3095 illud
1203 3059 1338 3106 ingens
1376 3068 1475 3107 opus
1516 3058 1774 3100 Macrocosmi
1794 3067 1851 3102 ·et
