1994 3276
158 154 237 191 1⁷8
854 150 911 185 De
934 149 1232 196 Proportionibus

268 268 323 306 X.
354 269 399 306 In
430 279 571 318 genere
602 278 714 306 omne
746 273 910 306 octavae
939 274 1110 319 systema
1141 275 1200 308 est
1229 271 1520 318 inconcinnum,
1560 270 1669 353 quod
1693 281 1773 308 non
1809 273 1945 310 statuit

155 333 195 366 et
222 325 461 366 diatessaron
492 331 532 364 et
562 325 745 375 diapente
774 327 883 364 infra.
1821 347 1823 350 .

267 385 419 423 Harum
447 385 577 434 legum
606 385 816 434 pleraeque
842 385 924 434 jam
954 385 1085 423 nobis
1098 386 1269 423 servient
1297 387 1335 422 in
1359 351 1629 424 constituendo
1649 379 1809 424 nurnero
1831 390 1945 424 tono—

155 456 240 483 rum
270 455 354 494 cap.
387 445 575 493 sequenti.

268 501 399 541 Sexto.
431 501 628 550 Quantum
645 502 784 539 attinet
814 501 864 538 ad
880 500 976 539 illud
993 502 1205 539 membrum
1222 501 1466 549 definitionis,
1497 501 1658 540 dissona
1676 503 1824 540 cursim
1850 513 1947 550 pcr-

156 561 345 609 volitans‚
382 562 429 597 in
459 563 640 598 consonis
667 561 907 611 immorans,
946 561 1017 597 etsi
1047 571 1124 597 non
1155 566 1213 598 est
1244 561 1411 597 instituti
1439 561 1515 598 mei
1546 561 1582 596 in
1614 570 1729 609 opere
1759 562 1856 608 isto,
1898 560 1946 599 de

155 619 343 656 mensuris
385 618 600 668 disputare,
640 617 737 655 illud
766 623 895 656 tamen
934 619 972 654 in
1003 629 1144 666 genere
1174 629 1332 665 moneo,
1374 613 1622 667 praecipuam
1655 629 1739 656 esse
1779 621 1944 668 gratiam

157 682 291 715 cantus
320 676 531 714 harmonici
560 679 599 714 in
631 678 928 714 mensuratione.
988 676 1088 714 Nam
1119 677 1224 726 quod
1254 677 1546 725 generalissime
1577 677 1723 714 dictum
1753 681 1832 724 est,
1863 677 1946 715 dis—

154 746 255 774 sona
294 737 443 773 cursim
473 741 567 781 etc.‚
606 734 645 771 id
684 736 721 771 in
763 736 890 784 specie
933 735 988 771 sic
1029 746 1162 773 verum
1201 735 1375 773 efficitur.
1437 734 1608 772 Primum
1641 733 1769 772 Latini
1800 734 1947 774 habent

162 793 447 831 distinctionem
477 791 575 831 in'ter
606 793 762 842 longam
793 799 843 844 et·
862 793 1019 831 brevem
1049 793 1262 843 syllabam,
1302 804 1465 842 quarum
1506 793 1607 831 hanc
1635 794 1781 831 faciunt
1821 795 1948 845 unius,

157 852 265 889 illam
279 851 441 903 duorum
455 856 672 900 temporum
689 857 727 889 et
743 851 797 889 sic
813 850 1066 900 longitudinis
1082 851 1237 900 duplae.
1286 850 1519 901 Quanquam
1539 847 1656 889 hodie
1678 862 1755 889 non
1779 853 1949 890 carmina

157 915 317 958 tantum,
347 910 416 948 sed
446 911 563 948 etiam
593 920 709 959 prosa
739 911 907 956 canitur,
947 910 985 946 in
1017 920 1095 958 qua
1125 912 1279 959 penitus
1308 910 1517 960 negligitur
1552 909 1602 948 ab
1634 909 1828 948 hodiernis
1858 921 1945 948 mu»-

157 970 247 1006 sicis
279 968 472 1006 distinctio
503 967 642 1017 longae
674 973 712 1005 et
743 968 869 1006 brevis
900 967 1086 1018 syllabae,
1119 970 1322 1018 respicitur
1354 980 1443 1007 vero
1467 970 1577 1007 unice
1610 968 1660 1006 ad
1681 979 1827 1007 morem
1855 979 1948 1018 pro-

157 1026 375 1074 nunciandi,
399 1028 586 1075 -quamvis
617 1028 648 1063 is
669 1025 786 1064 hodie
816 1028 867 1063 sit
885 1032 1099 1076 corruptus,
1132 1026 1374 1076 habeturque
1394 1037 1465 1076 pro
1485 1026 1604 1076 longa
1625 1025 1790 1077 syllaba,
1822 1038 1947 1076 quae-

161 1096 310 1134 cunque
342 1097 428 1122 cum
459 1090 620 1123 accentu
652 1091 767 1122 acuto
800 1084 897 1122 solet
927 1085 1096 1134 proferri,
1129 1097 1197 1134 pro
1231 1085 1349 1131 brevi,
1382 1096 1482 1134 quae
1515 1096 1602 1123 cum
1631 1087 1759 1134 gravi.-

270 1142 317 1181 Id
346 1155 422 1181 non
453 1145 591 1180 mirum
622 1144 660 1179 in
692 1143 814 1180 latina
844 1142 978 1192 lingua
1008 1143 1107 1190 fieri,
1150 1155 1235 1180 cum
1268 1143 1371 1181 idem
1401 1145 1517 1182 etiam
1542 1142 1684 1181 Graeci
1713 1144 1947 1193 posteriores

160 1202 337 1248 fecerint,
380 1203 446 1251 qui
487 1203 662 1251 quamvis
701 1213 795 1250 pure
834 1202 1067 1252 scriberent,
1105 1203 1458 1250 pronuntiationem
1495 1207 1623 1240 tamen
1655 1203 1946 1240 vitiosissimam

159 1265 248 1298 sunt
277 1260 464 1310 amplexi,
503 1262 542 1296 in
574 1272 652 1310 qua
693 1259 800 1296 nulla
830 1259 996 1309 amplius
1035 1266 1092 1297 est
1124 1259 1317 1298 distinctio
1356 1266 1538 1299 accentus
1569 1261 1674 1298 acuti
1716 1259 1947 1310 a-syllabae

159 1317 408 1367 longitudine,
440 1320 570 1368 gravis
602 1331 626 1355 a
657 1319 856 1364 brevitate,
889 1329 974 1355 cum
997 1323 1122 1355 tamen
1155 1317 1204 1355 ad
1226 1319 1300 1356 hoc
1329 1320 1450 1368 signis
1471 1318 1678 1366 abundent,
1710 1328 1812 1367 quae
1842 1317 1947 1367 apud

161 1375 320 1416 Latinos
359 1388 438 1414 non
479 1384 557 1414 tam
597 1377 785 1425 frequenti
826 1377 862 1412 in
905 1388 975 1413 usu
1008 1377 1207 1420 habentur,
1266 1377 1405 1426 Itaque
1436 1375 1576 1415 Graeci
1617 1378 1806 1426 abrogato
1843 1387 1948 1414 more

159 1434 353 1484 pangendi
394 1446 545 1472 carmen
585 1435 635 1472 ab
667 1434 816 1484 aliquot
850 1435 932 1483 jam
963 1435 1104 1472 seculis
1135 1442 1344 1484 coeperunt
1374 1436 1540 1474 scribere
1577 1445 1736 1481 versus,
1766 1434 1946 1485 politicos

162 1492 307 1541 dictos,
350 1495 387 1530 in
418 1494 560 1542 quibus
601 1492 777 1542 syllabae
807 1500 1076 1540 numerantur,
1116 1504 1191 1530 non
1223 1499 1511 1541 mensurantur,
1557 1493 1783 1542 obtinetque
1815 1499 1948 1530 versus

162 1551 423 1602 penultimam,
454 1563 529 1589 non
562 1563 661 1600 quae
693 1556 830 1589 natura
861 1551 979 1600 longa
1009 1558 1078 1599 est,
1110 1552 1178 1589 sed
1208 1562 1310 1600 quae
1341 1557 1500 1590 accentu
1525 1553 1676 1590 acuitur
1705 1552 1744 1588 iu
1774 1561 1949 1589 sermone

162 1609 353 1660 populari.
414 1609 460 1647 Id
490 1610 606 1659 igitur
635 1611 832 1646 imitantur
864 1611 979 1648 etiam
1019 1611 1058 1646 in
1089 1609 1211 1647 latina
1241 1612 1362 1648 nostri
1391 1611 1549 1657 musici⁷
1585 1609 1684 1648 adeo
1714 1615 1758 1647 ut
1786 1620 1835 1648 ne
1863 1621 1950 1647 car-
1992 1649 1994 1662 ἶ

159 1668 327 1706 minibus
366 1668 542 1718 quidem,
586 1669 658 1705 nisi
698 1679 849 1716 perraro
889 1679 961 1706 nec
1002 1679 1172 1717 unquam
1209 1670 1247 1705 iu
1289 1673 1433 1716 totum,
1478 1673 1661 1718 parcant3
1700 1666 1814 1706 credo
1856 1668 1950 1717 quia
1990 1686 1994 1713 ς

162 1726 283 1776 dupla
313 1731 350 1765 et
381 1726 497 1776 tripla
526 1731 713 1775 perpetua
744 1728 781 1762 in
813 1725 988 1769 cantibus
1021 1732 1079 1764 est
1109 1731 1280 1777 recepta,
1314 1738 1398 1764 cum
1431 1727 1600 1765 carmina
1629 1725 1701 1764 has
1730 1725 1950 1774 inaequali-
1990 1732 1994 1750 ³

162 1791 220 1824 ter
248 1786 453 1832 misceant,
495 1786 657 1833 excepto
689 1784 931 1832 hexametro,
975 1785 1078 1834 quod
1110 1786 1357 1835 proportione
1387 1785 1637 1834 aequalitatis
1669 1786 1709 1822 in
1739 1783 1949 1835 spondaeo,

163 1849 201 1881 et
232 1842 348 1892 dupla
377 1843 546 1892 perfecta
576 1844 612 1878 in
646 1842 799 1893 dactylo
833 1848 1053 1880 contentum
1085 1849 1153 1881 est.
1213 1844 1378 1882 Brevem
1399 1845 1516 1892 igitur
1535 1843 1727 1893 syllabam
1757 1847 1826 1880 aut
1848 1852 1949 1891 quae
1990 1853 1994 1886 j

165 1907 224 1939 est
253 1901 339 1939 loco
371 1902 510 1948 brevis,
544 1900 699 1950 quando
731 1901 950 1950 spondaeus
982 1903 1153 1939 succedit
1178 1902 1325 1950 jambo,
1359 1903 1460 1939 etin
1480 1912 1620 1950 genere
1641 1900 1833 1951 syllabam
1863 1911 1949 1938 cum
1992 1894 1994 1899 ⁴

163 1964 323 1997 accentu
353 1958 619 2008 proferendam
648 1960 785 1997 musici
816 1958 1002 2008 deputant
1034 1959 1188 1997 dissono
1220 1971 1335 2007 sono,
1369 1961 1400 1997 si
1431 1971 1499 2009 per
1530 1958 1636 1996 illum
1667 1960 1717 1997 sit
1745 1963 1949 1997 transeun-
1990 1997 1994 2004 ,

164 2017 273 2066 dum,
304 2017 460 2067 longam
490 2019 668 2055 consonis
700 2017 762 2055 vel
793 2019 914 2066 quasi
1990 2012 1994 2022 ⁴

277 2074 454 2114 Secundo
486 2075 641 2124 linguae
664 2075 840 2119 Jonicae
874 2087 973 2124 quae
1004 2075 1183 2125 rhythmo
1215 2080 1384 2122 utuntur,
1417 2052 1642 2122 Teutonica,
1679 2074 1843 2123 Gallica,
1874 2073 1950 2111 Hi-

165 2133 335 2184 spanica,
367 2133 504 2171 Italica
535 2134 679 2171 faciunt
709 2133 770 2171 vel
802 2133 976 2171 ultimam
1009 2135 1187 2171 carminis
1218 2139 1370 2172 acutam
1402 2133 1463 2171 vel
1485 2133 1756 2185 penultimam.
1767 2133 1951 2172 efferunt·
1987 2135 1994 2179 „Q

166 2203 241 2241 que
271 2197 392 2229 totum
425 2203 577 2230 versum
608 2193 683 2239 sic,
726 2203 771 2229 ac
802 2192 834 2229 si
866 2191 1021 2229 alternis
1062 2197 1177 2229 acuta
1207 2190 1269 2229 vel
1300 2192 1431 2240 gravis
1469 2191 1622 2242 syllaba
1655 2203 1696 2230 se
1727 2197 1861 2230 mutuo
1890 2192 1952 2228 in—
1985 2187 1994 2227 ’ἑ

167 2254 387 2299 sequantur,
419 2252 500 2288 sive
533 2251 582 2286 sit
612 2250 707 2296 hoc,
740 2255 782 2286 ut
811 2251 847 2286 in
880 2255 971 2299 apto
1003 2249 1215 2287 Teutonico
1247 2261 1383 2296 versu,
1418 2251 1500 2288 sive
1531 2261 1608 2287 non
1639 2252 1710 2297 sit,
1745 2256 1789 2288 ut
1818 2249 1950 2288 crebro
1984 2261 1994 2299 ,ἑ

166 2309 204 2344 in
236 2306 410 2346 Gallicis.
471 2308 608 2356 Itaque
642 2306 765 2346 omnis
795 2308 946 2345 illorum
979 2319 1112 2344 versus
1153 2314 1220 2345 aut
1255 2308 1451 2346 trochaico
1488 2309 1622 2345 similis
1655 2307 1713 2346 es‘t
1754 2312 1822 2346 aut
1845 2306 1951 2356 jam·-
1985 2308 1994 2338 z:

166 2367 265 2412 bico,
296 2367 419 2415 iisque
450 2373 516 2403 aut
547 2367 791 2404 acatalectis:
836 2363 1034 2418 &cbsspffet
1063 2362 1258 2419 ᾧὶιηηῐεῐῧ
1294 2366 1372 2406 lmb
1409 2365 1470 2406 ber
1500 2363 1636 2406 (trben.
1696 2363 1794 2406 istun
1833 2362 1951 2406 bitten
1984 2407 1994 2430 ἢ

167 2420 240 2465 mit
269 2423 337 2464 ben
366 2422 535 2478 ῷεῃῐςεη
567 2421 694 2477 (beist,
737 2429 804 2462 aut
835 2425 1051 2462 catalenus:
1089 2422 1179 2476 (θεῖς
1215 2422 1282 2476 fid)
1321 2424 1494 2464 munbert
1531 2422 1605 2465 ulle
1633 2421 1748 2464 Ξξὲεῐϊ.
1811 2421 1867 2464 (ξπ
1903 2419 1950 2474 iit

167 2482 228 2522 bet
257 2479 556 2535 ffltorgeuftetne
618 2483 738 2532 Igitur
768 2483 904 2520 musici
936 2484 1040 2520 sonis
1071 2482 1236 2520 dissonis
1267 2482 1397 2520 sedem
1428 2484 1465 2519 in
1486 2483 1671 2532 gravibus
1703 2481 1764 2520 vel
1794 2493 1948 2530 correp*
1978 2480 1994 2535 {³³

169 2541 217 2578 tis
249 2539 408 2590 syllabis
438 2539 578 2588 figunt,
613 2542 790 2578 consonis
822 2542 858 2577 in
890 2542 1026 2579 acutis.
1978 2539 1994 2555 ⁴

282 2597 426 2645 Tertio,
457 2609 541 2635 cum
573 2610 663 2636 vero
696 2603 829 2635 cantus
861 2599 1001 2647 accipit
1029 2609 1247 2635 mensuram
1287 2609 1363 2635 non
1394 2610 1417 2635 a
1447 2598 1608 2648 syllabis
1638 2602 1784 2645 textus,
1826 2597 1894 2635 sed
1925 2608 1949 2634 a
1976 2599 1986 2648 ζ

168 2660 290 2703 taem,
333 2660 450 2704 atque
480 2657 512 2692 is
542 2656 603 2694 vel
637 2655 791 2722 duplam
830 2658 1003 2704 sequitur
1031 2657 1317 2722 proportionem
1361 2656 1420 2694 vel
1454 2655 1624 2705 triplam,
1666 2657 1827 2705 primam
1858 2655 1947 2705 qui-
1975 2689 1984 2699 .-

170 2713 256 2751 dem
285 2718 410 2751 tactus
439 2717 587 2762 partem
619 2714 815 2759 consonis,
857 2716 1103 2763 posteriorem
1136 2718 1172 2751 ct
1203 2715 1239 2750 in
1271 2713 1385 2764 tripla
1421 2714 1654 2762 breviorem,
1694 2725 1796 2763 quae
1823 2714 1948 2762 signi·
1976 2723 1986 2741 1

169 2771 302 2812 fleatur
324 2771 539 2809 elevatione
560 2783 707 2818 manus,
745 2771 907 2808 dissonis
930 2773 1172 2822 potissimum
1193 2772 1388 2810 reservant
1410 2778 1636 2821 caventque‚
1659 2777 1846 2821 quantum
1865 2770 1946 2808 fieri
1992 2796 1994 2798 -

169 2835 306 2877 potest,
337 2840 384 2867 ne
413 2830 576 2879 primum
607 2834 731 2867 tactus
762 2830 957 2867 semissem
988 2829 1066 2867 alia
1097 2835 1257 2879 occupet
1288 2830 1452 2881 syllaba,
1483 2841 1599 2879 quam
1626 2840 1725 2878 quae
1747 2835 1805 2868 est
1833 2833 1977 2882 acute„

169 2885 414 2935 proferenda,
445 2899 542 2926 neve
574 2887 712 2937 longae
743 2888 856 2926 binae
887 2889 925 2924 in
957 2887 1129 2925 ultimam
1160 2894 1285 2926 tactus
1314 2893 1462 2938 partem
1491 2887 1745 2926 intrudantur.
