1994 3276
145 111 228 150 324
664 102 726 143 ‘De
750 105 910 143 Motibus
933 105 1163 143 Planetarum
1187 107 1424 145 Harmonicis.

143 226 313 277 speciale
343 226 418 266 hoc
447 227 648 277 negotium
674 227 964 274 harmonicum,
997 227 1204 274 vestigium
1236 227 1569 267 evidentissimum
1600 239 1775 269 summae
1805 232 1941 280 provi-

145 285 299 324 dentiae
339 296 466 324 rerum
496 285 710 333 Solarium,
756 285 857 323 hanc
892 296 916 323 a
957 296 1019 322 me
1059 287 1341 324 consessionem
1380 292 1630 337 extorquent,
1671 299 1748 326 non
1789 294 1939 327 tantum

148 345 253 382 exire
283 345 321 381 in
354 348 477 382 totum
511 344 695 382 mundum
726 355 774 382 ex
804 342 914 390 Sole,
962 350 1005 380 ut
1035 355 1059 380 a
1089 342 1175 381 foco
1212 344 1268 381 vel
1303 344 1416 382 oculo
1452 345 1606 393 mundi,
1640 345 1788 390 lucem,
1822 351 1864 385 ut
1893 359 1938 385 ex

145 401 259 440 corde
301 403 422 440 vitam
454 408 492 441 et
521 402 712 450 calorem,
758 406 802 439 ut
832 413 855 438 a
885 412 975 450 rege
1007 406 1046 439 et
1074 408 1222 439 motore
1265 408 1413 441 motum
1456 414 1627 451 omnem,
1672 405 1740 443 sed
1771 405 1942 443 vicissim

145 462 264 499 etiam
294 461 332 498 in
363 460 495 500 Solem
525 461 656 511 colligi
690 472 737 500 ex
769 460 871 498 omni
902 457 1101 498 mundana
1127 461 1330 510 provincia
1354 460 1444 511 jure
1475 463 1582 511 regio
1612 462 1685 504 hos
1715 463 1833 502 veluti
1878 475 1943 502 re-

146 517 249 557 ditus
281 519 506 558 harmoniae
538 517 951 565 desiderabilissimae‚
985 519 1067 555 imo
1094 518 1332 557 confluentes
1365 530 1411 558 eo
1441 521 1591 570 species
1621 527 1797 559 motuum
1828 522 1943 559 bino-

143 588 227 614 rum
264 579 405 616 mentis
444 577 610 627 alicujus
651 588 770 628 opera
812 577 848 613 in
891 587 1009 614 unam
1050 575 1292 615 harmoniam
1331 577 1506 627 colligari
1547 583 1586 617 et
1626 578 1734 618 velut
1774 591 1821 618 ex
1857 578 1943 617 ru'di

144 639 305 685 argento
343 642 460 685 atque
499 647 594 674 auro
633 639 826 674 monetam
867 635 1031 683 signari:
1072 633 1239 684 denique
1277 637 1315 673 in
1356 635 1448 675 Sole
1479 638 1643 685 curiam,
1688 636 1875 688 palatium
1906 642 1945 676 et

143 694 380 744 praetorium
411 706 481 733 seu
512 696 658 744 regiam
690 705 775 732 esse
807 694 925 731 totius
948 693 1056 742 regni
1078 698 1250 741 naturae,
1284 705 1537 744 quoscunque
1568 694 1717 734 dederit
1747 694 1802 734 illi
1834 707 1944 735 crea-

146 758 207 790 tor
238 752 503 800 cancellarios,
534 752 744 803 palatinos,
777 751 1007 801 praefectOS,
1041 751 1338 802 quibuscunque
1364 754 1563 802 paraverit
1594 755 1688 792 istas
1718 753 1843 802 sedes,
1875 765 1944 792 seu

147 811 296 848 creatis
319 811 450 849 statim
492 811 542 848 ab
584 811 695 848 initio
735 820 804 847 seu
846 808 938 846 olim
980 809 1057 847 huc
1098 810 1387 850 transferendis.
1449 810 1550 849 Nam
1581 816 1620 850 ct
1650 812 1839 851 terrestris
1872 813 1943 850 iste

147 874 306 907 ornatus
343 871 548 918 potissima
584 871 645 907 sui
685 874 792 919 parte
839 867 904 904 diu
945 866 1154 905 admodum
1201 869 1514 918 speculatoribus
1557 875 1596 908 et
1636 871 1944 920 usurpatoribus,

147 927 290 977 quibus
320 931 452 966 tamen
484 933 567 966 erat
598 927 832 973 destinatus,
881 926 1038 963 carebat
1079 927 1269 976 sedesque
1313 938 1460 966 vacuae
1503 933 1624 966 erant.
1685 928 1945 977 Subit'igitur

149 986 322 1023 animum
353 987 565 1036 cogitatio,
610 985 703 1035 quid
734 985 807 1022 sibi
841 982 1034 1022 voluerint
1073 986 1222 1034 antiqui
1254 985 1517 1036 Pythagoraei
1548 985 1652 1036 apud
1685 986 1945 1032 Aristotelem.

148 1044 216 1093 qui
248 1048 421 1081 centrum
450 1043 584 1081 mnndi
617 1041 825 1096 (quorsum
857 1043 985 1091 ignem
1017 1042 1251 1091 referebant,
1294 1043 1424 1082 Solem
1456 1055 1548 1082 vero
1580 1041 1944 1098 subintelligebant)

149 1101 254 1140 soliti
285 1108 376 1140 sunt
405 1102 602 1153 appellare
632 1101 749 1140 Jovis
780 1101 978 1146 excubias,
1010 1102 1102 1145 Διος
1133 1103 1327 1151 φυλακην;
1369 1101 1461 1151 quid
1494 1103 1586 1141 item
1616 1108 1728 1142 vetus
1759 1103 1946 1154 interpres

147 1161 358 1210 agitaverit
388 1162 540 1208 animo,
573 1172 659 1199 cum
690 1159 923 1198 versiculum
955 1170 1002 1197 ex
1032 1158 1188 1198 Psalmo
1219 1161 1275 1198 sic
1294 1159 1489 1199 redderet:
1525 1161 1589 1210 „in
1611 1161 1703 1200 Sole
1722 1162 1855 1212 posuit*
1883 1167 1947 1199 ta-

149 1218 439 1257 bernaculum.“
485 1218 564 1258 Sed
595 1224 634 1258 et
663 1220 701 1255 in
734 1217 919 1268 hymnum
949 1216 1079 1255 Procli
1110 1217 1333 1268 philosophi
1364 1218 1555 1257 Platonici
1587 1221 1695 1265 (cujus
1730 1224 1767 1255 {n
1790 1224 1941 1264 superlo-

148 1282 241 1312 ribus
265 1281 361 1313 libris
386 1283 490 1313 multa
525 1280 667 1324 mentio)
704 1287 826 1326 nuper
846 1274 975 1321 incidi,
1007 1276 1190 1328 scriptum
1214 1278 1250 1313 in
1274 1275 1402 1315 Solem
1433 1280 1691 1326 ret'ertumque
1710 1275 1944 1317 venerandis

147 1336 354 1386 mysteriis,
386 1338 419 1374 si
451 1337 485 1374 ei
504 1348 636 1375 ¹unum
666 1329 910 1373 illud'nivffl
941 1334 1102 1383 eripias3
1135 1335 1314 1384 quamvis
1344 1334 1419 1373 hoc
1450 1336 1574 1384 ipsum
1606 1336 1644 1373 in
1676 1346 1723 1374 eo
1753 1334 1946 1385 'quadam-

149 1399 263 1433 tenus
294 1397 539 1433 excusaverit
568 1400 681 1433 vetus
711 1394 910 1442 interpres,
937 1391 1019 1441 jam
1051 1392 1212 1440 citatus,
1260 1398 1302 1430 ut
1331 1393 1398 1432 ille
1426 1394 1574 1432 scilicet
1594 1392 1725 1432 Solem
1756 1394 1942 1432 invocans

149 1452 260 1491 illum
290 1452 570 1503 subintelligat,
603 1454 669 1503 qui
699 1453 830 1502 posuit
860 1452 897 1487 in
920 1449 1012 1488 Sole
1034 1450 1327 1490 tabernaculum
1355 1463 1482 1490 suum.
1518 1451 1624 1490 Vixit
1644 1453 1746 1489 enim
1768 1451 1940 1499 Procius,

152 1522 231 1561 quo
263 1514 435 1561 tempore
466 1511 605 1550 Jesum
625 1510 879 1549 ‘Nazarenum
922 1514 1160 1547 servatorem
1197 1515 1370 1548 nostrum
1402 1510 1529 1548 Deum
1572 1509 1741 1560 profiteri
1773 1509 1944 1560 deosque

150 1567 354 1619 gentilium
385 1572 587 1619 poetarum
618 1574 862 1607 contemnere
885 1566 1011 1605 scelus
1042 1570 1124 1605 erat
1163 1574 1235 1608 (sub
1273 1572 1512 1616 Constantino,
1548 1562 1723 1604 Maxentio
1753 1576 1786 1604 et
1810 1563 1945 1604 Juliano

150 1631 349 1675 apostata),
393 1627 498 1677 quod
541 1628 720 1666 omnibus
762 1625 963 1675 suppliciis
1006 1626 1256 1667 vindicabant
1295 1626 1528 1666 monarchae
1559 1628 1664 1665 orbis
1694 1626 1943 1676 populusque

151 1685 251 1725 adeo
283 1687 378 1736 ipse.
411 1685 572 1724 Proclus
594 1687 721 1735 igitur,
755 1686 820 1733 qui
843 1684 963 1721 filium
988 1684 1060 1722 Dei
1083 1687 1145 1726 vel
1167 1698 1214 1725 ex
1234 1685 1482 1736 philosophia
1502 1697 1574 1724 sua
1594 1685 1799 1723 Platonica
1827 1690 1945 1723 natu·

151 1743 223 1782 rali
254 1745 395 1783 mentis
425 1743 570 1783 lumine
613 1750 868 1793 conspexerat
898 1743 1068 1792 eminus,
1109 1745 1233 1784 lucem
1272 1743 1379 1782 illam
1419 1755 1570 1791 veram,
1614 1755 1714 1792 quae
1752 1743 1946 1781 illuminat

152 1813 305 1841 omnem
336 1802 544 1850 hominem,
578 1804 796 1841 venientem
829 1802 867 1837 in
899 1800 1002 1839 hunc
1032 1803 1233 1855 mundum,
1265 1803 1331 1851 qui
1364 1801 1608 1840 divinitatem
1638 1803 1676 1838 in
1708 1801 1822 1839 rebus
1853 1812 1946 1839 sen-

151 1861 288 1898 silibus
327 1872 412 1899 cum
454 1862 725 1911 superstitiosa
764 1858 880 1909 plebe
932 1870 1179 1910 nequaquam
1220 1859 1480 1911 quaerendam
1522 1871 1607 1899 esse
1645 1859 1727 1909 jam
1772 1859 1943 1906 sciebat,

152 1918 280 1957 Deum
311 1923 440 1958 tamen
472 1921 510 1956 in
531 1918 636 1965 Sole,
670 1930 788 1968 quam
818 1918 856 1954 in
878 1916 1032 1956 Christo
1063 1919 1217 1958 homine
1249 1919 1381 1957 sensili
1410 1930 1605 1967 quaerere,
1639 1916 1762 1955 videri
1792 1916 1941 1963 maluit,

153 1982 196 2015 ut
225 1977 339 2015 simul
371 1983 409 2016 et
449 1982 585 2026 gentes
617 1976 788 2023 falleret,
830 1975 1010 2014 'Pitanem
1048 1981 1250 2027 poetarum
1292 1977 1527 2016 verbotenus
1567 1975 1784 2022 honorans,
1828 1975 1944 2013 simul

152 2046 247 2074 suae
279 2035 548 2086 philosophiae
579 2040 823 2084 operaretur,
869 2033 1132 2075 abstracturus
1163 2041 1202 2076 et
1231 2040 1366 2085 gentes
1397 2041 1435 2073 et
1465 2030 1705 2073 Christianos
1736 2046 1759 2072 a
1789 2033 1945 2072 sensili-

154 2093 253 2141 bus,
286 2093 374 2131 illas
405 2091 439 2131 a*
460 2092 551 2131 Sole
582 2093 748 2139 visibili,
781 2093 875 2129 istos
907 2103 931 2129 a
961 2092 1110 2133 Mariae
1142 2095 1243 2142 filio,
1286 2094 1378 2142 quia
1409 2094 1632 2142 mysterium
1663 2092 1941 2130 incarnationis

151 2151 373 2202 respuebat,
404 2151 571 2189 naturali
602 2152 741 2189 mentis
762 2149 895 2187 lumini
927 2150 1087 2189 nimium
1118 2152 1304 2199 confisus3
1336 2151 1451 2188 simul
1474 2150 1654 2200 denique,
1685 2149 1790 2200 quod
1820 2149 1945 2188 habe-

154 2210 250 2248 bant
268 2209 476 2248 Christiani
509 2209 792 2247 divinissimum
824 2212 860 2245 et
882 2207 1108 2248 Platonicae
1139 2208 1411 2260 philosophiae
1432 2210 1598 2247 maxime
1629 2213 1943 2254 consentaneum,

96 2302 98 2306 .
153 2269 239 2318 ipse
269 2268 319 2306 ab
361 2269 408 2306 iis
450 2271 726 2305 transsumtum
766 2267 804 2302 in
843 2265 951 2303 illam
989 2278 1098 2305 suam
1140 2266 1427 2318 philosophiam
1466 2266 1682 2317 adoptaret.
1708 2264 1749 2316 ὓ)
1808 2266 1944 2315 Itaque

155 2325 267 2365 datur
297 2325 495 2364 doctrinae
515 2324 721 2374 Evangelii
752 2323 798 2362 de
820 2323 971 2362 Christo
1004 2332 1136 2364 contra
1165 2326 1269 2364 hunc
1288 2325 1415 2363 Procli
1446 2325 1633 2375 hymnum
1663 2325 1765 2364 actio
1796 2325 1834 2362 in
1864 2335 1945 2363 rem

155 2396 287 2423 suam:
331 2383 476 2423 habeat
505 2383 580 2421 sibi
610 2383 724 2421 Titan
755 2382 821 2421 ille
850 2393 911 2420 res
944 2393 1034 2420 suas
1072 2398 1195 2434 χρυσα
1225 2381 1309 2434 rima
1353 2388 1392 2422 et
1428 2398 1595 2430 τιιμιειον
1625 2397 1772 2432 φαους,
1809 2396 1948 2429 μεσσα-

153 2457 234 2492 τιην
275 2440 435 2493 aia-2909
475 2440 611 2492 ἑδρην,
653 2456 796 2487 κοσμου
827 2444 1026 2490 κριτόιαιον
1055 2440 1249 2493 ἐριφεγγεα
1281 2443 1438 2487 uvnaw,
1480 2453 1599 2491 quam
1626 2441 1797 2490 speeiem
1826 2441 1943 2479 etiam
1993 2468 1994 2490 3

155 2500 393 2550 Copernicus
423 2500 459 2539 ei
489 2499 671 2548 largitur:
703 2498 848 2538 habeat
879 2498 994 2536 etiam
1027 2501 1300 2544 παλιννοοτους
1322 2504 1508 2549 δια-(καις,
1541 2500 1720 2549 quamvis
1751 2498 1840 2536 illos
1870 2509 1947 2536 non
1992 2525 1994 2530 .

155 2557 301 2597 habeat
329 2569 398 2608 per
429 2559 610 2606 antiquos
639 2557 930 2607 Pythagoreos,
968 2555 1036 2596 sed
1068 2569 1198 2596 eorum
1237 2558 1323 2596 loco
1355 2573 1398 2596 το
1439 2572 1611 2608 ueneat,
1642 2558 1732 2600 Λιος
1771 2558 1950 2607 φυλακην

156 2613 285 2669 (quod
314 2617 484 2668 ipsorum
516 2615 656 2664 dogma
694 2626 894 2653 successor
924 2614 1084 2653 Proclus
1126 2616 1323 2654 oblivione
1368 2615 1606 2663 seculorum,
1652 2614 1760 2653 velut
1799 2614 1947 2652 diluvio

157 2674 432 2723 deformatum,
468 2685 545 2712 non
576 2669 779 2725 agnovit),
820 2672 964 2711 habeat
993 2677 1032 2711 et
1061 2675 1245 2723 γενεθλην
1273 2685 1320 2713 ex
1351 2686 1394 2713 se
1423 2676 1716 2724 βλαστησασαν,
1757 2677 1795 2711 et
1824 2673 1948 2722 quic-,

158 2732 252 2783 quid
282 2738 341 2772 est
371 2731 569 2771 naturale:
609 2730 722 2769 cedat
764 2731 933 2768 vicissim
974 2730 1224 2782 philosophia
1260 2732 1387 2771 Procli
1418 2732 1647 2771 Christianis
1678 2730 1926 2783 dogmatibus

274 2862 297 2897 ⁶)
338 2860 494 2891 Veterum
520 2859 560 2890 de
585 2860 656 2898 ejus
679 2857 765 2888 libro
788 2867 967 2899 μητρῳακῃ
989 2856 1147 2896 judicium
1174 2858 1247 2894 fuit,
1272 2859 1306 2889 in
1331 2867 1370 2889 eo
1395 2867 1460 2889 non
1487 2859 1558 2888 sine
1582 2857 1695 2888 divino
1719 2858 1818 2899 raptu
1843 2864 1946 2896 expo·

160 2908 257 2938 sitam
281 2916 352 2939 esse
379 2907 563 2938 doctrinam
588 2906 774 2938 universam
799 2903 839 2934 ds
862 2903 956 2945 Deo,
994 2906 1026 2933 et
1062 2903 1205 2936 lacrimis
1231 2914 1271 2936 ex
1296 2915 1334 2936 eo
1359 2905 1586 2946 frequentibus
1617 2904 1761 2941 auctoris
1784 2911 1948 2942 apparen-

158 2954 259 2995 tibus,
287 2954 508 2994 suspicionem
534 2961 662 2984 omuem
687 2950 899 2982 audientibus
923 2949 1054 2981 auferri.
1089 2950 1179 2981 Idem
1215 2954 1326 2983 tamen
1351 2951 1484 2991 scripsit
1508 2954 1620 2982 contra
1644 2949 1849 2982 Christianos
1874 2949 1946 2989 epi-

161 2999 338 3030 chiremata
363 2996 429 3039 18,
465 2999 586 3040 quibus
611 3008 645 3030 se
671 2997 827 3038 opposuit
851 2995 994 3026 Joannes
1020 2996 1245 3040 Philoponus‚
1283 2998 1484 3039 exprobrans
1519 2998 1584 3037 ipsi
1618 3003 1804 3035 graecarum
1839 3003 1945 3026 rerum

160 3044 349 3088 inscitiam,
391 3055 471 3085 quas
495 3049 606 3077 tamen
631 3043 854 3075 defendendas
879 3046 1075 3081 susceperat.
1124 3043 1257 3076 Scilicet
1282 3044 1544 3075 dissimulaverat
1580 3043 1714 3075 Procius
1738 3041 1819 3083 illa,
1857 3050 1946 3083 quae

161 3090 202 3121 ad
227 3100 319 3123 suam
343 3092 590 3133 philosophiam
613 3100 679 3123 non
704 3090 879 3122 faciebant.
