1988 3276
688 144 1014 185 nemone.
1062 145 1172 182 Liber
1192 145 1223 180 1.
1766 147 1815 186 ll
1824 146 1843 185 l

65 262 301 310 enum
318 261 499 309 antrum
521 262 787 306 modernorum.
833 256 904 298 Est
927 270 1015 296 sane
1037 254 1111 297 una
1132 260 1214 297 sola
1226 259 1445 306 hyperbolae
1466 257 1574 304 linea,
1595 258 1690 295 inter
1707 269 1849 306 asymp·

56 320 169 357 tots·
181 316 334 363 m
357 325 425 361 per
446 320 626 361 punctum
642 314 880 361 propositum,
904 314 942 349 in
961 323 1085 349 earum
1107 312 1217 358 plano
1242 311 1398 348 ductilis.
1439 311 1489 348 At
1505 310 1724 348 eanondum
1739 312 1849 348 ducta

60 364 343 420 undabant
364 369 544 413 tantisper
566 366 737 404 inclinare
759 376 886 412 super
890 372 1026 412 puncto
1049 365 1323 411 applicationis,
1348 364 1463 400 donec
1485 364 1628 400 existat
1639 362 1702 400 illa
1725 364 1849 400 ducta-

65 429 137 467 que
157 419 227 467 sit.
247 419 307 456 *εἰ
330 420 408 467 sine
425 431 515 457 cono
531 420 655 464 lineas,
680 430 773 466 quae
795 419 891 465 hype
874 418 1029 454 erbolam
1047 418 1227 454 delineant
1247 428 1314 463 per
1329 418 1539 453 continuata
1554 421 1700 462 puncta,
1717 413 1851 461 jubeor

64 469 243 517 t—'tuhtr
265 477 429 518 mutare,
463 473 577 509 donec
608 471 698 508 satis
727 471 942 517 prolongata
972 471 1019 507 sit
1048 470 1265 516 hyperboh,
1301 474 1338 506 et
1361 481 1454 517 quae.
1478 473 1600 515 partes
1634 468 1730 504 inter
1751 469 1850 505 facta

65 526 199 570 μή
217 523 354 561 cadum
375 523 621 570 intermediae,
645 535 707 561 eas
727 524 860 569 ,iubeor
880 523 1064 568 imaginari
1087 522 1221 567 facta83
1242 522 1373 567 ,iubeor
1395 522 1574 566 utrinque,
1598 519 1650 566 id,
1671 520 1768 567 quod
1793 529 1851 559 est

64 576 247 622 muto
268 576 453 614 divisionis
475 578 647 622 infinitae,
672 580 756 638 ac'u
780 586 845 612 seu
867 580 967 611 motu
991 585 1064 610 uno
1086 574 1252 619 transire,
1276 579 1319 611 ut
1340 574 1410 610 hoc
1430 576 1584 611 transitu
1608 548 1716 609 et’iam
1738 573 1776 610 id
1799 578 1850 610 at-

63 629 238 676 tingatur,
255 630 359 677 quod
380 630 471 666 latet
494 631 531 666 ιιι
554 630 616 666 illa
637 630 815 666 infinitate
838 629 1068 675 potestativa,
1091 627 1168 664 sine
1191 626 1373 672 perfectae
1397 627 1568 664 scientiae
1591 627 1683 673 luce,
1708 626 1850 672 qualem

63 681 199 718 habu
219 681 445 727 problemata
467 693 490 718 a
511 681 690 720 veteribus
713 681 822 727 plana
844 680 1105 726 cognominata.

84 761 96 770 ,
122 750 123 753 “
177 734 397 795 Huiusmodi
418 736 611 782 postulatis
639 734 764 771 crebro
788 738 937 770 utuntur
958 732 1173 769 Franciscus
1197 730 1305 767 Vieta
1327 730 1453 767 Gallus
1481 736 1519 767 et
1541 735 1745 776 geometrae
1769 731 1851 768 Bel-

54 785 137 831 ,sici
156 786 354 823 audiani
342 797 382 823 ιιι
404 787 643 824 solutionibus
666 797 790 823 eorum
814 784 1094 831 problematum,
1127 794 1220 830 quae
1243 788 1371 830 suapte
1395 788 1525 820 natura
1552 795 1625 820 noa
1650 788 1733 820 sunt
1756 783 1851 820 solu-

64 837 161 884 bilis,
183 838 267 874 nisi
271 839 549 876 inartificialiter
582 849 647 885 per
669 849 854 883 numeros,
887 842 951 874 aut
974 847 1040 883 per
1062 842 1182 873 motus
1212 837 1466 882 geometricos,
1498 836 1674 889 infinitate
1697 837 1850 883 quadam

65 890 303 928 umtatisnum
327 891 590 936 gubernandos.

57 958 60 960 ·
91 969 94 972 ⁴
119 983 122 986 ,
177 942 273 981 Nam
295 943 357 979 ubi
380 945 499 980 omnia
521 943 655 981 suerint
677 945 713 979 in
737 948 891 1003 promtu,
916 952 1007 988 quae
1030 942 1151 978 facere
1166 941 1390 993 putabuntur
1413 941 1460 977 ad
1475 939 1740 977 certificandam
1756 952 1852 977 meu—

56 999 156 1032 tn:
178 995 380 1032 tenebimus
405 996 736 1033 determinationem
759 996 856 1041 ejus,
881 995 977 1041 quod
1001 1005 1041 1029 re
1065 992 1230 1039 quaesita
1250 993 1308 1028 vel
1332 994 1449 1039 majus
1472 994 1521 1030 sit
1549 993 1606 1029 vel
1627 994 1757 1042 minus
1770 1006 1851 1041 pro—

65 1048 176 1091 x‘nns
183 1056 396 1094 semperque
417 1048 583 1094 propius:
609 1053 649 1084 ut
671 1049 773 1094 prius
798 1049 905 1084 etiam
929 1047 974 1082 de
997 1046 1205 1083 trisectione
1228 1046 1406 1092 analytica
1432 1045 1645 1082 dixeramus.

161 1099 311 1136 Naum
333 1110 415 1137 esse
437 1100 483 1136 de
506 1101 576 1136 hoc
596 1101 819 1146 problemate
843 1100 955 1136 solido
978 1099 1207 1143 trisectiouis,
1231 1098 1327 1145 quod
1353 1098 1444 1143 dico,
1467 1099 1525 1134 vel
1540 1099 1631 1144 *ipsa
1654 1099 1760 1135 solidi
1783 1110 1852 1136 vox

65 1151 245 1188 admouet.-
288 1153 382 1189 Bam
402 1152 472 1188 nisi
495 1152 689 1189 solidorum
714 1154 899 1199 proportio
922 1153 1033 1188 suerit
1055 1151 1141 1187 data
1164 1151 1261 1193 talis,
1285 1150 1402 1196 qualis
1426 1155 1484 1187 est
1504 1152 1600 1187 inter
1615 1151 1708 1188 duos
1730 1162 1852 1189 nume-

65 1213 134 1240 ωι-
149 1204 314 1250 σιιδίοοε,
343 1215 551 1242 mensurare
573 1206 727 1242 solidum
751 1207 975 1252 propositum
1007 1205 1078 1240 alio
1100 1203 1218 1240 solido
1243 1209 1328 1239 noto
1361 1214 1434 1239 non
1467 1204 1664 1249 poterimus
1687 1205 1733 1241 ad
1755 1216 1853 1243 men·

58 1260 140 1292 hun
156 1256 431 1302 *hiandum
455 1259 542 1303 quia
565 1258 660 1295 duae
680 1259 915 1295 intermediae
938 1257 1225 1304 proportionales
1250 1262 1379 1292 exacte
1402 1257 1438 1292 in
1455 1257 1563 1302 plano
1586 1258 1756 1294 constitui
1780 1270 1852 1295 non
1904 1268 1912 1274 ⁸

65 1313 241 1355 poeunt,
253 1308 291 1343 in
313 1309 417 1348 cubis
439 1310 510 1346 etsi
531 1316 686 1356 possunt
702 1312 847 1356 inesse,
872 1317 911 1347 at
937 1323 960 1347 a
982 1310 1101 1355 planis
1125 1309 1171 1344 ad
1197 1309 1308 1345 cubos
1337 1309 1419 1344 illos
1443 1319 1677 1355 quoscunque
1698 1311 1852 1348 formau-

66 1359 133 1396 dos
154 1370 230 1396 nun
250 1360 358 1397 datur
378 1362 556 1398 transitus
578 1363 655 1399 sine
675 1364 768 1408 ipsis
791 1340 930 1401 duabus
954 1362 1091 1406 mediis,
1117 1362 1228 1405 veluti
1252 1367 1364 1407 ponte
1387 1362 1553 1408 abrupto.
1602 1363 1651 1398 Et
1667 1362 1757 1399 duas
1781 1374 1853 1399 me-

65 1412 145 1462 ῥίῳ
168 1412 453 1462 proportionales
476 1415 636 1452 invenire
658 1415 790 1452 docent
814 1417 875 1452 alii
898 1427 963 1461 per
986 1420 1124 1450 motum
1148 1414 1412 1460 geometricum,
1435 1415 1652 1475 imperantes
1676 1415 1774 1461 quod
1798 1421 1854 1452 est

63 1452 353 1517 impraestabile,
386 1466 504 1513 quoad
528 1467 776 1504 certitudinem
800 1473 903 1505 actus
927 1468 1133 1512 geometrici
1157 1467 1364 1514 adaequati,
1399 1467 1505 1503 docet
1535 1472 1572 1503 et
1605 1468 1684 1513 ipse
1707 1467 1853 1517 Pappus

56 1512 134 1562 'per
156 1516 333 1554 sectiones
356 1517 515 1563 conicas,
551 1519 723 1555 beneficio
748 1520 899 1557 duarum
929 1520 1252 1567 proportionalium
1276 1519 1534 1571 expediendas,
1572 1531 1653 1556 cum
1683 1525 1720 1556 et
1737 1531 1853 1558 conus

67 1568 116 1605 sit
136 1563 290 1606 solidum
313 1569 409 1616 quid
457 1571 514 1606 Ita
537 1581 679 1618 semper
702 1573 916 1618 principium
939 1574 1075 1618 petitur
1098 1580 1134 1610 et
1156 1584 1248 1619 pons
1267 1574 1366 1618 ⁸iacet
1390 1573 1427 1608 ιιι
1451 1572 1602 1608 adversa
1624 1573 1713 1618 ripa.

183 1635 352 1675 XLVII.
391 1635 691 1688 Propositi
710 1653 746 1679 0.
805 1641 973 1690 Figurae
1003 1651 1161 1679 numero
1191 1640 1354 1678 laterum
1386 1640 1540 1690 impari,
1570 1636 1709 1690 majori
1737 1652 1852 1690 quam

65 1693 100 1732 5.
126 1690 309 1747 (excepto
337 1695 775 1752 pentekaedecagono),
807 1710 895 1737 cum
925 1699 1121 1737 subteusis
1153 1698 1300 1747 aliquot
1330 1699 1509 1748 partium,
1541 1699 1732 1748 totaeque
1754 1697 1852 1738 adeo

67 1749 214 1848 ἔξειπε
244 1763 377 1792 omues
409 1753 545 1794 eodem
576 1766 693 1795 censu
724 1762 833 1805 sunt,
864 1767 942 1808 quo
971 1756 1226 1807 heptagonus
1246 1761 1285 1795 et
1316 1761 1466 1795 ceterae
1497 1755 1663 1806 figurae,
1694 1768 1853 1796 numero

110 1815 234 1849 terum
262 1812 397 1861 primo.

48 1922 50 1925 v
181 1883 274 1919 Nam
297 1883 330 1918 si
351 1893 520 1920 numerus
546 1884 697 1922 laterum
722 1892 777 1923 est
799 1887 924 1932 impar,
948 1898 1021 1922 non
1045 1897 1091 1922 ex
1114 1886 1237 1932 primis
1262 1896 1371 1921 unus:
1395 1885 1427 1921 is
1451 1890 1515 1921 aut
1537 1891 1594 1922 est
1610 1886 1763 1924 duorum
1784 1888 1854 1933 pri·

0 1950 9 1957 ·
60 1932 207 1991 >morum
229 1934 418 1980 imparium
440 1936 605 1974 minimus
629 1939 829 1984 multiplex,
855 1944 918 1976 aut
942 1930 1095 1984 alicujus
1117 1939 1222 1985 primi
1239 1938 1453 1984 quadratus;
1479 1945 1540 1974 aut
1559 1944 1614 1974 est
1627 1940 1733 1985 primi
1750 1941 1854 1976 unius

69 1983 115 2052 {Q
123 1988 295 2037 quadrati
316 1989 421 2037 primi
443 1989 590 2025 alterius
614 1991 814 2036 multiplex,
838 1996 902 2027 aut
916 1990 1166 2036 multiplicium
1183 1991 1483 2037 quadratorumve
1503 1991 1651 2027 seorsim
1676 1991 1732 2027 vel
1751 1991 1854 2036 junc-

0 2104 2 2106 ’
59 2032 135 2121 rm
154 2043 467 2140 mglffixmm
482 2095 551 2131 hae
566 2096 703 2141 figurae
719 2096 944 2141 descriptiles
969 2102 1004 2132 et
1016 2095 1236 2156 ‘inscriptiles
1254 2100 1290 2131 et
1307 2096 1462 2140 scibiles,
1487 2100 1574 2131 tunc
1598 2079 1660 2132 aut
1675 2098 1855 2142 propriam

70 2149 247 2184 habereut
273 2148 613 2185 demonstrationem
645 2159 690 2183 ex
722 2150 881 2209 angulis,
917 2154 980 2184 aut
1013 2148 1245 2206 impropriam
1278 2158 1325 2182 ex
1347 2144 1614 2192 comparatione
1649 2149 1855 2209 figurarum,

3 2198 18 2223 ,³
72 2201 202 2247 quibus
225 2200 495 2254 communicant.
544 2203 590 2236 At
616 2203 795 2247 propriam
820 2204 908 2245 non}
917 2202 1060 2242 habent,
1086 2200 1170 2245 quia
1193 2211 1265 2234 non
1282 2207 1366 2235 sunt
1390 2211 1538 2234 numero
1561 2201 1713 2238 laterum
1728 2203 1854 2247 primo,

0 2251 17 2291 »ἶ
73 2265 120 2291 ex
142 2263 214 2298 quo
237 2253 453 2293 formaretur
477 2254 751 2299 demonstrati03
789 2254 1020 2299 impropriam
1044 2263 1117 2287 non
1140 2252 1287 2295 habent,
1310 2261 1427 2295 neque
1450 2252 1597 2297 primae,
1623 2255 1721 2289 verbi
1748 2265 1855 2290 causa

0 2300 25 2354 ξ’
72 2304 456 2351 unetvigintangulum,
500 2307 586 2352 quia
614 2307 751 2352 figurae
782 2307 826 2341 iis
859 2305 1161 2342 communicantes
1194 2303 1250 2338 vel
1274 2304 1400 2339 ambae
1428 2304 1484 2338 vel
1510 2302 1699 2350 alterutra,
1736 2311 1775 2342 ut
1798 2307 1858 2341 hic

59 2359 299 2403 heptagonus
328 2361 424 2402 (post
434 2358 614 2404 trigonum
637 2364 672 2394 et
687 2363 939 2404 pentagonum,
965 2369 1011 2393 ex
1026 2358 1156 2403 quibus
1178 2356 1577 2401 pentekaedecagonus)
1600 2356 1734 2392 nullam
1749 2368 1855 2403 prop·

0 2406 25 2460 'J'
60 2407 163 2454 'riam
184 2410 328 2456 habent,
351 2422 419 2457 per
441 2411 498 2447 45.
522 2412 773 2456 praemissam,
797 2421 913 2456 neque
937 2409 1127 2447 secundae.
1153 2419 1185 2443 v
1211 2419 1242 2442 c.
1266 2407 1523 2452 nonangulum,
1549 2408 1632 2453 quia
1656 2419 1729 2444 uon
1751 2409 1858 2444 datur

73 2462 185 2506 seatio
209 2472 314 2499 arcus
338 2463 505 2509 aliquoti,
535 2468 625 2522 puta
647 2462 806 2506 trientis,
830 2463 868 2498 in
891 2462 1042 2498 totidem
1064 2465 1187 2505 partes
1212 2459 1402 2504 aequales,
1427 2463 1517 2503 quot
1540 2460 1678 2520 aceepit
1701 2460 1856 2496 circulus

0 2513 25 2565 ᾗ·
43 2528 46 2531 -
61 2513 221 2561 *integrm
245 2526 312 2560 per
335 2516 391 2551 46.
415 2515 663 2560 praemissam
688 2525 803 2560 neque
827 2515 965 2559 tertiae,
989 2524 1106 2559 neque
1131 2518 1304 2560 quartae,
1325 2512 1408 2559 quia
1433 2512 1571 2557 priores
1594 2512 1637 2548 iis
1662 2514 1855 2549 communi-

61 2573 198 2606 ,santes
220 2566 555 2607 indemonstrabiles
578 2572 673 2602 sunt.

2 2659 23 2683 ὠ(
190 2628 251 2667 De
280 2638 533 2677 enueagono,
577 2628 688 2676 cujus
717 2639 898 2666 uumerus
930 2629 953 2666 9
985 2631 1045 2666 est
1074 2627 1285 2677 quadratus
1320 2628 1432 2676 primi
1463 2629 1620 2677 imparis
1649 2628 1748 2664 iuter
1775 2627 1857 2676 pri-

0 2690 30 2725 ἰζ
49 2687 181 2733 ‘mos‚
211 2696 264 2724 sc.
295 2686 471 2732 ternarii,
503 2690 689 2723 certatum
718 2690 777 2724 est
806 2685 993 2724 hactenus
1021 2687 1122 2724 inter
1149 2690 1385 2735 geometras,
1423 2685 1617 2734 plerisque
1647 2686 1856 2723 annitenti-

4 2742 162 2796 233,1·jbus,
193 2748 238 2781 ut
266 2745 383 2782 etiam
413 2743 530 2792 hujus
558 2742 703 2790 figurae
732 2743 835 2782 latus
865 2743 1180 2790 demonstrarent,
1214 2754 1347 2789 omnes
1376 2748 1505 2780 tamen
1536 2744 1675 2780 frustra
1703 2742 1859 2793 fuerunt

63 2798 148 2840 “uec
178 2812 348 2850 unquam
376 2802 451 2839 hoc
480 2799 678 2851 problema
706 2801 867 2840 fuissent
896 2803 1077 2852 aggressi,
1109 2802 1142 2839 si
1174 2801 1374 2839 discrimen
1405 2799 1598 2838 scibilium
1630 2805 1668 2838 et
1697 2800 1856 2839 inseibi-

67 2854 172 2897 >lium
201 2859 466 2898 attendissent.

7 2927 49 2970 ζ
194 2925 394 2969 Campanus
417 2923 659 2968 nonangulum
682 2923 925 2960 demonstrare
948 2924 1060 2960 soluit
1085 2934 1150 2969 per
1173 2922 1414 2958 trisectionem
1439 2922 1574 2968 anguli,
1611 2933 1716 2968 quam
1740 2923 1857 2968 patuit

65 2964 276 3013 inse-‘bilem
301 2986 381 3012 esse
402 2978 440 3011 i'n
463 2977 659 3022 praemissa
682 2975 736 3011 46.
782 2976 864 3012 Etsi
888 2987 971 3012 vero
1004 2977 1059 3011 via
1083 2975 1199 3021 Pappi
1224 2979 1259 3010 et
1284 2974 1393 3009 Clavii
1422 2979 1623 3010 necessario
1656 2975 1856 3027 trisecatur

11 3036 24 3057 Ἀ
68 3023 199 3073 Fosito
222 3039 274 3065 sc.
297 3032 398 3063 motu
420 3027 651 3073 geometrico,
677 3031 715 3062 at
737 3027 822 3071 quid
844 3028 915 3063 hoc
938 3029 983 3064 ad
1007 3029 1135 3074 planas
1157 3026 1302 3071 figuras,
1328 3027 1372 3061 de
1390 3027 1517 3072 quibus
1541 3037 1608 3063 nos
1622 3011 1856 3073 hieagimus

15 3086 33 3128 j
66 3087 162 3116 nm
183 3080 307 3116 solidis
331 3089 422 3125 opus
445 3082 493 3116 sit
517 3080 563 3116 ad
586 3078 770 3115 faciendas
792 3079 1005 3117 trisectionis
1030 3079 1257 3115 administras
1281 3077 1404 3124 lineaS,
1430 3079 1681 3126 hyperbolum,
1704 3080 1856 3125 quadra-
