1994 3276
119 97 201 136 286
638 91 694 127 De
717 90 876 128 Motibus
899 90 1131 127 Planetarum
1155 91 1391 129 Harmonicis.

116 213 270 264 plicatis
300 213 418 262 igitur
447 211 615 251 arcubus
653 212 952 251 eccentricorum
990 210 1134 250 diurnis
1172 213 1212 250 in
1259 214 1410 252 orbium
1447 214 1653 254 intervalla
1690 214 1912 266 mediocria,

116 270 342 322 prodierunt
370 271 469 309 haec
500 272 650 310 itinera.
1723 271 1726 276 ⁴

203 380 206 409 l
873 418 1071 454 Intervalla
1134 375 1312 546 Ιιίῐῌ,

674 465 814 503 Diurni.
931 476 1002 501 me·
1157 501 1164 507 ·

714 549 718 554 .
898 513 1040 548 diocria.
1131 500 1269 535 diurna.

257 652 404 688 Saturni
428 653 562 698 aphelii
630 607 635 676 Ι
919 677 1020 711 9510·
1084 608 1087 677 ι
1153 652 1243 687 1065
1408 651 1465 687 Ita
1483 652 1659 690 Saturnus
1684 655 1743 691 vix
1768 667 1847 702 sep-

393 705 558 751 perihelii
710 654 731 739 213
781 654 841 748 O}
1119 709 1123 713 '
1153 705 1244 742 1208
1362 703 1485 738 timam
1521 710 1662 749 partem
1704 702 1847 744 c'onficit

328 798 335 806 .
1361 756 1498 792 itineris
1533 758 1757 795 Mercurialis
1791 760 1847 795 fit-

255 798 356 834 Jows
381 799 515 859 aphelii
537 852 557 859 υ
709 798 731 833 4
778 798 825 833 44
919 820 1021 856 5200.
1155 800 1242 835 1477
1362 819 1454 854 que,
1501 811 1598 856 quod
1633 812 1846 848 Aristoteles

394 852 559 897 penhelu
708 852 729 887 5
779 851 843 899 15,
1114 889 1125 911 ,ι
1157 851 1244 888 1638
1363 862 1422 897 ub.
1438 862 1483 896 11.
1509 862 1554 897 de
1581 863 1692 899 Coelo
1716 865 1846 899 rationi

255 946 383 981 Martis
409 944 559 1005 api-mlii„
685 944 752 1000 28.
777 944 823 980 44
919 967 1023 1004 1524.
1154 945 1268 981 ²⁶27
1362 918 1648 1014 ἶῗῃὲἓιῖῗέτθῗέ
1685 917 1846 1014 ‹1⁰3⁸quss
1895 995 1900 1002 ,

393 998 561 1044 perlhelu
685 998 730 1033 34
779 997 823 1033 34
1154 998 1239 1034 3161
1362 1019 1527 1064 propior,
1552 1020 1665 1065 majus
1690 1023 1845 1066 Spatium

255 1091 409 1127 Telluris
433 1091 599 1137 apheliae
686 1091 732 1127 58
803 1092 824 1127 6
1154 1091 1244 1126 3486
1363 1058 1551 1132 ⁰⁰¹¹ss⁰i³ss⁴
1574 1084 1681 1134 (ΜΨ
1707 1075 1772 1134 qui.
1790 1085 1845 1110 ‘e‘

686 1145 731 1180 60
778 1144 822 1180 1³
1363 1126 1848 1215 strarrirzncrssssx

255 1237 405 1274 Veneris
432 1237 596 1283 apheliae
686 1237 729 1272 95
779 1237 839 1280 29ν
934 1259 1022 1294 ¹724·
1154 1237 1245 1273 4149
1363 1236 1495 1275 POteSt·
1677 1241 1679 1243 ’

393 1290 591 1336 periheliae
687 1289 731 1325 96
780 1291 825 1326 50
1154 1290 1246 1325 4207

257 1384 426 1419 Mercurii
452 1383 586 1442 apheni
664 1383 730 1418 201
805 1384 827 1418 o
944 1406 1023 1442 383·
1152 1376 1244 1420 4680

199 1400 336 1527 L
392 1435 560 1482 perihelh
664 1436 733 1472 307
805 1435 826 1471 3
1153 1394 1312 1528 7AE

233 1603 347 1655 Quod
378 1603 495 1653 igitur
539 1604 681 1641 attinet
723 1603 963 1652 singulorum
993 1605 1130 1644 itinera
1162 1605 1317 1655 diurna,
1361 1609 1631 1657 proportiones
1660 1609 1708 1646 iis
1739 1619 1916 1657 compre-

116 1663 259 1702 hensas
292 1667 443 1712 oportet
475 1660 629 1699 easdem
660 1662 928 1710 magnitudine
959 1674 1056 1710 esse,
1089 1675 1188 1713 quae
1208 1666 1315 1714 prius
1336 1665 1490 1704 fuerunt
1520 1667 1559 1703 in
1590 1665 1816 1713 intervallis,
1849 1665 1918 1704 sed

117 1724 244 1772 specie
277 1732 456 1761 eversas:
491 1720 584 1769 quia
615 1731 727 1759 arcus
758 1722 971 1768 eccentrici‚
1004 1726 1046 1759 ut
1077 1721 1233 1771 dictum,
1264 1723 1411 1763 habent
1442 1735 1599 1762 suorum
1629 1724 1918 1763 intervallorum

117 1793 141 1818 a
172 1780 262 1820 Sole
292 1779 580 1831 proportionem
611 1790 798 1817 eversam.
858 1779 1004 1817 Itinera
1045 1791 1136 1818 vero
1168 1782 1345 1820 binorum
1375 1787 1547 1820 extrema
1576 1781 1638 1820 vel
1671 1782 1825 1821 diversa
1854 1781 1918 1825 vel
1977 1797 1984 1806 ·

118 1850 307 1878 conversa
337 1839 369 1876 si
402 1836 705 1885 consideremus,
747 1837 868 1875 multo
908 1839 1034 1875 minus
1064 1838 1329 1879 harmonicum
1368 1843 1575 1890 quicquam
1611 1846 1772 1891 apparet
1802 1852 1918 1890 quam
1979 1838 1994 1855 ·’

117 1899 236 1947 prius,
270 1909 356 1936 cum
386 1897 491 1945 ipsos
522 1907 633 1938 arcus
665 1895 1028 1934 considerassemus.

234 1955 282 1993 Et
313 1965 406 1993 sane
437 1954 470 1991 si
499 1964 579 1991 rem
610 1956 848 2003 pensitemus
879 1954 1121 2004 diligentius,
1167 1957 1390 2006 apparebit,
1432 1968 1508 1995 non
1550 1956 1666 1996 valde
1711 1954 1918 1995 verisimile

119 2025 218 2064 esse,
250 2013 471 2052 Creatorem
502 2013 831 2061 sapientissimum
854 2011 1075 2051 harmonias
1096 2016 1194 2053 inter
1225 2016 1311 2065 ipsa
1339 2016 1583 2064 potissimum
1613 2015 1751 2053 itinera
1781 2014 1918 2064 plane·
1971 2009 1973 2018 ’

119 2074 217 2110 taria
247 2081 488 2121 procurasse.
548 2070 648 2108 Nam
679 2071 712 2108 si
744 2078 834 2109 sunt
865 2071 1111 2110 harmonicae
1143 2075 1412 2122 proportiones
1442 2074 1639 2120 itinerum,
1685 2077 1796 2111 erunt
1825 2072 1918 2111 reli·
1966 2091 1972 2095 ⁴

118 2142 197 2179 qua
228 2132 380 2178 omnia,
425 2138 526 2177 quae
556 2127 701 2167 habent
729 2129 931 2178 planetae,
974 2135 1110 2168 coacta
1141 2136 1179 2168 et
1209 2143 1257 2169 ex
1286 2132 1488 2169 itineribus
1519 2142 1640 2177 nexa,
1687 2135 1731 2168 ut
1760 2141 1835 2168 non
1867 2130 1918 2168 sit

118 2187 226 2226 locus
258 2189 352 2227 alibi
383 2186 613 2236 procurandi
646 2187 880 2225 harmonias
942 2187 995 2224 At
1035 2190 1095 2225 cui
1127 2189 1228 2227 bono
1262 2188 1484 2227 harmoniae
1515 2190 1613 2227 inter
1644 2190 1802 2235 itinera,
1850 2192 1918 2226 aut
1976 2221 1983 2232 s

119 2248 202 2296 quis
234 2246 304 2285 has
334 2246 554 2284 harmonias
587 2244 804 2295 percipiet?
846 2244 935 2282 Duo
967 2251 1068 2292 sunt,
1102 2257 1202 2295 quae
1233 2247 1345 2286 nobis
1376 2247 1595 2285 harmonias
1627 2249 1665 2285 in
1683 2247 1811 2286 nebus
1842 2258 1918 2284 na-

117 2305 306 2343 turalibus
336 2305 592 2355 patefaciunt:
635 2302 696 2341 vel
740 2303 806 2340 lux
848 2302 909 2341 vel
950 2314 1094 2350 sonus,
1142 2304 1210 2342 illa
1254 2316 1322 2354 per
1354 2305 1485 2343 oculos
1526 2317 1712 2344 sensusve
1745 2305 1955 2345 occultos·

118 2363 241 2402 oculis
273 2364 474 2412 analogos,
507 2361 570 2400 hic
599 2373 667 2411 per
697 2373 810 2400 aures
841 2363 1011 2410 recepti3
1057 2373 1152 2410 quas
1184 2364 1334 2412 species
1367 2374 1561 2413 occupans
1592 2375 1712 2411 mens,
1742 2365 1824 2401 sive
1854 2363 1938 2400 iri--

117 2422 260 2460 stinctu
293 2422 359 2471 (de
391 2432 468 2470 quo
499 2420 552 2458 lib
584 2419 654 2458 IV.
686 2415 862 2471 abunde)
909 2421 994 2457 sive
1034 2431 1103 2468 per
1139 2422 1492 2460 ratiocinationem·
1516 2423 1814 2460 astronomicam
1853 2419 1915 2458 vel
1966 2455 1968 2459 ,

117 2479 380 2519 harmonicam
423 2478 609 2524 dijudicat
654 2480 883 2516 concinnum
926 2479 976 2515 ab
1018 2479 1256 2517 inconcinno.
1327 2478 1418 2517 Jam
1465 2482 1550 2518 soni
1594 2482 1632 2517 in
1669 2479 1777 2518 coelo
1817 2473 1916 2516 nulli

119 2540 300 2587 existunt,
332 2549 403 2576 nec
435 2543 513 2575 tam
543 2536 786 2575 turbulentus
820 2541 878 2575 est
908 2542 1048 2584 motus,
1072 2541 1113 2573 ut
1145 2549 1191 2575 ex
1221 2537 1354 2574 attritu
1386 2550 1503 2576 aurae
1534 2538 1711 2582 coelestis
1742 2537 1916 2576 eliciatur

117 2595 269 2636 stridor.
329 2595 466 2635 Restat
496 2594 586 2643 lux;
631 2595 664 2632 si
694 2594 792 2632 haec
822 2594 959 2632 docere
991 2594 1106 2632 debet
1146 2593 1193 2632 de
1225 2596 1423 2633 itineribus
1453 2595 1719 2646 planetarum,
1761 2595 1917 2633 docebit

120 2655 180 2693 vel
212 2653 347 2693 oculos
379 2653 442 2692 vel
473 2653 687 2691 sensorium
717 2653 763 2690 iis
796 2651 1002 2701 analogum
1035 2653 1151 2688 situm
1181 2654 1219 2689 in
1252 2659 1355 2692 certo
1388 2653 1495 2703 loco,
1529 2661 1566 2692 et
1597 2659 1639 2692 ut
1669 2655 1800 2692 statim
1830 2655 1917 2702 ipsa

118 2724 186 2762 per
214 2723 256 2750 se
286 2711 354 2750 lux
384 2711 559 2758 edoceat,
591 2721 720 2748 coram
752 2709 906 2748 videtur
936 2709 1071 2748 adesse
1105 2715 1279 2758 oportere
1310 2723 1477 2750 sensum.
1519 2712 1600 2750 Erit
1630 2713 1748 2760 igitur
1777 2721 1912 2750 sensus

119 2772 157 2808 in
190 2775 271 2809 toto
303 2771 473 2816 mundo,
518 2767 666 2807 scilicet
696 2774 737 2806 ut
768 2779 867 2806 unus
912 2772 951 2805 et
981 2767 1081 2804 idem
1113 2770 1282 2806 omnium
1328 2769 1569 2818 planetarum
1600 2770 1769 2813 motibus
1800 2765 1914 2807 simul

119 2829 234 2868 adsit.
293 2829 393 2867 Nam
425 2827 492 2866 illa
521 2829 599 2875 via,
632 2828 682 2865 ab
713 2826 1051 2864 observationibus
1082 2837 1149 2874 per
1179 2826 1426 2876 longissimas
1455 2829 1695 2878 geometriae
1720 2833 1758 2865 et
1789 2825 1912 2864 arith-

120 2888 282 2925 meticae
315 2887 514 2936 ambages,
547 2897 613 2936 per
644 2885 912 2936 proportiones
945 2883 1094 2921 orbium
1125 2889 1163 2921 et
1194 2891 1319 2923 cetera
1350 2891 1466 2924 antea
1496 2885 1680 2936 discenda
1709 2896 1832 2934 usque
1861 2882 1915 2922 ad:

119 2945 256 2983 itinera
285 2944 382 2983 haec
413 2947 497 2994 ipsa
528 2942 716 2990 traducta,
748 2943 860 2979 nimis
893 2946 952 2978 est
980 2941 1197 2991 longa-pro
1229 2945 1412 2982 instinctu
1433 2943 1562 2992 aliquo
1594 2943 1770 2989 naturali,
1801 2942 1912 2991 cnjus

119 3002 302 3040 movendi
334 3014 452 3042 causa
483 3002 704 3040 harmonias
735 2999 974 3038 introductas
1007 3011 1091 3037 esse
1123 3007 1423 3040 consentaneum
1453 3001 1616 3039 videtur.

236 3058 427 3099 Omnibus
457 3061 574 3109 igitur
605 3061 645 3096 in
675 3070 794 3098 unum
816 3061 1065 3107 conspectum
1087 3060 1243 3107 coactis,
1276 3059 1445 3098 conclusi
1465 3065 1579 3108 recte,
1611 3059 1776 3098 dimissis
1808 3057 1910 3096 veris
