1994 3276
762 118 873 181 Libm·
895 135 960 195 m„
985 143 1104 198 caput
1125 131 1169 179 V.
1780 136 1868 188 3⁴5⁸ss

186 263 288 301 Rota
306 261 389 300 vn.
434 261 534 298 Eece
556 265 678 298 auten
700 261 935 302 etminutam
957 259 1199 306 diligentiam5
1229 263 1273 296 ut
1294 258 1524 296 diatessaron
1556 258 1735 298 habituali
1756 259 1870 300 facul·

72 315 144 352 tati
163 325 281 361 nos
301 313 472 361 quaint,
507 318 585 351 tres
613 314 695 360 ejus
721 313 864 360 species
886 313 1003 350 tribus
1033 312 1180 349 habitus
1203 311 1396 358 speciebus
1424 317 1628 360 comparat,
1663 317 1869 361 augmento,

74 366 341 414 com
352 366 592 403 diminutioni.
627 366 788 413 Spedes,
811 375 902 411 quas
915 365 1030 401 velit·
1018 364 1134 411 ipsius
1149 363 1385 404 diatessaron,
1406 364 1489 401 vide
1502 365 1582 411 eius
1596 366 1661 404 lib.
1675 366 1724 404 11.
1740 379 1819 415 cap.
1835 367 1870 406 3.

74 417 406 467 Sanaetqolib.
428 421 496 459 111.
518 430 596 466 cap.
615 420 674 456 10.
696 417 1222 465 ωειιιεεῐιοοιοεοσιειιᾶι,
1256 417 1560 455 utinconcinna
1590 417 1870 467 dividuumest;

74 474 301 511 §minutium
323 477 418 513 enim
440 480 499 512 est
527 478 591 510 aut
614 472 685 508 imo
715 477 781 508 aut
800 471 920 508 medio
954 475 1020 507 aut
1042 480 1182 507 smnmo
1207 469 1305 513 loc03
1336 471 1390 507 sic
1414 471 1585 517 diapente
1619 472 1659 508 in
1682 473 1706 509 4
1730 472 1871 519 species

74 525 319 574 distinguitur.
366 533 417 566 At
440 532 568 564 auctor
589 525 717 562 eodem
738 525 846 562 modo
875 529 913 560 ct
936 525 1112 571 diapason
1135 528 1274 569 septem
1305 525 1445 569 species
1468 523 1573 562 facit,
1607 525 1671 561 ubi
1693 523 1872 563 semitonii

75 575 209 614 locatio
230 590 307 617 non
329 581 440 618 servit
462 580 548 617 huic
572 589 733 616 numero.
780 577 926 614 Scilicet
948 576 1148 613 secundum
1170 575 1251 621 ejus
1275 575 1475 612 doctrinam
1499 582 1627 614 octava
1643 578 1873 625 componitur

75 639 124 665 ex
145 629 290 669 duobus
308 633 548 677 tetrachordia
573 638 610 667 et
632 636 738 676 tono,
773 630 835 676 qui
857 640 938 666 cum
960 629 1103 666 locatur
1123 629 1163 665 in
1186 640 1310 665 eorum
1333 629 1470 675 medio,
1501 634 1611 666 tonus
1634 629 1872 675 disjunctivis

0 700 3 713 ι
75 681 217 728 dicitur,
240 689 281 720 a
302 695 383 722 cun
405 685 488 722 loco
509 686 584 721 imo
606 684 663 719 vel
687 693 838 728 summo,
862 686 1019 728 systema
1036 687 1164 718 octava
1187 681 1319 718 dicitur
1339 691 1604 727 synemmenon,
1630 682 1872 728 conjunctum.

0 742 5 756 ³
75 735 127 772 Et
147 746 235 773 eece
256 742 347 775 tres
343 739 497 784 species
521 738 707 783 diapason.
754 735 846 772 Sunt
875 740 996 772 autem
1030 739 1066 771 et
1090 734 1162 771 alia
1184 739 1341 781 quatuor
1374 734 1455 771 loca
1486 734 1572 771 huic
1596 740 1684 772 tono
1715 736 1872 782 disjunc-

0 790 3 828 ξ
73 787 167 833 tivo,
199 796 295 836 quaa
315 801 398 827 eum
421 795 585 837 occupat.
608 788 920 826 teu-achordorum
951 799 1063 825 unum
1093 787 1203 825 dividi
1233 792 1430 833 partesque
1460 787 1539 848 ejus
1574 798 1684 848 supra
1714 794 1751 826 et
1778 788 1873 826 infra

0 847 11 904 ἰ.
76 840 244 879 dialocari
266 854 417 881 necesse
440 850 507 880 est.
554 843 613 880 Ita
636 842 730 878 fiunt
752 846 891 886 septem
915 841 1056 887 species
1080 846 1239 877 octavae.
1285 840 1335 876 Ut
1358 840 1469 884 igitur
1490 840 1702 886 incipiamus
1731 852 1754 877 a
1776 852 1871 878 com-

0 905 11 960 }
75 894 264 939 paratione
291 897 401 933 trium
435 897 637 943 specierum
669 894 907 931 tetrachordi:
943 904 1031 930 sane
1059 904 1132 930 non
1163 893 1287 939 inepta
1317 893 1538 939 comparatio
1569 898 1628 930 est
1650 894 1874 933 tetrachordi

5 958 11 963 ’·
73 949 129 992 ¹⁸8,
150 957 203 992 m,
157 948 288 1034 neoti,
310 949 353 995 Ια
374 960 455 986 cum
478 949 683 985 intensione
706 946 763 982 vel
787 951 980 992 augmento
1004 956 1231 993 quocunque,
1256 950 1406 992 propter
1420 945 1651 982 semitonium
1666 946 1704 982 in
1721 957 1873 992 summo,

7 1022 11 1047 ς
76 997 240 1034 euiideo
262 1002 436 1048 conpetit
458 1008 577 1039 motus
600 1002 700 1037 vocis
735 1010 860 1036 versus
892 998 1113 1060 super-,iectu
1147 998 1200 1034 sic
1231 996 1500 1035 tetrachordum
1531 997 1589 1044 la,
1618 999 1691 1044 801,
1721 999 1780 1044 fa,
1810 1000 1873 1044 ηις·,

9 1092 12 1093 ⁷
77 1050 304 1089 diminutioni
329 1054 446 1091 simile
469 1060 547 1101 est,
582 1053 629 1090 ob
652 1053 759 1090 situm
785 1051 965 1088 semitonii
987 1052 1025 1086 in
1048 1051 1138 1090 imo,
1183 1054 1224 1086 ut
1247 1049 1390 1094 explico
1414 1049 1477 1086 lib.
1508 1049 1573 1086 III.
1596 1060 1666 1096 cap
1691 1051 1755 1097 11,
1790 1062 1875 1088 nam

79 1104 251 1142 cohaeret
271 1105 323 1143 im
345 1112 465 1144 motus
487 1108 588 1143 vocis
610 1116 737 1142 versus
761 1104 901 1150 gravia,
930 1104 1102 1140 inferiora
1125 1108 1162 1139 et
1186 1104 1363 1149 quietem3
1395 1103 1610 1150 relinquitur
1631 1105 1743 1149 igitur
1762 1110 1874 1142 tetra-

15 1153 19 1179 ἕ
80 1156 254 1194 chordam
276 1168 328 1204 re,
351 1161 414 1202 ni,
436 1161 490 1205 fa,
514 1160 570 1196 ³01
590 1158 647 1194 vel
670 1158 737 1202 sol,
758 1158 812 1203 la,
836 1157 898 1201 mi,
922 1167 963 1193 rc
985 1156 1251 1192 consistentiae.
1298 1132 1417 1201 Haec,
1441 1156 1607 1202 inquam,
1644 1156 1691 1194 de
1715 1169 1875 1204 quocun·

3 1214 5 1216 ’
78 1219 152 1255 que
174 1211 320 1257 quidem
342 1217 443 1248 motu
465 1222 551 1247 vera
573 1215 659 1248 sunt
683 1211 720 1246 in
744 1219 887 1256 genere.
935 1208 984 1245 At
1009 1208 1144 1254 qualis,
1169 1217 1325 1253 quaeso,
1350 1208 1489 1258 species
1512 1210 1706 1256 augmenti,
1730 1211 1876 1258 vigoris,

81 1262 327 1302 dhuhmionis
347 1265 387 1301 in
407 1265 560 1300 habitu?
605 1264 702 1300 Num
725 1262 812 1309 quid
835 1262 906 1298 hae
928 1265 1014 1298 sunt
1030 1260 1354 1305 ‚communissimae
1378 1260 1600 1298 differentiae
1632 1263 1789 1300 omnium
1812 1274 1876 1300 na-

79 1315 250 1351 turalium
277 1318 476 1353 motionum
507 1316 811 1363 qnalstafivarum,
849 1325 943 1361 quae
972 1315 1080 1350 etiam
1104 1313 1242 1350 habitui
1270 1324 1343 1350 non
1366 1314 1459 1351 bene
1489 1315 1664 1362 applicari
1695 1316 1876 1365 videntur,

18 1370 27 1400 ζ
81 1367 145 1412 qui
165 1372 225 1404 est
245 1368 376 1414 quietis
399 1381 507 1416 quam
530 1374 649 1405 motus
673 1369 860 1414 capacior,
885 1367 1039 1403 necdum
1061 1365 1208 1401 habitus
1226 1371 1304 1411 est,
1329 1366 1360 1402 si
1376 1366 1567 1413 dispositio
1584 1368 1631 1405 ad
1648 1379 1730 1404 eum
1755 1367 1876 1405 adhuc

29 1459 31 1462 ,
82 1420 285 1467 perficitur,
308 1426 373 1458 ant
394 1432 468 1457 uon
491 1422 664 1468 mplius,
689 1421 721 1456 si
738 1420 814 1466 jam
838 1420 969 1456 iterum
993 1417 1244 1455 disturbatur?

31 1511 34 1512 γ
195 1472 293 1510 Rota
314 1473 413 1510 vm.
461 1474 521 1510 Sic
544 1474 738 1510 sensitivae
760 1477 917 1518 quatuor
939 1471 1061 1508 munia
1083 1476 1269 1516 comparat
1300 1481 1380 1507 cum
1405 1476 1563 1517 quatuor
1585 1473 1776 1519 speciebus
1801 1474 1877 1510 dia-

28 1548 32 1551 *
81 1529 214 1571 pontu
248 1526 331 1563 dico
355 1527 452 1572 quod
476 1537 608 1573 supra,
645 1537 718 1562 non
742 1526 970 1562 obstantibus
994 1524 1185 1571 speciebus
1209 1523 1325 1570 ipsius
1350 1523 1535 1570 diapente,
1569 1525 1600 1562 si
1623 1525 1730 1571 plura
1753 1533 1878 1564 essent

35 1574 39 1578 ’
83 1579 244 1624 sensilia,
265 1578 390 1626 plures
412 1579 493 1615 fore
515 1589 654 1623 sensus,
677 1584 719 1614 ut
742 1578 887 1623 quidem
911 1582 1005 1622 sunt,
1031 1577 1092 1622 qui
1115 1576 1205 1611 alios
1222 1577 1331 1612 etiam
1349 1588 1477 1614 sensus
1495 1578 1703 1616 adscribant
1717 1581 1878 1618 animan·

8 1639 36 1667 ι.
82 1631 192 1684 tibus.
238 1631 333 1668 Nam
354 1630 420 1668 lux
443 1636 499 1667 est
522 1631 662 1676 species
684 1630 888 1690 superficiei
911 1634 948 1665 et
972 1629 1075 1674 quasi
1100 1629 1296 1672 essentiae,
1332 1639 1443 1665 sonus
1468 1635 1525 1666 est
1550 1632 1691 1677 species
1715 1634 1877 1695 corporis

33 1709 41 1721 ,f
85 1680 130 1719 οῖ’
146 1689 284 1728 motns3
320 1683 391 1719 bae
414 1684 508 1720 duae
531 1683 690 1729 species,
714 1684 766 1719 sic
789 1682 987 1718 realissime
1010 1681 1201 1717 distinctae
1225 1655 1330 1727 foris,
1360 1682 1594 1727 requirebant
1620 1685 1729 1721 etiam
1752 1686 1807 1725 ad
1822 1687 1879 1723 sui

66 1736 440 1782 -comprehensionem
474 1747 604 1772 sensus
629 1735 935 1779 distinctissimoS,
971 1733 1100 1778 quibus
1132 1743 1250 1778 neque
1274 1733 1419 1778 durum,
1453 1745 1571 1780 neque
1601 1736 1726 1780 molle.
1759 1740 1879 1784 neque

45 1820 50 1828 ,,
86 1788 291 1833 humidum,
314 1799 432 1834 neque
455 1788 590 1824 siccum
613 1793 735 1834 potest
758 1787 899 1830 sentiri,
924 1796 1042 1831 neque
1066 1786 1220 1822 calidum
1245 1786 1354 1822 etiam
1385 1797 1502 1832 neque
1525 1787 1704 1833 frigidum.

15 1837 54 1885 j„
201 1841 299 1877 Nota
320 1841 385 1877 lx.
433 1841 483 1877 Ut
505 1841 615 1886 igitur
638 1844 819 1876 constaret
842 1849 1012 1874 numerus
1037 1839 1305 1883 quaternarius,
1330 1843 1446 1875 totum
1472 1839 1654 1878 distribuit
1676 1841 1773 1878 inter
1794 1845 1879 1880 reli·

87 1903 179 1940 quos
202 1891 368 1939 quatuor,
391 1898 542 1939 propter
563 1893 738 1929 rationem
762 1901 931 1927 sensnum
955 1890 1151 1934 formalem,
1175 1891 1213 1926 in
1229 1891 1703 1936 tangendo.consistentem.
1741 1896 1880 1933 Exulat

16 1954 42 1993 ⁸3-
85 1945 197 1990 igitur
224 1946 346 1981 sensio
378 1945 611 1991 plurimarum
635 1944 848 1990 qualitatum
879 1942 925 1978 ab
948 1942 1019 1978 hoc
1042 1953 1210 1985 numero,
1246 1944 1332 1989 quia
1359 1955 1428 1980 nec
1449 1945 1591 1992 lingua,
1628 1957 1697 1983 nec
1719 1947 1879 1995 naribus,

17 1993 59 2049 ‘J
88 2007 157 2034 neo
179 1997 308 2038 oculis,
331 2009 400 2034 nec
423 1998 571 2034 auribus
593 1997 859 2043 percipiuntur,
883 1995 948 2031 sed
965 1995 1043 2031 *alio
1065 2001 1186 2031 tactus
1211 2007 1352 2042 genere.
1400 1997 1572 2043 Quisquis
1596 1999 1680 2039 fuit,
1703 2001 1765 2046 qui
1788 2002 1881 2039 haec

19 2048 51 2100 3}
91 2050 247 2095 scripsit,
268 2051 456 2087 immemor
476 2051 676 2086 Ptolemaei
699 2050 810 2084 fuisse
834 2049 995 2094 videtur,
1020 2049 1083 2094 qui
1107 2059 1216 2094 supra
1240 2049 1355 2084 visum
1380 2056 1417 2086 et
1438 2050 1620 2097 auditum,
1652 2053 1792 2089 animae
1815 2054 1880 2089 mi-

89 2102 236 2146 nistros,
259 2102 428 2148 adjunxit
449 2103 495 2138 ad
519 2103 757 2148 cognitionem
782 2102 861 2145 ejus
880 2100 1097 2161 juvandam,
1121 2101 1274 2136 innuens
1298 2101 1368 2137 hoc
1390 2103 1491 2148 ipso,
1515 2103 1673 2150 reliquos
1698 2116 1779 2142 esse
1804 2117 1881 2142 cor-

80 2165 220 2200 poreos
241 2159 282 2191 et
303 2156 466 2200 corporis
487 2154 612 2190 usibus
635 2153 845 2197 destinatos,
870 2158 911 2187 ut
933 2153 1031 2188 velut
1053 2154 1091 2189 in
1114 2153 1269 2189 fruendo
1286 2154 1534 2190 consistentes.
1586 2157 1761 2194 Gustatus
1785 2157 1881 2194 enim

64 2247 66 2250 .
85 2205 266 2252 qualitate
297 2212 335 2242 et
364 2218 517 2268 corpore
547 2207 659 2253 partis
683 2206 880 2249 delibatae,
919 2205 1091 2241 odoratus
1114 2206 1239 2241 itidem
1264 2206 1438 2251 qualitate
1470 2213 1507 2243 et
1531 2209 1661 2253 spiritu
1695 2215 1881 2246 recreatur

25 2256 39 2293 Ξ
88 2259 226 2305 alitque
254 2260 414 2304 corporis
437 2261 549 2305 vires,
585 2264 703 2294 tactus
732 2260 876 2294 fovetur
913 2258 1050 2303 calore,
1093 2259 1313 2304 indigentem
1358 2270 1398 2295 se
1428 2260 1551 2320 prodit
1580 2271 1689 2297 sensu
1724 2262 1879 2309 frigoris,

72 2311 284 2349 'inclinatur
305 2312 351 2347 ad
375 2312 475 2357 dura,
500 2314 593 2348 bene
616 2317 654 2347 et
676 2313 835 2357 spatiose
858 2312 1000 2347 locatur
1022 2312 1118 2347 inter
1139 2311 1277 2351 mollia,
1305 2312 1401 2347 inter
1423 2313 1519 2348 sicca
1542 2323 1582 2349 se
1604 2319 1739 2361 tuetur,
1764 2315 1880 2351 humi-

38 2409 40 2412 y
75 2363 148 2399 dis
169 2363 328 2409 liquatur
351 2368 389 2399 et
411 2364 550 2400 diffluit
600 2364 694 2408 Quid
717 2364 864 2399 multis?
910 2364 992 2399 Non
1016 2369 1134 2400 tactus
1157 2365 1253 2399 inter
1275 2374 1404 2400 sensus
1428 2365 1696 2401 distribuendus
1720 2372 1778 2402 est
1801 2367 1881 2412 (nec

33 2414 42 2464 ‘ss
84 2434 117 2446 ·>-‹
165 2435 179 2447 -ι
212 2428 258 2453 ne
281 2421 400 2453 taetus
424 2417 566 2462 quidem
590 2427 612 2451 a
636 2416 881 2460 contingentia
904 2416 963 2451 vel
987 2416 1147 2460 corporis
1171 2416 1229 2451 vel
1253 2416 1386 2461 speciei
1410 2416 1642 2462 describitur,
1667 2418 1732 2453 sed
1754 2429 1778 2457 a
1799 2429 1881 2464 per·

41 2473 44 2474 ’
72 2488 80 2510 χ
82 2469 260 2514 ceptione
283 2472 404 2505 certae
427 2469 642 2514 qualitatum
666 2469 827 2513 speciei),
859 2467 924 2503 sed
948 2478 968 2502 e
993 2469 1188 2513 contrario,
1222 2474 1350 2513 gustus
1374 2474 1411 2504 et
1434 2469 1606 2506 odoratus
1630 2471 1742 2506 tactui
1766 2472 1881 2508 vindi-

43 2530 46 2534 ’
134 2543 151 2552 «.
187 2521 199 2529 “
221 2527 307 2557 sunt
331 2521 455 2557 eodem
474 2521 577 2566 jure,
608 2532 679 2566 quo
703 2521 936 2566 plurimarum
960 2519 1175 2564 qualitatum
1199 2521 1385 2556 sensiones
1417 2521 1682 2558 diversiformes
1712 2522 1751 2558 in
1773 2534 1882 2560 unam

107 2590 112 2597 -
178 2584 211 2609 s
234 2573 533 2619 significationem
556 2573 825 2618 compaginatae
849 2577 952 2615 sunt3
979 2577 1042 2607 aut
1067 2572 1097 2607 si
1120 2572 1257 2617 placet,
1281 2578 1401 2608 tactus
1424 2573 1462 2608 in
1485 2573 1619 2610 multos
1644 2586 1793 2621 sensus,
1817 2587 1882 2622 gu·

48 2630 51 2631 ’
123 2645 138 2654 ·,
160 2642 201 2658 -,;
238 2631 275 2661 et
304 2625 476 2661 odoratus
506 2625 654 2670 fratres,
685 2630 741 2661 est
774 2625 1004 2660 dirimendas.
1052 2625 1144 2660 Nam
1178 2625 1231 2660 nti
1255 2631 1374 2661 tactus
1406 2625 1587 2671 tangendo
1621 2637 1697 2662 rem
1728 2628 1883 2674 percipit

87 2677 92 2708 ζ
141 2695 168 2709 ,;
197 2678 351 2713 calorem
377 2682 413 2712 et
435 2677 640 2721 humorem,
673 2676 725 2712 sic
747 2681 912 2720 gustatus
943 2676 1125 2722 tangendo
1148 2687 1224 2712 rem
1248 2677 1430 2712 humidam
1462 2687 1529 2712 nec
1558 2678 1730 2723 gelatum,
1762 2684 1827 2715 aut
1850 2680 1883 2715 si

115 2729 179 2759 'm
226 2731 332 2766 etiam
354 2729 594 2766 humectando
619 2738 700 2764 cum
724 2729 837 2763 saliva
860 2728 1107 2773 eliciendoque
1137 2728 1173 2762 in
1210 2728 1307 2764 hunc
1334 2729 1519 2764 humorem
1551 2729 1671 2765 calore
1693 2730 1883 2774 potentiali

52 2818 57 2832 ι
171 2783 250 2827 ‘pit
270 2783 367 2819 illins
391 2782 530 2818 humidi
555 2784 592 2816 et
613 2781 719 2816 calidi
742 2780 961 2825 qualitatem.
1009 2781 1068 2817 Sic
1099 2791 1205 2817 nares
1227 2782 1410 2826 tangendo
1433 2791 1603 2826 vaporem
1638 2781 1881 2827 spir-ituosum,

52 2849 54 2851 >
93 2875 98 2879 ..
112 2854 150 2883 J
182 2850 222 2865 m.
254 2839 294 2870 et
315 2834 471 2870 calidum
494 2833 699 2879 percipiunt
721 2833 798 2878 ejus
822 2833 929 2868 calidi
954 2834 1174 2879 qualitatem.
1224 2834 1361 2877 Quodsi
1377 2833 1462 2869 licet
1486 2834 1626 2869 auctori
1643 2833 1881 2871 subordinate

51 2881 64 2930 ῘΔ
185 2902 189 2914 ι
236 2895 365 2921 sensus
387 2887 555 2932 reliquos,
580 2890 729 2930 propter
752 2885 1018 2923 similitudinem
1041 2887 1302 2932 perceptionis,
1334 2890 1468 2931 quanto
1491 2885 1607 2930 magis
1630 2885 1733 2920 nobis
1756 2896 1880 2923 nume-

15 2967 16 2970 ,
43 2964 54 2971 ,.
97 2934 120 2943 ”
140 2954 143 2967 ι
199 2948 369 2974 sensuum
390 2938 512 2974 licebit
534 2938 592 2973 vel
615 2937 827 2972 contrahere
849 2937 907 2972 vel
931 2949 1072 2984 augere,
1096 2942 1244 2983 propter
1268 2937 1506 2972 differentiam
1529 2947 1647 2974 rerum
1674 2937 1879 2977 sensilium!

8 3016 10 3018 v
133 2988 230 3025 ‘huc
250 2990 362 3049 igitur
384 2990 442 3025 vel
463 2995 537 3025 tres
561 2995 700 3025 tantum
724 3000 851 3025 sensus
875 2995 997 3026 erunt:
1029 2991 1148 3035 visus,
1186 2990 1347 3034 auditus,
1371 2994 1510 3035 tactus,
1543 2995 1608 3025 aut
1640 2990 1671 3025 si
1694 2995 1821 3037 gustus
1844 2996 1882 3030 et
1952 3019 1962 3035 ,

45 3050 51 3058 ¹
78 3049 82 3052 ·
198 3057 201 3072 ι
229 3052 271 3076 us
295 3042 334 3077 ιιι
355 3052 542 3078 numerum
564 3043 711 3078 veniunt
735 3043 782 3077 ob
809 3041 1068 3096 specialitatem
1093 3041 1244 3086 obJecti,
1274 3042 1419 3077 venient
1442 3045 1479 3077 et
1501 3040 1594 3076 aliae
1616 3046 1736 3080 tactus
1760 3042 1879 3089 objec-

169 3105 295 3140 ιιριηι
311 3106 411 3140 open
427 3106 464 3134 v.
1615 3103 1669 3142 23
