1988 3276
144 131 200 170 44
650 129 837 177 Epistolae
861 131 1008 178 Kepleri
1032 126 1254 178 aliorumque
1276 137 1419 170 mutuae

147 254 295 290 tantum
324 251 502 291 flectione
530 255 676 301 mutua,
708 251 776 291 sed
806 251 902 291 illud
931 263 1002 302 pro
1033 251 1235 302 distantiis,
1265 253 1341 292 11οο
1368 264 1439 304 pro
1455 253 1704 295 inclimtione
1723 253 1923 305 graduum.

145 308 255 348 Idem
285 310 450 349 facerem
481 321 638 349 exorsus
669 323 694 350 a
723 310 1026 362 Transsylvania
1054 322 1122 361 per
1151 309 1383 362 Ungariam,
1425 312 1546 364 Alpes
1575 312 1744 365 Styrias,
1773 311 1924 351 Helve-

150 368 254 416 tiam,
285 367 578 417 Petemondam,
611 368 777 417 Gallias,
807 369 1049 420 Pyrenaeum
1080 381 1201 420 usque
1223 370 1535 421 compostellam.
1593 371 1641 410 In
1670 375 1778 410 tanto
1808 371 1925 421 igitur

148 428 275 477 spatio
305 426 417 465 facile
446 430 596 477 pateret
626 428 780 466 veritas.
842 427 915 466 Vel
947 428 1045 466 irent
1076 427 1151 466 duo
1181 428 1307 477 simul,
1337 441 1487 479 semper
1517 431 1643 480 spatio
1666 430 1702 478 5,
1736 430 1773 477 6,
1807 431 1828 466 7
1861 428 1924 467 vel

155 486 206 524 10
238 483 459 523 milliarium
490 485 699 533 distantes,
731 486 796 535 qui
826 486 1004 524 noctibus
1035 497 1103 536 per
1134 488 1392 526 internuncios
1422 489 1663 536 constitutos,
1695 499 1716 527 e
1738 488 1926 526 montium

145 543 355 582 verticibus
384 543 564 607 ignibus
571 545 745 583 excitatis
775 545 954 592 invicem,
985 545 1096 593 signa
1127 544 1272 584 darent.
1321 545 1410 585 Hoc
1434 546 1487 584 ibi
1508 546 1686 595 maxime,
1716 546 1784 584 ubi
1813 556 1925 583 mon-

145 606 221 649 tes,
262 601 329 651 qui
359 601 456 640 adiri
485 587 667 652 possunt,
704 602 941 641 horizontem
971 613 1048 641 non
1079 604 1297 643 terminant.
1355 604 1399 642 In
1429 604 1504 643 hac
1533 605 1718 644 societate
1765 603 1925 642 duorum

147 664 185 698 et
215 659 290 698 hoc
319 660 462 699 inesset
492 661 706 708 commodi,
745 661 848 710 quod
880 662 917 698 in
949 660 1073 699 reditu
1105 663 1234 700 omnia
1264 662 1458 701 emendari
1487 667 1645 713 possent
1675 667 1715 702 et
1743 661 1926 711 ambigua

146 717 298 756 discuti.
358 717 567 768 Splendide
611 731 671 757 me
716 718 880 758 fabulari
919 719 1096 769 putabis3
1141 724 1181 759 at
1221 732 1293 770 ego
1333 721 1371 758 in
1412 720 1540 771 Styria
1583 721 1656 760 feci
1695 719 1925 770 periculum:

147 775 304 815 ascendi
335 778 437 816 enim
469 777 566 815 duos
596 782 746 815 montes
777 782 816 815 et
845 782 1048 827 utrumque
1079 789 1125 816 ex
1155 777 1276 817 altero
1308 778 1472 828 libravi3
1503 780 1634 818 inveni
1664 779 1927 818 curvationem

145 834 254 885 globi
284 836 423 874 terreni
459 837 508 874 19
540 836 784 882 minutorum,
818 835 1062 874 intervallum
1093 837 1369 876 aestimabatur
1392 838 1414 875 5
1437 837 1668 877 milliarium.
1718 836 1806 876 Hoc
1835 847 1927 875 vero

146 904 223 931 non
253 904 337 931 sum
369 904 526 932 mensus
557 894 819 933 instrumentis
852 895 1024 942 visoriis,
1064 898 1106 932 ut
1134 896 1369 945 potuissem,
1411 895 1515 946 quod
1544 895 1670 935 solum
1699 894 1808 934 deest
1837 905 1928 945 per-

146 951 302 990 fectioni
333 951 512 1002 exempli.

270 1009 518 1049 Probabilem
550 1010 747 1049 existimas
777 1012 1008 1049 sententiam
1029 1011 1193 1050 Theveti
1225 1023 1270 1050 ex
1293 1023 1351 1059 eo,
1383 1011 1487 1062 quod
1510 1023 1668 1062 magnes
1699 1011 1802 1050 omni
1821 1015 1930 1061 parte

145 1068 206 1106 sui
236 1067 361 1108 soleat
390 1069 562 1109 imbuere
583 1069 735 1107 ferrum.
786 1070 915 1118 Atque
945 1069 1020 1108 hoc
1039 1069 1134 1107 nihil
1155 1069 1299 1108 indicat
1329 1069 1376 1108 de
1405 1070 1528 1120 figura
1556 1081 1627 1109 seu
1645 1070 1835 1120 magnetis
1860 1080 1930 1108 seu

146 1125 307 1176 Terrae,
338 1126 407 1166 sed
437 1131 586 1166 tantum
617 1126 665 1166 de
695 1132 834 1167 natura
864 1128 1028 1176 virtutis,
1061 1140 1160 1177 quae
1191 1128 1321 1179 polum
1347 1130 1463 1178 petit3
1493 1127 1597 1179 quod
1616 1128 1764 1168 scilicet
1793 1127 1862 1166 illa
1890 1128 1930 1165 in

153 1189 299 1223 rectam
329 1187 546 1235 porrigatur
577 1185 758 1235 quodque
789 1187 838 1224 sit
868 1197 955 1224 cum
985 1197 1144 1237 corpore
1166 1187 1357 1236 magnetis
1379 1186 1600 1239 divisibilis,
1629 1187 1686 1226 sic
1705 1190 1750 1225 ut
1778 1187 1817 1224 in
1847 1187 1930 1224 sin-

151 1242 254 1293 gulis
285 1243 368 1293 ejus
399 1243 604 1283 filamentis
635 1244 839 1283 rectilineis
869 1243 1047 1284 insideat.

263 1301 323 1340 De
354 1301 566 1340 stadiorum
596 1314 775 1350 numero,
807 1309 925 1352 ‘quaet
949 1304 1013 1340 uni
1044 1303 1180 1352 gradui
1213 1303 1370 1342 coelesti
1400 1306 1642 1352 competunt,
1681 1313 1775 1340 sane
1805 1301 1930 1339 incer-

148 1363 229 1397 tum
259 1364 368 1410 puto.
428 1361 527 1400 Nam
557 1372 634 1399 non
665 1360 789 1399 solum
821 1361 867 1400 de
898 1360 1010 1398 stadii
1044 1363 1258 1411 quantitate
1289 1361 1519 1399 dissentiunt
1547 1364 1717 1408 veteres,
1749 1370 1819 1398 scu
1849 1358 1930 1397 dis-

148 1419 290 1458 sentire
320 1430 478 1458 necesse
510 1424 579 1468 est,
612 1431 698 1458 cum
727 1419 837 1469 pedis
867 1430 1046 1458 mensura
1076 1431 1152 1458 non
1182 1420 1297 1458 fuerit
1326 1430 1414 1467 una,
1446 1417 1515 1458 sed
1545 1419 1662 1458 etiam
1690 1417 1839 1456 lubrica
1868 1428 1929 1456 res

149 1481 227 1524 cst,
268 1476 520 1517 determinare
560 1489 678 1516 unum
717 1477 878 1528 gradum
918 1477 1083 1516 coeleste
1122 1480 1159 1515 in
1191 1478 1328 1527 Terra3
1370 1488 1521 1527 semper
1557 1478 1658 1516 enim
1698 1475 1745 1514 de
1782 1475 1931 1525 aliquot

147 1535 305 1574 minutis
337 1534 545 1585 dubitatur,
578 1548 678 1586 quae
707 1536 852 1586 negligi
882 1546 958 1574 non
990 1535 1183 1584 deberent,
1217 1536 1381 1586 denique
1411 1536 1445 1573 si
1460 1535 1630 1573 maxime
1653 1535 1823 1573 sciantur
1853 1533 1929 1571 duo

146 1591 235 1631 loca
264 1593 426 1642 Terrae,
458 1595 498 1632 in
530 1595 670 1646 quibus
701 1599 759 1633 est
789 1594 1002 1633 differentia
1031 1596 1146 1633 unius
1175 1593 1318 1644 gradus
1346 1593 1532 1644 praecise,
1565 1595 1602 1630 in
1632 1593 1931 1642 septentrionem

147 1654 278 1690 tamen
306 1663 383 1690 non
414 1652 527 1691 facile
557 1653 680 1692 metiri
710 1664 917 1702 possumus
947 1651 1056 1691 illum
1084 1653 1225 1692 Terrae
1257 1657 1431 1700 tractum,
1462 1662 1613 1701 semper
1643 1652 1744 1690 enim
1774 1650 1931 1689 obstant

148 1714 218 1756 aut
253 1710 430 1759 flumina,
462 1716 530 1749 aut
566 1716 735 1759 montes,
768 1710 911 1760 silvae,
943 1710 1124 1761 paludes,
1158 1711 1240 1762 agri
1271 1710 1364 1749 culti
1395 1715 1467 1750 etc.
1527 1709 1658 1748 Refert
1689 1707 1929 1748 Christman-

147 1779 220 1807 nus
251 1770 524 1808 commentario
555 1781 671 1820 super
693 1769 943 1819 Alfraganum
974 1766 1069 1822 (nisi
1100 1769 1196 1809 forte
1226 1770 1308 1818 ipse
1330 1768 1576 1818 Alfi-aganus,
1607 1767 1702 1806 liber
1722 1768 1827 1806 enim
1853 1776 1930 1804 11011

149 1831 208 1864 081
250 1826 300 1865 311
342 1824 499 1880 111311118)
532 1828 683 1867 Arabas
726 1839 880 1878 quoque
912 1827 1199 1867 Baldachenses
1238 1827 1310 1866 sub
1345 1838 1435 1876 rege
1466 1825 1661 1864 Maimone
1699 1824 1789 1864 111110
1818 1835 1933 1869 curae

148 1884 388 1933 incubuisse,
419 1891 462 1924 111
478 1887 739 1926 aemendarent
768 1886 869 1925 hunc
899 1886 1111 1925 stadiorum
1142 1887 1180 1923 in
1213 1896 1288 1923 uno
1312 1884 1440 1934 gradu
1469 1895 1682 1922 numerum.

263 1942 438 1993 Rogatus
466 1944 549 1993 ipse
580 1950 669 1984 ante
699 1944 896 1983 biennium
916 1946 965 1984 ab
987 1944 1161 1983 Electore
1183 1943 1414 1990 Coloniensi,
1446 1942 1501 1980 sic
1528 1939 1720 1991 respondi,
1751 1945 1795 1979 ut
1813 1939 1932 1989 paulo

147 2000 272 2051 prius;
305 2000 352 2040 de
382 2002 502 2041 Terra
532 2003 712 2043 videlicet
741 2002 935 2042 metienda
964 2003 1047 2040 sine
1077 2003 1218 2041 intuitu
1249 2000 1346 2040 coeli
1366 2012 1413 2039 ex
1435 1999 1597 2038 duorum
1617 1999 1788 2038 locorum
1810 1998 1932 2037 libra-

148 2060 255 2098 tione
285 2064 429 2099 mutna.
492 2060 541 2098 Et
570 2061 734 2111 subjecit
765 2062 847 2110 ipse
882 2059 1174 2100 commoditates
1205 2060 1400 2106 locorum,
1439 2059 1472 2096 si
1503 2058 1600 2097 benc
1629 2057 1805 2105 memini,
1843 2055 1935 2104 Mo-

149 2117 331 2156 nachium
362 2123 400 2156 01
429 2118 671 2167 Freisingum
703 2118 937 2168 appellavit,
970 2129 1134 2168 quorum
1164 2117 1336 2156 locorum
1367 2128 1414 2155 ex
1445 2115 1566 2154 altero
1602 2116 1642 2152 111
1673 2114 1834 2154 alterum
1862 2126 1936 2165 pa-

150 2180 232 2215 teat
261 2181 486 2226 prospectus
518 2188 538 2215 e
569 2177 744 2217 fenestris
775 2176 1018 2227 palatiorum.
1080 2175 1227 2226 Quodsi
1258 2174 1497 2224 interjectum
1528 2171 1773 2212 intervallum
1802 2178 1936 2223 aptum

152 2239 211 2274 est
239 2233 290 2273 ad
321 2234 555 2274 metiendum
586 2237 684 2285 pede
715 2235 892 2274 Romano
923 2236 1104 2284 antiquo,
1141 2234 1250 2283 cujus
1281 2243 1459 2271 mensura
1489 2236 1547 2270 est
1575 2231 1678 2270 latus
1709 2231 1798 2270 cubi
1829 2242 1937 2270 com-

155 2297 377 2342 putatorum
398 2293 661 2332 Romanorum
692 2298 730 2332 et
759 2293 946 2342 liquorem
967 2294 1166 2331 fontanum
1189 2293 1240 2330 96
1270 2291 1453 2330 librarum
1470 2289 1577 2330 Rom.
1609 2290 1815 2339 capientis:
1847 2293 1938 2328 tunc

152 2353 235 2401 ipse
265 2351 437 2401 spondeo
468 2352 754 2391 inclinationem
785 2356 957 2390 mutuam
987 2349 1345 2401 perpendiculorum
1375 2347 1662 2387 Monaehiensis
1697 2351 1735 2386 et
1764 2347 1935 2386 Freisin-

153 2410 283 2459 gensis
317 2416 450 2448 exacte
487 2412 732 2461 investigare.
793 2409 882 2448 Hoc
910 2414 1026 2459 pacto
1058 2414 1096 2447 et
1125 2406 1417 2458 cosmographia
1453 2407 1567 2445 fuerit
1595 2405 1730 2456 adjuta
1773 2411 1811 2444 et
1839 2406 1937 2444 ratio

154 2466 420 2506 mensurarum
440 2470 690 2518 perpetuitati
713 2473 946 2515 consecrata,
979 2466 1168 2517 siquidem
1196 2466 1330 2505 literae
1364 2465 1505 2524 fuerint
1522 2469 1746 2514 perpetuae.
1811 2464 1936 2509 (comp.

152 2531 213 2571 111,
237 2541 269 2572 p.
294 2528 386 2569 458.)

265 2583 324 2623 Ac
354 2585 428 2622 etsi
467 2595 554 2622 mea
584 2583 681 2621 nihil
712 2585 880 2631 interest,
913 2594 1029 2633 quam
1059 2583 1097 2620 in
1118 2582 1272 2632 plagam
1297 2585 1432 2630 vergat
1450 2580 1553 2619 linea
1579 2583 1809 2618 connectens
1838 2577 1937 2616 duos

152 2644 282 2683 10008.
315 2646 445 2681 tamen
475 2644 508 2680 si
538 2646 675 2692 postea
703 2653 771 2692 per
800 2641 902 2679 hunc
933 2640 1091 2679 modum
1129 2639 1328 2690 explorare
1360 2638 1547 2677 vellemus
1586 2638 1775 2676 rationem
1805 2635 1936 2675 diver·-

154 2714 222 2741 sae
253 2701 451 2740 curvitatis
481 2700 666 2747 Telluris,
708 2699 824 2749 11111110
856 2701 956 2737 111113
987 2710 1101 2737 11113111
1131 2699 1347 2748 regionem,
1381 2700 1571 2747 oporteret
1600 2706 1692 2734 sane
1724 2693 1820 2733 duas
1852 2696 1949 2733 esse

158 2761 401 2810 operationes
433 2762 470 2796 et
499 2758 602 2797 linea
631 2757 751 2796 semel
782 2759 819 2794 in
853 2762 1025 2795 austrum
1057 2756 1175 2796 semel
1208 2757 1244 2793 in
1278 2757 1461 2794 orientem
1493 2753 1648 2792 deberet
1677 2753 1832 2802 porrigi.

270 2816 347 2856 Sed
378 2816 525 2864 desino,
557 2827 755 2865 nunquam
787 2816 888 2854 enim
920 2816 1054 2864 scripsi
1085 2815 1296 2863 longiorem
1321 2813 1534 2863 epistolam,
1566 2822 1682 2861 quam
1711 2821 1798 2848 cum
1827 2811 1938 2849 initio

155 2875 384 2913 Novembris
426 2886 550 2913 essem
588 2886 772 2920 exorsus,
814 2874 877 2911 vix
917 2872 1053 2920 hodie,
1096 2874 1161 2910 24
1193 2872 1422 2910 Novembris
1457 2870 1561 2908 finio.
1620 2868 1702 2906 Nec
1733 2870 1939 2918 quicquam

155 2938 356 2983 praeterea
385 2932 492 2972 effeci
524 2934 562 2969 in
592 2931 741 2971 studiis.

272 2991 329 3029 Ex
367 2990 527 3030 aedibus
569 2991 661 3029 olim
692 2988 946 3028 Cramerianis
984 2998 1003 3028 0
1043 2987 1201 3036 regione
1237 2987 1475 3026 Jesuitarum
1516 2982 1565 3021 ad
1605 2987 1773 3032 pontem.
1838 2982 1939 3022 Nob.

158 3048 264 3098 Mag.
296 3048 341 3086 Τ.
1366 3042 1666 3082 officiosissimus

1193 3103 1236 3145 J.
1268 3100 1460 3152 Khepler,
1491 3098 1796 3138 mathematicus.
