1988 3276
141 144 193 182 10
905 143 1130 182 Prooemium

136 272 345 311 earumque
383 261 508 301 latera
546 264 644 301 inter
682 273 724 302 se
765 264 959 313 componit
997 275 1043 302 ex
1082 266 1141 312 vi,
1186 276 1302 314 quam
1342 263 1512 302 habeant
1553 269 1596 302 ut
1629 264 1840 305 rationales
1881 270 1920 304 et

135 320 376 359 irrationales
407 321 653 370 quantitates,
685 327 928 372 comparatae
960 333 1045 359 cum
1074 321 1184 360 radio
1215 324 1491 371 circumscripti
1522 323 1666 363 circuli.
1950 322 1953 327 ’

270 378 415 417 Liber
453 379 687 418 secundus
725 379 870 418 orditur
907 392 930 419 a
962 379 1247 419 definitionibus
1285 382 1640 430 congruentiae.
1701 381 1809 420 Voce
1846 380 1920 420 hac

134 435 245 474 aliter
285 438 404 475 utitur
443 449 559 486 quam
599 437 696 476 alias
737 440 794 476 uti
838 438 906 476 illa
947 438 1074 477 solent
1113 439 1387 477 mathematici.
1448 437 1711 488 Congruentes
1753 441 1788 478 ei
1830 443 1919 478 sunt

133 494 294 543 figurae,
333 496 364 533 si
398 507 484 533 curn
515 495 667 545 angulis
697 498 776 533 suis
809 497 974 546 spatium
1005 503 1147 546 puncto
1179 497 1463 546 circumjectum
1495 502 1562 535 aut
1590 499 1632 537 'in
1660 497 1822 547 planitie
1851 503 1920 536 aut

133 554 172 589 in
203 554 328 602 spatio
359 554 526 604 explent.
599 554 796 604 Exemplis
827 555 1017 604 ejusmodi
1047 555 1243 605 perfectae
1273 560 1340 593 aut
1369 555 1614 604 imperfectae
1645 557 1919 605 congruentiae

132 611 252 648 utitur
281 611 412 649 multis
442 612 594 662 figuris,
634 624 730 662 quas
767 618 835 651 aut
866 618 908 650 ut
938 624 1098 662 corpora
1129 618 1196 651 aut
1226 624 1357 652 eorum
1388 613 1620 651 lineamenta
1648 613 1918 666 (retesysoliis

133 670 295 719 propriis
318 669 490 720 depictas
512 670 630 708 addit.
675 671 756 709 Nos
786 683 872 710 eum
893 676 1088 710 auctorem
1108 673 1229 710 secuti
1251 671 1321 709 has
1342 671 1483 709 formas
1505 671 1626 721 lapidi
1647 671 1918 722 imprimendas

132 729 351 767 curavimus
383 733 422 767 et
450 734 692 777 annotamus,
733 729 874 779 figuras
913 731 951 766 in
982 729 1169 768 lateribus
1202 731 1224 768 5
1265 729 1499 779 regularium
1536 741 1737 779 corporum
1766 729 1941 780 Pytha-t

130 787 281 835 goticos
311 786 508 838 symbolos
547 787 697 834 referre,
741 787 1064 837 quemadmodum
1094 788 1169 826 hoc
1198 800 1221 826 a
1251 787 1419 838 Keplero
1451 787 1551 826 thesi
1582 789 1650 826 25.
1681 787 1915 838 explicatum

131 847 202 883 est.
263 845 323 883 De
346 845 458 883 ‘thesi
491 847 555 883 27.
590 845 780 894 Keplerus
820 846 869 883 ad
911 846 1157 895 inquirendas
1189 845 1478 895 semiregulares
1513 847 1656 884 formas
1691 856 1917 896 progressus

131 902 313 941 tredecim
344 914 503 953 corpora
535 903 784 942 Achimedica
814 904 991 954 explicat.
1062 904 1363 953 Quaestionibus
1393 904 1466 942 hoc
1495 903 1593 942 libro
1625 904 1738 942 factis
1769 915 1815 943 eo
1846 903 1917 946 de-

131 960 298 1008 ducitur,
344 966 385 999 ut
418 962 538 1010 dicat,
582 973 771 1011 congruas
803 974 886 1000 esse
917 963 1060 1011 figuras
1093 962 1314 1010 duodecim,
1356 974 1408 1000 sc.
1438 961 1582 1011 figuras
1621 963 1916 1012 comprehensas

128 1019 314 1058 lateribus
346 1021 383 1067 3,
413 1022 450 1068 4,
481 1021 516 1068 5,
549 1021 584 1068 6,
616 1021 653 1067 8,
688 1021 749 1067 10,
783 1022 830 1058 12
854 1025 891 1059 et
913 1021 967 1059 20
1000 1020 1188 1071 („figurae
1219 1020 1408 1059 radicales
1437 1031 1508 1058 scu
1537 1017 1743 1075 primae“)‚
1775 1021 1916 1070 quibus

130 1077 316 1115 accedant
359 1080 384 1115 4
425 1077 580 1116 stellae:
632 1081 907 1128 pentagonica,
958 1080 1202 1128 octogonica,
1257 1078 1492 1128 decagonica
1541 1083 1579 1118 et
1629 1078 1918 1129 dodecagonica

129 1133 317 1188 („figurae
349 1134 541 1188 auctae“).
1535 1141 1537 1144 ⁴
1654 1179 1659 1190 ι

269 1193 413 1233 Liber
443 1195 617 1233 tertius
647 1194 760 1232 refert
785 1195 908 1232 factas
940 1194 985 1233 de
1014 1195 1162 1235 musica
1194 1201 1232 1232 et
1261 1195 1366 1236 sonis
1396 1194 1628 1232 harmonicis
1659 1195 1914 1244 quaestiones.

128 1251 172 1289 In
205 1252 443 1301 praefatione
475 1252 793 1302 deprehendimus
825 1254 932 1291 varia
960 1252 1005 1291 de
1025 1258 1196 1291 veterum
1218 1254 1365 1291 musica
1384 1252 1538 1302 prodita
1559 1258 1597 1291 et
1613 1252 1915 1302 Pythagoricam

128 1311 294 1349 maxime
335 1315 523 1361 tetractyn
565 1312 835 1349 examinatam.
895 1310 1086 1361 Keplerus
1125 1310 1341 1360 profitetur,
1385 1310 1460 1348 sibi
1499 1322 1624 1360 neque
1654 1311 1916 1361 Pythagorica

130 1380 255 1417 neque
301 1369 450 1408 meliori
494 1369 710 1408 Ptolemaei
754 1369 973 1418 harmonia,
1019 1380 1105 1407 cum
1149 1375 1310 1418 utraque
1356 1368 1560 1418 disciplina
1609 1368 1770 1408 auditus
1806 1368 1914 1417 justo

127 1427 315 1466 minorem
345 1429 535 1481 rationem
566 1428 775 1475 habuisset,
809 1439 894 1466 esse
923 1428 1173 1467 satisfactum.
1217 1426 1342 1476 Quam
1374 1427 1423 1465 ob
1455 1438 1614 1466 causam
1638 1438 1680 1465 se
1706 1439 1752 1466 ex
1778 1428 1916 1481 viginti

130 1486 240 1522 annis
270 1485 311 1522 id
341 1487 479 1535 egisse,
511 1491 554 1523 ut
585 1498 632 1525 ea
662 1487 831 1524 musicae
862 1485 1110 1524 fundamenta
1140 1490 1311 1535 poneret,
1353 1496 1452 1534 quae
1481 1495 1557 1523 non
1590 1484 1716 1523 solum
1746 1485 1914 1523 numeris

123 1543 331 1587 ,abstractis
370 1545 599 1593 niterentur,
639 1543 707 1582 sed
744 1545 782 1580 in
825 1544 911 1582 aliis
949 1555 1102 1593 quoque
1141 1544 1355 1581 rationibus
1397 1547 1435 1581 et
1473 1543 1757 1592 quantitatibus
1787 1542 1914 1581 locum

127 1601 315 1640 haberent
345 1606 384 1640 et
413 1602 563 1640 auditui
593 1602 872 1640 satisfacerent.
932 1601 1043 1640 Haec
1073 1601 1324 1640 fundamenta
1352 1602 1390 1637 in
1421 1603 1634 1651 geometria
1668 1602 1798 1652 posita
1828 1613 1913 1640 esse

126 1664 251 1708 ratus,
292 1661 516 1710 primarium
555 1662 690 1698 statuit
728 1661 985 1710 propositum,
1031 1659 1258 1698 diametrum
1298 1659 1429 1697 circuli
1471 1664 1508 1698 et
1545 1659 1668 1698 latera
1705 1659 1914 1709 figurarum

130 1717 380 1768 „radicalium
411 1719 615 1758 terminare
645 1723 792 1769 partem
823 1717 954 1757 circuli
986 1723 1262 1758 consonantem
1283 1729 1370 1756 cum
1390 1722 1472 1756 toto
1495 1718 1661 1756 circulo“
1694 1719 1913 1768 pariterque

127 1775 279 1815 chordis
316 1776 366 1816 ad
405 1777 567 1816 eandem
605 1778 790 1815 rationem
830 1776 964 1815 divisis
1002 1776 1109 1814 reddi
1147 1788 1263 1814 sonos
1302 1776 1559 1814 harmonicos.
1629 1776 1689 1814 De
1719 1776 1779 1815 his
1810 1775 1914 1814 divi-

127 1835 302 1872 sionibus
342 1835 575 1874 harmonicis
617 1841 698 1873 tum
728 1835 901 1884 pluribus
930 1836 1059 1884 agitur
1090 1838 1128 1873 et
1156 1834 1230 1874 hae
1262 1838 1371 1872 sunt:
1421 1831 1465 1886 1)
1498 1834 1671 1882 bisectio,
1714 1831 1762 1887 2)
1792 1835 1914 1872 sectio

126 1893 166 1929 in
195 1893 344 1931 ratione
379 1895 399 1930 1
433 1893 483 1931 ad
515 1894 551 1941 2,
585 1890 633 1946 3)
664 1895 704 1930 in
734 1894 881 1931 ratione
916 1894 934 1930 1
969 1892 1018 1930 ad
1051 1893 1087 1940 3,
1122 1889 1169 1945 4)
1205 1895 1224 1930 1
1249 1892 1299 1929 ad
1331 1893 1368 1939 4,
1403 1892 1446 1940 5)
1483 1891 1575 1929 lad
1607 1893 1644 1940 5,
1678 1888 1724 1944 6)
1757 1893 1780 1929 2
1803 1890 1854 1930 ad
1875 1894 1913 1939 3,

127 1954 165 1989 et
200 1947 246 2003 7)
277 1951 398 1989 sectio
429 1952 467 1988 in
497 1951 647 1989 ratione
681 1951 703 1988 5
735 1950 785 1988 ad
817 1952 854 1988 3.
926 1950 1061 1988 Plures
1093 1962 1209 1999 quam
1239 1955 1387 1999 septem
1418 1950 1513 1986 istas
1553 1948 1780 1987 chordarum
1811 1949 1914 1987 divi-

125 2009 254 2047 siones
291 2020 368 2047 non
404 2020 489 2047 esse
528 2010 567 2045 in
609 2009 820 2046 harmonia.
891 2007 975 2046 Has
1012 2018 1104 2046 vero
1144 2007 1370 2054 divisiones,
1413 2007 1606 2056 Keplerus
1634 2007 1776 2055 -refert,
1817 2020 1841 2046 a
1871 2019 1912 2046 se

124 2067 288 2116 primum
318 2066 453 2105 auditu
483 2066 608 2104 indice
639 2068 828 2113 inventaS,
862 2071 899 2104 et
919 2065 1167 2103 fundamenta
1189 2077 1319 2104 earum
1340 2065 1462 2102 multo
1484 2065 1613 2104 labore
1635 2077 1681 2104 ex
1701 2067 1914 2114 geometria

127 2130 237 2163 eruta
267 2136 363 2172 esse,
396 2126 703 2174 sententiamque
735 2136 845 2162 suam
874 2126 912 2161 in
943 2123 1154 2161 Prodromo
1187 2126 1226 2168 (Ι.
1254 2126 1335 2167 139)
1370 2124 1614 2160 enunciatam
1645 2122 1794 2162 refellit.

269 2182 361 2221 Jam
403 2183 449 2222 de
489 2184 680 2221 continuis
715 2182 1027 2232 proportionibus
1069 2178 1299 2219 harmonicis
1339 2192 1458 2229 agens
1498 2181 1742 2230 reprehendit
1771 2193 1914 2231 vagam

126 2240 447 2290 significationem
477 2247 515 2284 (a
533 2263 574 2267 -—
592 2242 614 2277 b
634 2256 641 2277 z
659 2243 681 2276 b
702 2262 740 2267 —
762 2253 781 2277 c
798 2257 843 2271 =
861 2252 906 2276 a:
929 2247 976 2286 c),
1018 2251 1089 2277 nec
1119 2241 1192 2277 nisi
1225 2251 1302 2286 eos,
1335 2240 1400 2286 ait,
1431 2250 1611 2277 numeros
1640 2239 1783 2278 habere
1813 2242 1913 2278 inter

126 2309 168 2336 se
207 2301 493 2349 proportionem
539 2299 818 2345 harmonicam,
865 2299 903 2334 in
947 2297 1086 2346 quibus
1131 2297 1280 2335 medius
1326 2308 1411 2335 cum
1460 2298 1599 2335 exteris
1644 2298 1834 2336 ambobus
1874 2303 1912 2336 et

128 2355 362 2396 differentiae
393 2358 648 2396 membrorum
679 2357 775 2394 inter
805 2367 845 2394 se
875 2356 1044 2393 rationes
1075 2355 1249 2403 forment,
1283 2367 1381 2404 quae
1402 2356 1500 2393 inter
1520 2360 1668 2406 septem
1688 2356 1909 2404 divisiones,

127 2426 227 2464 quae
260 2414 383 2453 dictae
409 2421 508 2463 sunt,
542 2420 745 2453 occurrant
775 2419 842 2452 aut
873 2413 1143 2463 comprehendi
1173 2415 1219 2451 iis
1249 2414 1411 2463 possint.
1454 2413 1555 2452 Vere
1576 2416 1798 2453 continuam
1818 2426 1852 2453 e.
1875 2425 1907 2453 c.

125 2471 360 2511 intercedere
390 2475 676 2522 proportionem
707 2473 805 2510 inter
834 2482 1012 2510 numeros
1044 2472 1110 2520 20,
1147 2472 1208 2518 15,
1249 2473 1320 2520 123
1352 2482 1437 2509 esse
1469 2473 1568 2509 enim
1598 2475 1643 2511 20
1664 2495 1701 2500 -
1725 2475 1764 2511 15
1783 2475 1905 2509 :15-

126 2533 605 2569 12=20:12:5:3
638 2524 1044 2568 eteok15=413
1077 2532 1367 2567 et15212=
1400 2532 1519 2577 5:43
1560 2541 1739 2569 numeros
1777 2533 1910 2568 contra

129 2589 194 2637 35,
220 2589 285 2635 20,
312 2590 363 2625 14
393 2600 468 2627 non
490 2589 626 2627 referre
647 2590 933 2638 proportionem
963 2587 1237 2634 harmonicam,
1271 2588 1449 2636 quamvis
1471 2590 1513 2625 35
1532 2610 1575 2614 —
1591 2590 1635 2624 20
1653 2603 1660 2625 :
1678 2591 1725 2626 20
1740 2610 1783 2616 -—
1806 2590 1848 2625 14
1863 2603 1909 2618 =

127 2650 169 2684 35
195 2661 202 2683 :
229 2649 274 2683 14
298 2662 345 2678 =
369 2649 388 2684 5
414 2662 421 2683 :
448 2649 469 2683 2
497 2646 727 2697 respondeat
756 2646 924 2696 regulae,
958 2650 1089 2684 contra
1120 2649 1163 2684 35
1189 2661 1197 2683 ε
1223 2648 1269 2684 20
1292 2663 1337 2678 --
1361 2649 1382 2683 7
1408 2661 1415 2682 z
1442 2653 1461 2680 4
1488 2651 1523 2681 et
1547 2646 1592 2683 20
1615 2659 1623 2681 :
1653 2647 1695 2681 14
1719 2661 1766 2676 --
1789 2647 1835 2683 10
1857 2659 1865 2681 z
1889 2647 1909 2682 7

127 2715 202 2742 non
234 2709 456 2743 consonent.

264 2761 410 2810 Quarto
453 2763 579 2812 capite
620 2762 706 2800 libri
749 2763 851 2800 tertii
887 2761 1078 2810 Keplerus
1119 2762 1244 2810 pergit
1282 2760 1331 2798 ad
1371 2760 1575 2799 discrimen
1614 2761 1713 2797 inter
1752 2764 1910 2797 acutum

127 2823 165 2857 et
189 2830 319 2868 grave,
351 2819 470 2858 altum
502 2826 539 2858 et
568 2819 812 2870 profundum,
846 2821 942 2858 inter
972 2818 1176 2857 intervalla
1207 2820 1392 2856 concinna
1423 2824 1462 2856 et
1492 2828 1662 2856 consona
1692 2818 1730 2854 in
1762 2818 1909 2855 musica

128 2881 166 2914 et
195 2876 291 2915 haec
320 2879 486 2916 numeris
523 2890 592 2927 per
629 2878 794 2917 tabellas
833 2882 1047 2926 comparat,
1088 2876 1137 2914 ad
1176 2888 1274 2925 quac
1306 2875 1570 2914 annotandum
1600 2879 1675 2923 est,
1717 2874 1907 2913 hocloco

129 2938 166 2972 et
186 2936 478 2983 insequentibus
499 2948 614 2974 voces
636 2936 818 2986 duplum,
844 2935 1070 2979 dimidium,
1092 2935 1317 2983 subtractio,
1349 2935 1501 2972 additio
1536 2935 1573 2970 in
1595 2933 1908 2982 proportionibus

127 2993 278 3041 signare
310 2993 514 3041 quadrare,
546 2994 712 3032 radicem
745 2993 971 3042 quadratam
1002 2992 1210 3039 extrahere,
1251 2992 1434 3040 dividere,
1474 2990 1742 3040 multiplicare.
1776 3012 1830 3018 —
1861 2990 1904 3027 In

128 3050 202 3088 hoc
240 3051 366 3100 capite
406 3052 615 3101 explicatas
652 3053 767 3090 etiam
804 3051 978 3090 videmus
1010 3062 1147 3088 voces:
1189 3056 1317 3098 tonus,
1359 3055 1476 3089 tonus
1514 3050 1656 3097 major,
1697 3049 1904 3099 perfectm,

128 3109 272 3157 minor,
302 3111 568 3159 semitonium,
600 3110 724 3158 diesis,
757 3121 922 3149 comma.
