<?xml version="1.0" encoding="UTF-8"?>
<!DOCTYPE html PUBLIC "-//W3C//DTD XHTML 1.0 Transitional//EN"
    "http://www.w3.org/TR/xhtml1/DTD/xhtml1-transitional.dtd">
<html xmlns="http://www.w3.org/1999/xhtml" xml:lang="en" lang="en">
 <head>
  <title>
</title>
<meta http-equiv="Content-Type" content="text/html;charset=utf-8" />
  <meta name='ocr-system' content='tesseract 3.04.00' />
  <meta name='ocr-capabilities' content='ocr_page ocr_carea ocr_par ocr_line ocrx_word'/>
</head>
<body>
  <div class='ocr_page' id='page_1' title='image "./operaomniaedidit05kepluoft_0272.png"; bbox 0 0 1994 3276; ppageno 0'>
   <div class='ocr_carea' id='block_1_1' title="bbox 132 90 1380 137">
    <p class='ocr_par' dir='ltr' id='par_1_1' title="bbox 132 90 1380 137">
     <span class='ocr_line' id='line_1_1' title="bbox 132 90 1380 137; baseline 0.001 -9"><span class='ocrx_word' id='word_1_1' title='bbox 132 94 218 133; x_wconf 77' lang='lat'>254</span> <span class='ocrx_word' id='word_1_2' title='bbox 689 91 745 127; x_wconf 91' lang='lat' dir='ltr'>De</span> <span class='ocrx_word' id='word_1_3' title='bbox 770 90 1119 137; x_wconf 79' lang='lat' dir='ltr'>configurationibus</span> <span class='ocrx_word' id='word_1_4' title='bbox 1144 92 1380 129; x_wconf 79' lang='lat' dir='ltr'>Harmonicis.</span> 
     </span>
    </p>
   </div>
   <div class='ocr_carea' id='block_1_2' title="bbox 76 209 1994 2761">
    <p class='ocr_par' dir='ltr' id='par_1_2' title="bbox 76 209 1929 610">
     <span class='ocr_line' id='line_1_2' title="bbox 247 209 1928 262; baseline 0.002 -15"><span class='ocrx_word' id='word_1_5' title='bbox 247 209 326 248; x_wconf 87' lang='lat' dir='ltr'>Hic</span> <span class='ocrx_word' id='word_1_6' title='bbox 359 209 472 248; x_wconf 90' lang='lat' dir='ltr'>valde</span> <span class='ocrx_word' id='word_1_7' title='bbox 502 221 565 248; x_wconf 92' lang='lat' dir='ltr'>me</span> <span class='ocrx_word' id='word_1_8' title='bbox 596 209 839 249; x_wconf 87' lang='lat' dir='ltr'>confirmavit</span> <span class='ocrx_word' id='word_1_9' title='bbox 868 210 908 248; x_wconf 89' lang='lat' dir='ltr'>id</span> <span class='ocrx_word' id='word_1_10' title='bbox 938 212 1085 260; x_wconf 87' lang='lat' dir='ltr'>ipsum,</span> <span class='ocrx_word' id='word_1_11' title='bbox 1123 211 1228 261; x_wconf 88' lang='lat' dir='ltr'>quod</span> <span class='ocrx_word' id='word_1_12' title='bbox 1259 211 1379 250; x_wconf 88' lang='lat' dir='ltr'>alium</span> <span class='ocrx_word' id='word_1_13' title='bbox 1409 212 1583 262; x_wconf 81' lang='lat' dir='ltr'>aliquem</span> <span class='ocrx_word' id='word_1_14' title='bbox 1614 213 1826 251; x_wconf 77' lang='lat' dir='ltr'>absterrere</span> <span class='ocrx_word' id='word_1_15' title='bbox 1854 223 1928 262; x_wconf 89' lang='lat' dir='ltr'>po-</span> 
     </span>
     <span class='ocr_line' id='line_1_3' title="bbox 133 268 1929 321; baseline 0.001 -15"><span class='ocrx_word' id='word_1_16' title='bbox 133 269 217 314; x_wconf 91' lang='lat' dir='ltr'>tuit,</span> <span class='ocrx_word' id='word_1_17' title='bbox 250 268 398 307; x_wconf 85' lang='lat' dir='ltr'>scilicet</span> <span class='ocrx_word' id='word_1_18' title='bbox 429 268 534 317; x_wconf 90' lang='lat' dir='ltr'>quod</span> <span class='ocrx_word' id='word_1_19' title='bbox 563 279 642 306; x_wconf 90' lang='lat' dir='ltr'>non</span> <span class='ocrx_word' id='word_1_20' title='bbox 671 280 822 320; x_wconf 83' lang='lat' dir='ltr'><strong>semper</strong></span> <span class='ocrx_word' id='word_1_21' title='bbox 851 269 902 306; x_wconf 90' lang='lat' dir='ltr'>ad</span> <span class='ocrx_word' id='word_1_22' title='bbox 932 270 1118 307; x_wconf 80' lang='lat' dir='ltr'><strong>amussim</strong></span> <span class='ocrx_word' id='word_1_23' title='bbox 1148 270 1382 319; x_wconf 86' lang='lat' dir='ltr'>respondent</span> <span class='ocrx_word' id='word_1_24' title='bbox 1411 273 1687 309; x_wconf 81' lang='lat' dir='ltr'>commotiones</span> <span class='ocrx_word' id='word_1_25' title='bbox 1718 275 1929 321; x_wconf 88' lang='lat' dir='ltr'>tempesta-</span> 
     </span>
     <span class='ocr_line' id='line_1_4' title="bbox 76 326 1928 378; baseline 0.001 -14"><span class='ocrx_word' id='word_1_26' title='bbox 76 327 85 335; x_wconf 88' lang='lat'><strong><em>‘</em></strong></span> <span class='ocrx_word' id='word_1_27' title='bbox 132 334 214 364; x_wconf 85' lang='lat' dir='ltr'>tum</span> <span class='ocrx_word' id='word_1_28' title='bbox 250 327 492 376; x_wconf 82' lang='lat' dir='ltr'>aspectibus3</span> <span class='ocrx_word' id='word_1_29' title='bbox 524 326 594 365; x_wconf 85' lang='lat' dir='ltr'>sed</span> <span class='ocrx_word' id='word_1_30' title='bbox 615 327 735 365; x_wconf 88' lang='lat' dir='ltr'>Terra</span> <span class='ocrx_word' id='word_1_31' title='bbox 765 327 929 365; x_wconf 85' lang='lat' dir='ltr'>subinde</span> <span class='ocrx_word' id='word_1_32' title='bbox 962 329 1093 377; x_wconf 86' lang='lat' dir='ltr'>segnis</span> <span class='ocrx_word' id='word_1_33' title='bbox 1127 328 1277 366; x_wconf 84' lang='lat' dir='ltr'>videtur</span> <span class='ocrx_word' id='word_1_34' title='bbox 1307 335 1345 366; x_wconf 89' lang='lat' dir='ltr'>et</span> <span class='ocrx_word' id='word_1_35' title='bbox 1376 334 1603 377; x_wconf 80' lang='lat' dir='ltr'>contumax,</span> <span class='ocrx_word' id='word_1_36' title='bbox 1647 328 1727 378; x_wconf 75' lang='lat' dir='ltr'>aliq</span> <span class='ocrx_word' id='word_1_37' title='bbox 1756 335 1928 378; x_wconf 89' lang='lat' dir='ltr'>tempore</span> 
     </span>
     <span class='ocr_line' id='line_1_5' title="bbox 132 383 1928 439; baseline 0.001 -17"><span class='ocrx_word' id='word_1_38' title='bbox 132 383 295 436; x_wconf 87' lang='lat' dir='ltr'>(scilicet</span> <span class='ocrx_word' id='word_1_39' title='bbox 324 390 414 434; x_wconf 90' lang='lat' dir='ltr'>post</span> <span class='ocrx_word' id='word_1_40' title='bbox 443 396 582 434; x_wconf 87' lang='lat' dir='ltr'>graves</span> <span class='ocrx_word' id='word_1_41' title='bbox 615 390 653 424; x_wconf 90' lang='lat' dir='ltr'>et</span> <span class='ocrx_word' id='word_1_42' title='bbox 684 385 883 424; x_wconf 86' lang='lat' dir='ltr'>diuturnas</span> <span class='ocrx_word' id='word_1_43' title='bbox 914 383 1261 439; x_wconf 80' lang='lat' dir='ltr'>configurationes)</span> <span class='ocrx_word' id='word_1_44' title='bbox 1293 387 1540 434; x_wconf 80' lang='lat' dir='ltr'>exacerbata,</span> <span class='ocrx_word' id='word_1_45' title='bbox 1574 387 1751 437; x_wconf 83' lang='lat' dir='ltr'><strong>indulget</strong></span> <span class='ocrx_word' id='word_1_46' title='bbox 1780 398 1928 437; x_wconf 90' lang='lat' dir='ltr'>evapo-</span> 
     </span>
     <span class='ocr_line' id='line_1_6' title="bbox 131 442 1928 497; baseline 0.001 -18"><span class='ocrx_word' id='word_1_47' title='bbox 131 444 358 490; x_wconf 77' lang='lat' dir='ltr'>rationibus,</span> <span class='ocrx_word' id='word_1_48' title='bbox 391 445 507 481; x_wconf 87' lang='lat' dir='ltr'>etiam</span> <span class='ocrx_word' id='word_1_49' title='bbox 536 444 622 496; x_wconf 29' lang='lat' dir='ltr'>‚sine</span> <span class='ocrx_word' id='word_1_50' title='bbox 653 449 881 493; x_wconf 82' lang='lat' dir='ltr'>aspectuum</span> <span class='ocrx_word' id='word_1_51' title='bbox 911 442 1212 482; x_wconf 76' lang='lat' dir='ltr'>centinuatione.</span> <span class='ocrx_word' id='word_1_52' title='bbox 1254 444 1339 482; x_wconf 92' lang='lat' dir='ltr'>Non</span> <span class='ocrx_word' id='word_1_53' title='bbox 1373 451 1431 482; x_wconf 87' lang='lat' dir='ltr'>est</span> <span class='ocrx_word' id='word_1_54' title='bbox 1461 447 1604 497; x_wconf 82' lang='lat' dir='ltr'>quippe</span> <span class='ocrx_word' id='word_1_55' title='bbox 1635 445 1755 483; x_wconf 88' lang='lat' dir='ltr'>Terra</span> <span class='ocrx_word' id='word_1_56' title='bbox 1786 445 1928 484; x_wconf 88' lang='lat' dir='ltr'>animal</span> 
     </span>
     <span class='ocr_line' id='line_1_7' title="bbox 132 501 1928 553; baseline 0.002 -14"><span class='ocrx_word' id='word_1_57' title='bbox 132 501 221 548; x_wconf 89' lang='lat' dir='ltr'>tale,</span> <span class='ocrx_word' id='word_1_58' title='bbox 255 501 369 551; x_wconf 86' lang='lat' dir='ltr'>quale-</span> <span class='ocrx_word' id='word_1_59' title='bbox 402 503 527 549; x_wconf 87' lang='lat' dir='ltr'>canis,</span> <span class='ocrx_word' id='word_1_60' title='bbox 560 501 610 539; x_wconf 90' lang='lat' dir='ltr'>ad</span> <span class='ocrx_word' id='word_1_61' title='bbox 640 503 793 540; x_wconf 79' lang='lat' dir='ltr'>‘omnem</span> <span class='ocrx_word' id='word_1_62' title='bbox 824 508 958 540; x_wconf 89' lang='lat' dir='ltr'>nutum</span> <span class='ocrx_word' id='word_1_63' title='bbox 990 507 1229 551; x_wconf 84' lang='lat' dir='ltr'>promptum,</span> <span class='ocrx_word' id='word_1_64' title='bbox 1271 502 1337 540; x_wconf 89' lang='lat' dir='ltr'>sed</span> <span class='ocrx_word' id='word_1_65' title='bbox 1369 503 1469 551; x_wconf 89' lang='lat' dir='ltr'>tale,</span> <span class='ocrx_word' id='word_1_66' title='bbox 1502 503 1616 553; x_wconf 87' lang='lat' dir='ltr'>quale</span> <span class='ocrx_word' id='word_1_67' title='bbox 1647 504 1718 542; x_wconf 89' lang='lat' dir='ltr'>bos</span> <span class='ocrx_word' id='word_1_68' title='bbox 1749 507 1818 541; x_wconf 80' lang='lat' dir='ltr'>aut</span> <span class='ocrx_word' id='word_1_69' title='bbox 1847 502 1928 542; x_wconf 83' lang='lat' dir='ltr'>ele-</span> 
     </span>
     <span class='ocr_line' id='line_1_8' title="bbox 132 559 1472 610; baseline 0.001 -13"><span class='ocrx_word' id='word_1_70' title='bbox 132 560 241 610; x_wconf 86' lang='lat' dir='ltr'>phas,</span> <span class='ocrx_word' id='word_1_71' title='bbox 260 560 426 599; x_wconf 30' lang='lat' dir='ltr'>:tardum</span> <span class='ocrx_word' id='word_1_72' title='bbox 457 559 507 598; x_wconf 90' lang='lat' dir='ltr'>ad</span> <span class='ocrx_word' id='word_1_73' title='bbox 538 561 633 598; x_wconf 91' lang='lat' dir='ltr'>iram</span> <span class='ocrx_word' id='word_1_74' title='bbox 665 566 851 609; x_wconf 87' lang='lat' dir='ltr'>tantoque</span> <span class='ocrx_word' id='word_1_75' title='bbox 882 560 1101 607; x_wconf 86' lang='lat' dir='ltr'>violentius,</span> <span class='ocrx_word' id='word_1_76' title='bbox 1136 573 1222 598; x_wconf 91' lang='lat' dir='ltr'>cum</span> <span class='ocrx_word' id='word_1_77' title='bbox 1253 560 1472 599; x_wconf 79' lang='lat' dir='ltr'>excanduit.</span> 
     </span>
    </p>

    <p class='ocr_par' dir='ltr' id='par_1_3' title="bbox 131 617 1931 1309">
     <span class='ocr_line' id='line_1_9' title="bbox 249 617 1928 669; baseline 0 -13"><span class='ocrx_word' id='word_1_78' title='bbox 249 617 358 666; x_wconf 83' lang='lat' dir='ltr'>Quae</span> <span class='ocrx_word' id='word_1_79' title='bbox 389 617 571 667; x_wconf 87' lang='lat' dir='ltr'>analogia</span> <span class='ocrx_word' id='word_1_80' title='bbox 612 629 699 656; x_wconf 88' lang='lat' dir='ltr'>cum</span> <span class='ocrx_word' id='word_1_81' title='bbox 739 618 963 657; x_wconf 79' lang='lat' dir='ltr'>succederet</span> <span class='ocrx_word' id='word_1_82' title='bbox 993 618 1134 666; x_wconf 84' lang='lat' dir='ltr'>effecit,</span> <span class='ocrx_word' id='word_1_83' title='bbox 1178 624 1221 657; x_wconf 91' lang='lat' dir='ltr'>ut</span> <span class='ocrx_word' id='word_1_84' title='bbox 1263 618 1424 657; x_wconf 90' lang='lat' dir='ltr'>eandem</span> <span class='ocrx_word' id='word_1_85' title='bbox 1464 620 1623 658; x_wconf 85' lang='lat' dir='ltr'>ulterius</span> <span class='ocrx_word' id='word_1_86' title='bbox 1667 630 1928 669; x_wconf 82' lang='lat' dir='ltr'>prosequerer,</span> 
     </span>
     <span class='ocr_line' id='line_1_10' title="bbox 133 677 1928 727; baseline 0.001 -13"><span class='ocrx_word' id='word_1_87' title='bbox 133 687 361 726; x_wconf 85' lang='lat' dir='ltr'>comparans</span> <span class='ocrx_word' id='word_1_88' title='bbox 391 679 508 715; x_wconf 85' lang='lat' dir='ltr'>etiam</span> <span class='ocrx_word' id='word_1_89' title='bbox 538 687 701 726; x_wconf 90' lang='lat' dir='ltr'>corpora</span> <span class='ocrx_word' id='word_1_90' title='bbox 731 679 970 714; x_wconf 83' lang='lat' dir='ltr'>animantum</span> <span class='ocrx_word' id='word_1_91' title='bbox 1001 688 1088 714; x_wconf 90' lang='lat' dir='ltr'>cum</span> <span class='ocrx_word' id='word_1_92' title='bbox 1130 688 1287 726; x_wconf 88' lang='lat' dir='ltr'>corpore</span> <span class='ocrx_word' id='word_1_93' title='bbox 1318 677 1486 716; x_wconf 86' lang='lat' dir='ltr'>Terrae:</span> <span class='ocrx_word' id='word_1_94' title='bbox 1534 677 1714 715; x_wconf 84' lang='lat' dir='ltr'>videbam</span> <span class='ocrx_word' id='word_1_95' title='bbox 1745 677 1928 727; x_wconf 85' lang='lat' dir='ltr'>pleraque</span> 
     </span>
     <span class='ocr_line' id='line_1_11' title="bbox 133 735 1926 784; baseline 0 -12"><span class='ocrx_word' id='word_1_96' title='bbox 133 737 285 782; x_wconf 87' lang='lat' dir='ltr'>omnia,</span> <span class='ocrx_word' id='word_1_97' title='bbox 317 746 418 784; x_wconf 89' lang='lat' dir='ltr'>quae</span> <span class='ocrx_word' id='word_1_98' title='bbox 450 746 497 773; x_wconf 92' lang='lat' dir='ltr'>ex</span> <span class='ocrx_word' id='word_1_99' title='bbox 528 745 687 784; x_wconf 87' lang='lat' dir='ltr'>corpore</span> <span class='ocrx_word' id='word_1_100' title='bbox 717 737 925 772; x_wconf 89' lang='lat' dir='ltr'>animantis</span> <span class='ocrx_word' id='word_1_101' title='bbox 955 736 1226 783; x_wconf 83' lang='lat' dir='ltr'>provenientia</span> <span class='ocrx_word' id='word_1_102' title='bbox 1265 740 1456 773; x_wconf 82' lang='lat' dir='ltr'>testantur</span> <span class='ocrx_word' id='word_1_103' title='bbox 1497 737 1667 774; x_wconf 84' lang='lat' dir='ltr'>animam</span> <span class='ocrx_word' id='word_1_104' title='bbox 1697 737 1734 773; x_wconf 92' lang='lat' dir='ltr'>in</span> <span class='ocrx_word' id='word_1_105' title='bbox 1766 735 1833 773; x_wconf 93' lang='lat' dir='ltr'>illo</span> <span class='ocrx_word' id='word_1_106' title='bbox 1865 737 1926 773; x_wconf 93' lang='lat' dir='ltr'>in—</span> 
     </span>
     <span class='ocr_line' id='line_1_12' title="bbox 133 791 1930 844; baseline 0.001 -14"><span class='ocrx_word' id='word_1_107' title='bbox 133 805 230 840; x_wconf 86' lang='lat' dir='ltr'>esse,</span> <span class='ocrx_word' id='word_1_108' title='bbox 262 795 466 842; x_wconf 88' lang='lat' dir='ltr'>provenire</span> <span class='ocrx_word' id='word_1_109' title='bbox 497 794 614 831; x_wconf 90' lang='lat' dir='ltr'>etiam</span> <span class='ocrx_word' id='word_1_110' title='bbox 647 805 693 831; x_wconf 86' lang='lat' dir='ltr'>ex</span> <span class='ocrx_word' id='word_1_111' title='bbox 723 792 890 832; x_wconf 87' lang='lat' dir='ltr'>Telluris</span> <span class='ocrx_word' id='word_1_112' title='bbox 922 794 1091 842; x_wconf 83' lang='lat' dir='ltr'>corpore.</span> <span class='ocrx_word' id='word_1_113' title='bbox 1146 791 1199 831; x_wconf 88' lang='lat' dir='ltr'>Ut</span> <span class='ocrx_word' id='word_1_114' title='bbox 1229 795 1331 831; x_wconf 92' lang='lat' dir='ltr'>enim</span> <span class='ocrx_word' id='word_1_115' title='bbox 1361 805 1499 844; x_wconf 86' lang='lat' dir='ltr'>corpus</span> <span class='ocrx_word' id='word_1_116' title='bbox 1530 796 1569 831; x_wconf 92' lang='lat' dir='ltr'>in</span> <span class='ocrx_word' id='word_1_117' title='bbox 1600 794 1698 832; x_wconf 84' lang='lat' dir='ltr'>cutis</span> <span class='ocrx_word' id='word_1_118' title='bbox 1728 793 1930 843; x_wconf 85' lang='lat' dir='ltr'>superficie</span> 
     </span>
     <span class='ocr_line' id='line_1_13' title="bbox 132 850 1927 901; baseline 0.001 -13"><span class='ocrx_word' id='word_1_119' title='bbox 132 850 245 901; x_wconf 90' lang='lat' dir='ltr'>pilos,</span> <span class='ocrx_word' id='word_1_120' title='bbox 277 853 334 890; x_wconf 89' lang='lat' dir='ltr'>sic</span> <span class='ocrx_word' id='word_1_121' title='bbox 366 851 486 890; x_wconf 88' lang='lat' dir='ltr'>Terra</span> <span class='ocrx_word' id='word_1_122' title='bbox 515 851 671 900; x_wconf 87' lang='lat' dir='ltr'>plantas</span> <span class='ocrx_word' id='word_1_123' title='bbox 702 852 937 900; x_wconf 83' lang='lat' dir='ltr'>arboresque</span> <span class='ocrx_word' id='word_1_124' title='bbox 968 852 1111 901; x_wconf 82' lang='lat' dir='ltr'>profert</span> <span class='ocrx_word' id='word_1_125' title='bbox 1141 853 1258 900; x_wconf 89' lang='lat' dir='ltr'>inque</span> <span class='ocrx_word' id='word_1_126' title='bbox 1290 854 1335 890; x_wconf 89' lang='lat' dir='ltr'>iis</span> <span class='ocrx_word' id='word_1_127' title='bbox 1364 853 1421 890; x_wconf 89' lang='lat' dir='ltr'>ibi</span> <span class='ocrx_word' id='word_1_128' title='bbox 1450 851 1640 901; x_wconf 87' lang='lat' dir='ltr'>pediculi,</span> <span class='ocrx_word' id='word_1_129' title='bbox 1683 852 1746 890; x_wconf 91' lang='lat' dir='ltr'>hic</span> <span class='ocrx_word' id='word_1_130' title='bbox 1777 862 1927 898; x_wconf 91' lang='lat' dir='ltr'>erucae,</span> 
     </span>
     <span class='ocr_line' id='line_1_14' title="bbox 133 909 1927 960; baseline 0 -13"><span class='ocrx_word' id='word_1_131' title='bbox 133 909 290 947; x_wconf 85' lang='lat' dir='ltr'>cicadae</span> <span class='ocrx_word' id='word_1_132' title='bbox 320 911 510 959; x_wconf 87' lang='lat' dir='ltr'>variaque</span> <span class='ocrx_word' id='word_1_133' title='bbox 541 911 689 947; x_wconf 88' lang='lat' dir='ltr'>insecta</span> <span class='ocrx_word' id='word_1_134' title='bbox 720 915 758 948; x_wconf 90' lang='lat' dir='ltr'>et</span> <span class='ocrx_word' id='word_1_135' title='bbox 779 916 950 947; x_wconf 87' lang='lat' dir='ltr'>monstra</span> <span class='ocrx_word' id='word_1_136' title='bbox 980 911 1129 947; x_wconf 88' lang='lat' dir='ltr'>marina</span> <span class='ocrx_word' id='word_1_137' title='bbox 1150 915 1383 958; x_wconf 72' lang='lat' dir='ltr'>nascuntur,</span> <span class='ocrx_word' id='word_1_138' title='bbox 1415 916 1454 948; x_wconf 87' lang='lat' dir='ltr'>et</span> <span class='ocrx_word' id='word_1_139' title='bbox 1485 917 1526 948; x_wconf 89' lang='lat' dir='ltr'>nt</span> <span class='ocrx_word' id='word_1_140' title='bbox 1557 921 1695 960; x_wconf 88' lang='lat' dir='ltr'>corpus</span> <span class='ocrx_word' id='word_1_141' title='bbox 1725 910 1927 960; x_wconf 85' lang='lat' dir='ltr'>lacrymas,</span> 
     </span>
     <span class='ocr_line' id='line_1_15' title="bbox 134 967 1930 1018; baseline 0.001 -13"><span class='ocrx_word' id='word_1_142' title='bbox 134 967 313 1006; x_wconf 87' lang='lat' dir='ltr'>hlennam</span> <span class='ocrx_word' id='word_1_143' title='bbox 342 970 571 1017; x_wconf 88' lang='lat' dir='ltr'>auriumque</span> <span class='ocrx_word' id='word_1_144' title='bbox 601 973 850 1015; x_wconf 87' lang='lat' dir='ltr'>recrementa,</span> <span class='ocrx_word' id='word_1_145' title='bbox 884 972 942 1005; x_wconf 92' lang='lat' dir='ltr'>est</span> <span class='ocrx_word' id='word_1_146' title='bbox 974 968 1040 1005; x_wconf 93' lang='lat' dir='ltr'>ubi</span> <span class='ocrx_word' id='word_1_147' title='bbox 1072 974 1110 1005; x_wconf 90' lang='lat' dir='ltr'>et</span> <span class='ocrx_word' id='word_1_148' title='bbox 1139 969 1284 1016; x_wconf 89' lang='lat' dir='ltr'>gummi</span> <span class='ocrx_word' id='word_1_149' title='bbox 1316 980 1362 1006; x_wconf 87' lang='lat' dir='ltr'>ex</span> <span class='ocrx_word' id='word_1_150' title='bbox 1393 968 1504 1006; x_wconf 87' lang='lat' dir='ltr'>faciei</span> <span class='ocrx_word' id='word_1_151' title='bbox 1535 968 1716 1018; x_wconf 88' lang='lat' dir='ltr'>pustulis,</span> <span class='ocrx_word' id='word_1_152' title='bbox 1748 970 1806 1006; x_wconf 90' lang='lat' dir='ltr'>sic</span> <span class='ocrx_word' id='word_1_153' title='bbox 1835 968 1930 1006; x_wconf 85' lang='lat' dir='ltr'>Tel·-</span> 
     </span>
     <span class='ocr_line' id='line_1_16' title="bbox 131 1025 1931 1075; baseline 0 -11"><span class='ocrx_word' id='word_1_154' title='bbox 131 1025 193 1064; x_wconf 89' lang='lat' dir='ltr'>lus</span> <span class='ocrx_word' id='word_1_155' title='bbox 225 1026 430 1074; x_wconf 90' lang='lat' dir='ltr'>electrum,</span> <span class='ocrx_word' id='word_1_156' title='bbox 464 1027 657 1075; x_wconf 81' lang='lat' dir='ltr'>bitumen3</span> <span class='ocrx_word' id='word_1_157' title='bbox 698 1031 816 1075; x_wconf 91' lang='lat' dir='ltr'>utque</span> <span class='ocrx_word' id='word_1_158' title='bbox 846 1026 979 1064; x_wconf 88' lang='lat' dir='ltr'>vesica</span> <span class='ocrx_word' id='word_1_159' title='bbox 1009 1027 1177 1074; x_wconf 90' lang='lat' dir='ltr'>urinam,</span> <span class='ocrx_word' id='word_1_160' title='bbox 1221 1027 1275 1064; x_wconf 90' lang='lat' dir='ltr'>sic</span> <span class='ocrx_word' id='word_1_161' title='bbox 1305 1032 1455 1065; x_wconf 89' lang='lat' dir='ltr'>montes</span> <span class='ocrx_word' id='word_1_162' title='bbox 1485 1027 1644 1064; x_wconf 85' lang='lat' dir='ltr'>flumina</span> <span class='ocrx_word' id='word_1_163' title='bbox 1673 1025 1860 1075; x_wconf 82' lang='lat' dir='ltr'>fundunt3</span> <span class='ocrx_word' id='word_1_164' title='bbox 1893 1031 1931 1064; x_wconf 91' lang='lat' dir='ltr'>et</span> 
     </span>
     <span class='ocr_line' id='line_1_17' title="bbox 133 1083 1931 1135; baseline 0 -13"><span class='ocrx_word' id='word_1_165' title='bbox 133 1090 177 1122; x_wconf 92' lang='lat' dir='ltr'>ut</span> <span class='ocrx_word' id='word_1_166' title='bbox 206 1096 345 1134; x_wconf 86' lang='lat' dir='ltr'>corpus</span> <span class='ocrx_word' id='word_1_167' title='bbox 377 1091 661 1123; x_wconf 85' lang='lat' dir='ltr'>excrementum</span> <span class='ocrx_word' id='word_1_168' title='bbox 682 1083 880 1134; x_wconf 87' lang='lat' dir='ltr'>sulphurei</span> <span class='ocrx_word' id='word_1_169' title='bbox 910 1083 1038 1122; x_wconf 87' lang='lat' dir='ltr'>odoris</span> <span class='ocrx_word' id='word_1_170' title='bbox 1060 1086 1316 1134; x_wconf 84' lang='lat' dir='ltr'>crepitusque,</span> <span class='ocrx_word' id='word_1_171' title='bbox 1347 1086 1412 1134; x_wconf 92' lang='lat' dir='ltr'>qui</span> <span class='ocrx_word' id='word_1_172' title='bbox 1443 1086 1560 1123; x_wconf 89' lang='lat' dir='ltr'>etiam</span> <span class='ocrx_word' id='word_1_173' title='bbox 1581 1084 1808 1123; x_wconf 87' lang='lat' dir='ltr'>inflammari</span> <span class='ocrx_word' id='word_1_174' title='bbox 1836 1095 1931 1135; x_wconf 88' lang='lat' dir='ltr'>pos-</span> 
     </span>
     <span class='ocr_line' id='line_1_18' title="bbox 134 1142 1930 1193; baseline -0.001 -13"><span class='ocrx_word' id='word_1_175' title='bbox 134 1148 235 1191; x_wconf 89' lang='lat' dir='ltr'>sunt,</span> <span class='ocrx_word' id='word_1_176' title='bbox 268 1144 325 1180; x_wconf 89' lang='lat' dir='ltr'>sic</span> <span class='ocrx_word' id='word_1_177' title='bbox 355 1142 474 1181; x_wconf 88' lang='lat' dir='ltr'>Terra</span> <span class='ocrx_word' id='word_1_178' title='bbox 504 1142 678 1192; x_wconf 86' lang='lat' dir='ltr'>sulphur,</span> <span class='ocrx_word' id='word_1_179' title='bbox 710 1144 820 1192; x_wconf 88' lang='lat' dir='ltr'>ignes</span> <span class='ocrx_word' id='word_1_180' title='bbox 850 1142 1143 1190; x_wconf 86' lang='lat' dir='ltr'>subterraneos,</span> <span class='ocrx_word' id='word_1_181' title='bbox 1176 1145 1364 1189; x_wconf 88' lang='lat' dir='ltr'>tonitrua,</span> <span class='ocrx_word' id='word_1_182' title='bbox 1396 1143 1564 1193; x_wconf 83' lang='lat' dir='ltr'>fulgura:</span> <span class='ocrx_word' id='word_1_183' title='bbox 1595 1149 1718 1192; x_wconf 87' lang='lat' dir='ltr'>utque</span> <span class='ocrx_word' id='word_1_184' title='bbox 1749 1145 1787 1179; x_wconf 91' lang='lat' dir='ltr'>in</span> <span class='ocrx_word' id='word_1_185' title='bbox 1820 1143 1930 1180; x_wconf 89' lang='lat' dir='ltr'>venis</span> 
     </span>
     <span class='ocr_line' id='line_1_19' title="bbox 135 1199 1930 1250; baseline 0 -11"><span class='ocrx_word' id='word_1_186' title='bbox 135 1202 343 1239; x_wconf 86' lang='lat' dir='ltr'>animantis</span> <span class='ocrx_word' id='word_1_187' title='bbox 374 1207 579 1250; x_wconf 88' lang='lat' dir='ltr'>generatur</span> <span class='ocrx_word' id='word_1_188' title='bbox 608 1200 767 1250; x_wconf 65' lang='lat' dir='ltr'>sangnis</span> <span class='ocrx_word' id='word_1_189' title='bbox 800 1206 945 1239; x_wconf 91' lang='lat' dir='ltr'>etcum</span> <span class='ocrx_word' id='word_1_190' title='bbox 974 1211 1020 1238; x_wconf 92' lang='lat' dir='ltr'>eo</span> <span class='ocrx_word' id='word_1_191' title='bbox 1052 1199 1180 1247; x_wconf 86' lang='lat' dir='ltr'>sudor,</span> <span class='ocrx_word' id='word_1_192' title='bbox 1215 1206 1321 1239; x_wconf 89' lang='lat' dir='ltr'>extra</span> <span class='ocrx_word' id='word_1_193' title='bbox 1342 1212 1480 1250; x_wconf 88' lang='lat' dir='ltr'>corpus</span> <span class='ocrx_word' id='word_1_194' title='bbox 1513 1201 1670 1250; x_wconf 84' lang='lat' dir='ltr'>ejectus,</span> <span class='ocrx_word' id='word_1_195' title='bbox 1702 1202 1758 1239; x_wconf 88' lang='lat' dir='ltr'>sic</span> <span class='ocrx_word' id='word_1_196' title='bbox 1789 1202 1828 1238; x_wconf 88' lang='lat' dir='ltr'>in</span> <span class='ocrx_word' id='word_1_197' title='bbox 1859 1212 1930 1239; x_wconf 84' lang='lat' dir='ltr'>ve-</span> 
     </span>
     <span class='ocr_line' id='line_1_20' title="bbox 134 1258 1745 1309; baseline 0.001 -13"><span class='ocrx_word' id='word_1_198' title='bbox 134 1261 202 1307; x_wconf 43' lang='lat' dir='ltr'>nis,</span> <span class='ocrx_word' id='word_1_199' title='bbox 224 1258 365 1298; x_wconf 88' lang='lat' dir='ltr'>Terrae</span> <span class='ocrx_word' id='word_1_200' title='bbox 395 1258 554 1298; x_wconf 89' lang='lat' dir='ltr'>metalla</span> <span class='ocrx_word' id='word_1_201' title='bbox 586 1264 624 1297; x_wconf 90' lang='lat' dir='ltr'>et</span> <span class='ocrx_word' id='word_1_202' title='bbox 653 1259 804 1297; x_wconf 86' lang='lat' dir='ltr'>fossilia</span> <span class='ocrx_word' id='word_1_203' title='bbox 837 1270 1034 1309; x_wconf 83' lang='lat' dir='ltr'>vaporque</span> <span class='ocrx_word' id='word_1_204' title='bbox 1065 1258 1233 1309; x_wconf 90' lang='lat' dir='ltr'>pluvius.</span> <span class='ocrx_word' id='word_1_205' title='bbox 1743 1258 1745 1260; x_wconf 77' lang='grc'><strong>’</strong></span> 
     </span>
    </p>

    <p class='ocr_par' dir='ltr' id='par_1_4' title="bbox 134 1316 1933 1658">
     <span class='ocr_line' id='line_1_21' title="bbox 251 1316 1926 1367; baseline -0.001 -12"><span class='ocrx_word' id='word_1_206' title='bbox 251 1316 414 1367; x_wconf 89' lang='lat' dir='ltr'>Oportet</span> <span class='ocrx_word' id='word_1_207' title='bbox 443 1319 581 1367; x_wconf 91' lang='lat' dir='ltr'>igitur,</span> <span class='ocrx_word' id='word_1_208' title='bbox 614 1322 657 1355; x_wconf 93' lang='lat' dir='ltr'>ut</span> <span class='ocrx_word' id='word_1_209' title='bbox 687 1319 788 1355; x_wconf 87' lang='lat' dir='ltr'>sicut</span> <span class='ocrx_word' id='word_1_210' title='bbox 807 1318 1030 1355; x_wconf 65' lang='lat' dir='ltr'>„animantia</span> <span class='ocrx_word' id='word_1_211' title='bbox 1060 1317 1209 1366; x_wconf 89' lang='lat' dir='ltr'>reliqua</span> <span class='ocrx_word' id='word_1_212' title='bbox 1240 1317 1368 1354; x_wconf 90' lang='lat' dir='ltr'>cibum</span> <span class='ocrx_word' id='word_1_213' title='bbox 1397 1321 1612 1367; x_wconf 88' lang='lat' dir='ltr'>potumque</span> <span class='ocrx_word' id='word_1_214' title='bbox 1643 1317 1838 1364; x_wconf 91' lang='lat' dir='ltr'>hauriunt,</span> <span class='ocrx_word' id='word_1_215' title='bbox 1869 1317 1926 1354; x_wconf 90' lang='lat' dir='ltr'>sic</span> 
     </span>
     <span class='ocr_line' id='line_1_22' title="bbox 136 1374 1931 1425; baseline -0.001 -11"><span class='ocrx_word' id='word_1_216' title='bbox 136 1377 254 1414; x_wconf 89' lang='lat' dir='ltr'>etiam</span> <span class='ocrx_word' id='word_1_217' title='bbox 284 1375 418 1414; x_wconf 85' lang='lat' dir='ltr'>Tellus</span> <span class='ocrx_word' id='word_1_218' title='bbox 449 1375 651 1414; x_wconf 87' lang='lat' dir='ltr'>canalibus</span> <span class='ocrx_word' id='word_1_219' title='bbox 683 1377 796 1414; x_wconf 89' lang='lat' dir='ltr'>certis</span> <span class='ocrx_word' id='word_1_220' title='bbox 827 1374 975 1425; x_wconf 90' lang='lat' dir='ltr'>aliquid</span> <span class='ocrx_word' id='word_1_221' title='bbox 1005 1377 1188 1413; x_wconf 84' lang='lat' dir='ltr'>materiae</span> <span class='ocrx_word' id='word_1_222' title='bbox 1220 1375 1365 1423; x_wconf 86' lang='lat' dir='ltr'>trahat,</span> <span class='ocrx_word' id='word_1_223' title='bbox 1406 1387 1453 1414; x_wconf 90' lang='lat' dir='ltr'>ex</span> <span class='ocrx_word' id='word_1_224' title='bbox 1483 1387 1563 1424; x_wconf 89' lang='lat' dir='ltr'>qua</span> <span class='ocrx_word' id='word_1_225' title='bbox 1592 1374 1660 1413; x_wconf 86' lang='lat' dir='ltr'>illa</span> <span class='ocrx_word' id='word_1_226' title='bbox 1690 1381 1769 1413; x_wconf 88' lang='lat' dir='ltr'>tam</span> <span class='ocrx_word' id='word_1_227' title='bbox 1798 1374 1931 1420; x_wconf 82' lang='lat' dir='ltr'>multi-</span> 
     </span>
     <span class='ocr_line' id='line_1_23' title="bbox 134 1432 1931 1484; baseline -0.001 -12"><span class='ocrx_word' id='word_1_228' title='bbox 134 1434 254 1484; x_wconf 89' lang='lat' dir='ltr'>plicia</span> <span class='ocrx_word' id='word_1_229' title='bbox 284 1439 497 1483; x_wconf 87' lang='lat' dir='ltr'>excoquat,</span> <span class='ocrx_word' id='word_1_230' title='bbox 541 1435 634 1483; x_wconf 89' lang='lat' dir='ltr'>quia</span> <span class='ocrx_word' id='word_1_231' title='bbox 664 1445 711 1472; x_wconf 87' lang='lat' dir='ltr'>ex</span> <span class='ocrx_word' id='word_1_232' title='bbox 741 1433 862 1471; x_wconf 86' lang='lat' dir='ltr'>nihilo</span> <span class='ocrx_word' id='word_1_233' title='bbox 893 1433 988 1470; x_wconf 91' lang='lat' dir='ltr'>nihil</span> <span class='ocrx_word' id='word_1_234' title='bbox 1019 1432 1080 1482; x_wconf 68' lang='lat' dir='ltr'>fit,</span> <span class='ocrx_word' id='word_1_235' title='bbox 1126 1433 1242 1471; x_wconf 89' lang='lat' dir='ltr'>trahit</span> <span class='ocrx_word' id='word_1_236' title='bbox 1274 1438 1404 1471; x_wconf 90' lang='lat' dir='ltr'>autem</span> <span class='ocrx_word' id='word_1_237' title='bbox 1435 1434 1642 1482; x_wconf 88' lang='lat' dir='ltr'>sorbetque</span> <span class='ocrx_word' id='word_1_238' title='bbox 1674 1445 1816 1483; x_wconf 85' lang='lat' dir='ltr'>aquam</span> <span class='ocrx_word' id='word_1_239' title='bbox 1846 1444 1931 1471; x_wconf 86' lang='lat' dir='ltr'>ma-</span> 
     </span>
     <span class='ocr_line' id='line_1_24' title="bbox 134 1491 1931 1542; baseline -0.001 -12"><span class='ocrx_word' id='word_1_240' title='bbox 134 1495 272 1539; x_wconf 89' lang='lat' dir='ltr'>rinam,</span> <span class='ocrx_word' id='word_1_241' title='bbox 305 1504 406 1542; x_wconf 89' lang='lat' dir='ltr'>quae</span> <span class='ocrx_word' id='word_1_242' title='bbox 438 1504 556 1531; x_wconf 88' lang='lat' dir='ltr'>causa</span> <span class='ocrx_word' id='word_1_243' title='bbox 587 1496 665 1539; x_wconf 88' lang='lat' dir='ltr'>est,</span> <span class='ocrx_word' id='word_1_244' title='bbox 698 1503 764 1530; x_wconf 89' lang='lat' dir='ltr'>cur</span> <span class='ocrx_word' id='word_1_245' title='bbox 795 1493 961 1530; x_wconf 88' lang='lat' dir='ltr'>aeternis</span> <span class='ocrx_word' id='word_1_246' title='bbox 994 1496 1051 1530; x_wconf 89' lang='lat' dir='ltr'>tot</span> <span class='ocrx_word' id='word_1_247' title='bbox 1081 1491 1280 1529; x_wconf 89' lang='lat' dir='ltr'>fluminum</span> <span class='ocrx_word' id='word_1_248' title='bbox 1310 1492 1568 1530; x_wconf 84' lang='lat' dir='ltr'>infusionibus</span> <span class='ocrx_word' id='word_1_249' title='bbox 1598 1503 1704 1530; x_wconf 91' lang='lat' dir='ltr'>mare</span> <span class='ocrx_word' id='word_1_250' title='bbox 1734 1502 1931 1540; x_wconf 86' lang='lat' dir='ltr'>nunquam</span> 
     </span>
     <span class='ocr_line' id='line_1_25' title="bbox 136 1549 1933 1600; baseline -0.001 -12"><span class='ocrx_word' id='word_1_251' title='bbox 136 1550 338 1590; x_wconf 87' lang='lat' dir='ltr'>redundet.</span> <span class='ocrx_word' id='word_1_252' title='bbox 379 1549 455 1588; x_wconf 90' lang='lat' dir='ltr'>Hic</span> <span class='ocrx_word' id='word_1_253' title='bbox 487 1562 602 1599; x_wconf 87' lang='lat' dir='ltr'>quam</span> <span class='ocrx_word' id='word_1_254' title='bbox 634 1549 791 1588; x_wconf 88' lang='lat' dir='ltr'>absurdi</span> <span class='ocrx_word' id='word_1_255' title='bbox 821 1551 909 1597; x_wconf 83' lang='lat' dir='ltr'>sint,</span> <span class='ocrx_word' id='word_1_256' title='bbox 943 1551 1008 1598; x_wconf 90' lang='lat' dir='ltr'>qui</span> <span class='ocrx_word' id='word_1_257' title='bbox 1040 1549 1197 1587; x_wconf 87' lang='lat' dir='ltr'>metalla</span> <span class='ocrx_word' id='word_1_258' title='bbox 1227 1549 1348 1588; x_wconf 86' lang='lat' dir='ltr'>solius</span> <span class='ocrx_word' id='word_1_259' title='bbox 1379 1549 1482 1588; x_wconf 88' lang='lat' dir='ltr'>Solis</span> <span class='ocrx_word' id='word_1_260' title='bbox 1514 1551 1727 1600; x_wconf 86' lang='lat' dir='ltr'>operationi</span> <span class='ocrx_word' id='word_1_261' title='bbox 1758 1550 1933 1588; x_wconf 90' lang='lat' dir='ltr'>tribuunt</span> 
     </span>
     <span class='ocr_line' id='line_1_26' title="bbox 135 1607 1315 1658; baseline -0.002 -10"><span class='ocrx_word' id='word_1_262' title='bbox 135 1610 233 1648; x_wconf 90' lang='lat' dir='ltr'>citra</span> <span class='ocrx_word' id='word_1_263' title='bbox 263 1608 431 1647; x_wconf 86' lang='lat' dir='ltr'>Telluris</span> <span class='ocrx_word' id='word_1_264' title='bbox 463 1620 632 1658; x_wconf 90' lang='lat' dir='ltr'>operam,</span> <span class='ocrx_word' id='word_1_265' title='bbox 665 1619 711 1646; x_wconf 89' lang='lat' dir='ltr'>ex</span> <span class='ocrx_word' id='word_1_266' title='bbox 742 1607 947 1646; x_wconf 87' lang='lat' dir='ltr'>antedictis</span> <span class='ocrx_word' id='word_1_267' title='bbox 979 1607 1161 1655; x_wconf 76' lang='lat' dir='ltr'>colligere</span> <span class='ocrx_word' id='word_1_268' title='bbox 1191 1613 1315 1656; x_wconf 86' lang='lat' dir='ltr'>potes.</span> 
     </span>
    </p>

    <p class='ocr_par' dir='ltr' id='par_1_5' title="bbox 134 1665 1994 2462">
     <span class='ocr_line' id='line_1_27' title="bbox 249 1665 1931 1717; baseline -0.001 -12"><span class='ocrx_word' id='word_1_269' title='bbox 249 1667 452 1717; x_wconf 88' lang='lat' dir='ltr'>Respondi</span> <span class='ocrx_word' id='word_1_270' title='bbox 489 1668 607 1705; x_wconf 91' lang='lat' dir='ltr'>etiam</span> <span class='ocrx_word' id='word_1_271' title='bbox 636 1668 676 1703; x_wconf 93' lang='lat' dir='ltr'>in</span> <span class='ocrx_word' id='word_1_272' title='bbox 705 1666 804 1705; x_wconf 86' lang='lat' dir='ltr'>libro</span> <span class='ocrx_word' id='word_1_273' title='bbox 837 1665 884 1704; x_wconf 89' lang='lat' dir='ltr'>de</span> <span class='ocrx_word' id='word_1_274' title='bbox 915 1665 1038 1704; x_wconf 81' lang='lat' dir='ltr'>Stella</span> <span class='ocrx_word' id='word_1_275' title='bbox 1066 1666 1181 1704; x_wconf 88' lang='lat' dir='ltr'>Nova</span> <span class='ocrx_word' id='word_1_276' title='bbox 1210 1667 1261 1704; x_wconf 89' lang='lat' dir='ltr'>ad</span> <span class='ocrx_word' id='word_1_277' title='bbox 1293 1665 1492 1715; x_wconf 85' lang='lat' dir='ltr'>vulgarem</span> <span class='ocrx_word' id='word_1_278' title='bbox 1524 1665 1631 1703; x_wconf 84' lang='lat' dir='ltr'>illam</span> <span class='ocrx_word' id='word_1_279' title='bbox 1662 1665 1931 1715; x_wconf 88' lang='lat' dir='ltr'>objectionem,</span> 
     </span>
     <span class='ocr_line' id='line_1_28' title="bbox 136 1723 1932 1774; baseline -0.001 -12"><span class='ocrx_word' id='word_1_280' title='bbox 136 1725 242 1774; x_wconf 89' lang='lat' dir='ltr'>quod</span> <span class='ocrx_word' id='word_1_281' title='bbox 272 1725 410 1774; x_wconf 85' lang='lat' dir='ltr'>Terra,</span> <span class='ocrx_word' id='word_1_282' title='bbox 452 1727 485 1763; x_wconf 89' lang='lat' dir='ltr'>si</span> <span class='ocrx_word' id='word_1_283' title='bbox 516 1727 684 1763; x_wconf 91' lang='lat' dir='ltr'>animam</span> <span class='ocrx_word' id='word_1_284' title='bbox 714 1725 899 1771; x_wconf 60' lang='lat' dir='ltr'>haberet}</span> <span class='ocrx_word' id='word_1_285' title='bbox 941 1725 1058 1762; x_wconf 89' lang='lat' dir='ltr'>etiam</span> <span class='ocrx_word' id='word_1_286' title='bbox 1097 1736 1265 1763; x_wconf 89' lang='lat' dir='ltr'>crescere</span> <span class='ocrx_word' id='word_1_287' title='bbox 1306 1724 1446 1762; x_wconf 89' lang='lat' dir='ltr'>debere</span> <span class='ocrx_word' id='word_1_288' title='bbox 1478 1723 1655 1762; x_wconf 85' lang='lat' dir='ltr'>videatur</span> <span class='ocrx_word' id='word_1_289' title='bbox 1684 1725 1932 1773; x_wconf 88' lang='lat' dir='ltr'>membraque</span> 
     </span>
     <span class='ocr_line' id='line_1_29' title="bbox 134 1781 1930 1834; baseline -0.002 -13"><span class='ocrx_word' id='word_1_290' title='bbox 134 1785 256 1822; x_wconf 91' lang='lat' dir='ltr'>motui</span> <span class='ocrx_word' id='word_1_291' title='bbox 288 1789 382 1833; x_wconf 90' lang='lat' dir='ltr'>apta</span> <span class='ocrx_word' id='word_1_292' title='bbox 410 1783 567 1822; x_wconf 90' lang='lat' dir='ltr'>habere.</span> <span class='ocrx_word' id='word_1_293' title='bbox 612 1783 711 1820; x_wconf 90' lang='lat' dir='ltr'>Nam</span> <span class='ocrx_word' id='word_1_294' title='bbox 742 1788 859 1834; x_wconf 87' lang='lat' dir='ltr'>prout</span> <span class='ocrx_word' id='word_1_295' title='bbox 890 1793 1029 1832; x_wconf 88' lang='lat' dir='ltr'>corpus</span> <span class='ocrx_word' id='word_1_296' title='bbox 1061 1787 1131 1830; x_wconf 88' lang='lat' dir='ltr'>est,</span> <span class='ocrx_word' id='word_1_297' title='bbox 1162 1794 1231 1832; x_wconf 91' lang='lat' dir='ltr'>pro</span> <span class='ocrx_word' id='word_1_298' title='bbox 1264 1794 1309 1820; x_wconf 94' lang='lat' dir='ltr'>eo</span> <span class='ocrx_word' id='word_1_299' title='bbox 1342 1787 1379 1821; x_wconf 93' lang='lat' dir='ltr'>et</span> <span class='ocrx_word' id='word_1_300' title='bbox 1409 1783 1539 1820; x_wconf 88' lang='lat' dir='ltr'>anima</span> <span class='ocrx_word' id='word_1_301' title='bbox 1568 1782 1776 1831; x_wconf 87' lang='lat' dir='ltr'>respondet</span> <span class='ocrx_word' id='word_1_302' title='bbox 1805 1781 1930 1820; x_wconf 80' lang='lat' dir='ltr'>facul-</span> 
     </span>
     <span class='ocr_line' id='line_1_30' title="bbox 134 1840 1931 1891; baseline -0.002 -11"><span class='ocrx_word' id='word_1_303' title='bbox 134 1847 314 1891; x_wconf 88' lang='lat' dir='ltr'>tatesque</span> <span class='ocrx_word' id='word_1_304' title='bbox 346 1842 453 1891; x_wconf 80' lang='lat' dir='ltr'>ejus3</span> <span class='ocrx_word' id='word_1_305' title='bbox 487 1853 573 1879; x_wconf 91' lang='lat' dir='ltr'>cum</span> <span class='ocrx_word' id='word_1_306' title='bbox 605 1840 702 1879; x_wconf 89' lang='lat' dir='ltr'>haec</span> <span class='ocrx_word' id='word_1_307' title='bbox 731 1843 862 1879; x_wconf 89' lang='lat' dir='ltr'>anima</span> <span class='ocrx_word' id='word_1_308' title='bbox 892 1842 942 1878; x_wconf 89' lang='lat' dir='ltr'>sit</span> <span class='ocrx_word' id='word_1_309' title='bbox 972 1841 1022 1878; x_wconf 93' lang='lat' dir='ltr'>ob</span> <span class='ocrx_word' id='word_1_310' title='bbox 1045 1840 1186 1879; x_wconf 87' lang='lat' dir='ltr'>Terrae</span> <span class='ocrx_word' id='word_1_311' title='bbox 1217 1851 1367 1890; x_wconf 87' lang='lat' dir='ltr'>corpus,</span> <span class='ocrx_word' id='word_1_312' title='bbox 1399 1852 1475 1878; x_wconf 90' lang='lat' dir='ltr'>non</span> <span class='ocrx_word' id='word_1_313' title='bbox 1507 1851 1598 1881; x_wconf 86' lang='lat' dir='ltr'>vero</span> <span class='ocrx_word' id='word_1_314' title='bbox 1619 1841 1693 1879; x_wconf 91' lang='lat' dir='ltr'>hoc</span> <span class='ocrx_word' id='word_1_315' title='bbox 1715 1852 1853 1890; x_wconf 88' lang='lat' dir='ltr'>corpus</span> <span class='ocrx_word' id='word_1_316' title='bbox 1874 1841 1931 1878; x_wconf 85' lang='lat' dir='ltr'>sic</span> 
     </span>
     <span class='ocr_line' id='line_1_31' title="bbox 134 1897 1932 1949; baseline -0.001 -11"><span class='ocrx_word' id='word_1_317' title='bbox 134 1901 185 1938; x_wconf 88' lang='lat' dir='ltr'>sit</span> <span class='ocrx_word' id='word_1_318' title='bbox 217 1901 265 1938; x_wconf 93' lang='lat' dir='ltr'>ob</span> <span class='ocrx_word' id='word_1_319' title='bbox 299 1901 478 1947; x_wconf 89' lang='lat' dir='ltr'>animam,</span> <span class='ocrx_word' id='word_1_320' title='bbox 511 1901 611 1938; x_wconf 87' lang='lat' dir='ltr'>sicut</span> <span class='ocrx_word' id='word_1_321' title='bbox 643 1910 781 1949; x_wconf 88' lang='lat' dir='ltr'>corpus</span> <span class='ocrx_word' id='word_1_322' title='bbox 811 1899 977 1937; x_wconf 90' lang='lat' dir='ltr'>hominis</span> <span class='ocrx_word' id='word_1_323' title='bbox 1009 1905 1067 1937; x_wconf 89' lang='lat' dir='ltr'>est</span> <span class='ocrx_word' id='word_1_324' title='bbox 1097 1900 1147 1938; x_wconf 92' lang='lat' dir='ltr'>ob</span> <span class='ocrx_word' id='word_1_325' title='bbox 1168 1904 1347 1946; x_wconf 88' lang='lat' dir='ltr'>mentem,</span> <span class='ocrx_word' id='word_1_326' title='bbox 1379 1897 1590 1948; x_wconf 74' lang='lat' dir='ltr'>principem</span> <span class='ocrx_word' id='word_1_327' title='bbox 1622 1900 1774 1937; x_wconf 86' lang='lat' dir='ltr'>animae</span> <span class='ocrx_word' id='word_1_328' title='bbox 1805 1898 1932 1936; x_wconf 83' lang='lat' dir='ltr'>facul-</span> 
     </span>
     <span class='ocr_line' id='line_1_32' title="bbox 134 1956 1930 2008; baseline -0.002 -13"><span class='ocrx_word' id='word_1_329' title='bbox 134 1962 276 1996; x_wconf 87' lang='lat' dir='ltr'>tatem:</span> <span class='ocrx_word' id='word_1_330' title='bbox 323 1959 355 1996; x_wconf 90' lang='lat' dir='ltr'>si</span> <span class='ocrx_word' id='word_1_331' title='bbox 385 1960 502 2006; x_wconf 87' lang='lat' dir='ltr'>igitur</span> <span class='ocrx_word' id='word_1_332' title='bbox 532 1959 776 2008; x_wconf 75' lang='lat' dir='ltr'>incrementis</span> <span class='ocrx_word' id='word_1_333' title='bbox 807 1957 926 1994; x_wconf 89' lang='lat' dir='ltr'>Terra</span> <span class='ocrx_word' id='word_1_334' title='bbox 958 1968 1054 2006; x_wconf 88' lang='lat' dir='ltr'>opus</span> <span class='ocrx_word' id='word_1_335' title='bbox 1086 1957 1306 2001; x_wconf 82' lang='lat' dir='ltr'>habuisset,</span> <span class='ocrx_word' id='word_1_336' title='bbox 1345 1958 1378 1994; x_wconf 89' lang='lat' dir='ltr'>si</span> <span class='ocrx_word' id='word_1_337' title='bbox 1408 1962 1523 2005; x_wconf 87' lang='lat' dir='ltr'>pastu</span> <span class='ocrx_word' id='word_1_338' title='bbox 1553 1957 1650 2003; x_wconf 89' lang='lat' dir='ltr'>alio,</span> <span class='ocrx_word' id='word_1_339' title='bbox 1691 1964 1808 2006; x_wconf 89' lang='lat' dir='ltr'>quam</span> <span class='ocrx_word' id='word_1_340' title='bbox 1840 1956 1930 2002; x_wconf 91' lang='lat' dir='ltr'>dixi,</span> 
     </span>
     <span class='ocr_line' id='line_1_33' title="bbox 139 2011 1934 2062; baseline -0.001 -10"><span class='ocrx_word' id='word_1_341' title='bbox 139 2015 244 2054; x_wconf 88' lang='lat' dir='ltr'>velut</span> <span class='ocrx_word' id='word_1_342' title='bbox 273 2027 320 2053; x_wconf 88' lang='lat' dir='ltr'>ex</span> <span class='ocrx_word' id='word_1_343' title='bbox 353 2022 508 2062; x_wconf 90' lang='lat' dir='ltr'>venatu,</span> <span class='ocrx_word' id='word_1_344' title='bbox 538 2016 702 2054; x_wconf 84' lang='lat' dir='ltr'>fuissent</span> <span class='ocrx_word' id='word_1_345' title='bbox 733 2020 771 2053; x_wconf 91' lang='lat' dir='ltr'>et</span> <span class='ocrx_word' id='word_1_346' title='bbox 800 2017 876 2052; x_wconf 87' lang='lat' dir='ltr'>ista</span> <span class='ocrx_word' id='word_1_347' title='bbox 906 2011 1038 2057; x_wconf 87' lang='lat' dir='ltr'>munia</span> <span class='ocrx_word' id='word_1_348' title='bbox 1069 2016 1159 2053; x_wconf 89' lang='lat' dir='ltr'>huic</span> <span class='ocrx_word' id='word_1_349' title='bbox 1188 2017 1340 2054; x_wconf 87' lang='lat' dir='ltr'>animae</span> <span class='ocrx_word' id='word_1_350' title='bbox 1382 2017 1587 2053; x_wconf 87' lang='lat' dir='ltr'>commissa</span> <span class='ocrx_word' id='word_1_351' title='bbox 1625 2020 1662 2052; x_wconf 91' lang='lat' dir='ltr'>ct</span> <span class='ocrx_word' id='word_1_352' title='bbox 1701 2014 1842 2053; x_wconf 88' lang='lat' dir='ltr'>idonea</span> <span class='ocrx_word' id='word_1_353' title='bbox 1871 2015 1934 2050; x_wconf 89' lang='lat' dir='ltr'>in-</span> 
     </span>
     <span class='ocr_line' id='line_1_34' title="bbox 135 2073 1984 2123; baseline -0.002 -12"><span class='ocrx_word' id='word_1_354' title='bbox 135 2077 348 2113; x_wconf 86' lang='lat' dir='ltr'>strumenta</span> <span class='ocrx_word' id='word_1_355' title='bbox 378 2073 489 2122; x_wconf 84' lang='lat' dir='ltr'>data3</span> <span class='ocrx_word' id='word_1_356' title='bbox 535 2085 634 2123; x_wconf 91' lang='lat' dir='ltr'>quae</span> <span class='ocrx_word' id='word_1_357' title='bbox 665 2073 836 2112; x_wconf 86' lang='lat' dir='ltr'>Socratis</span> <span class='ocrx_word' id='word_1_358' title='bbox 868 2075 1039 2110; x_wconf 84' lang='lat' dir='ltr'>morituri</span> <span class='ocrx_word' id='word_1_359' title='bbox 1071 2074 1321 2122; x_wconf 86' lang='lat' dir='ltr'>philosophia</span> <span class='ocrx_word' id='word_1_360' title='bbox 1351 2073 1423 2110; x_wconf 86' lang='lat' dir='ltr'>fuit</span> <span class='ocrx_word' id='word_1_361' title='bbox 1454 2075 1490 2110; x_wconf 89' lang='lat' dir='ltr'>in</span> <span class='ocrx_word' id='word_1_362' title='bbox 1522 2073 1754 2118; x_wconf 87' lang='lat' dir='ltr'>Phaedone,</span> <span class='ocrx_word' id='word_1_363' title='bbox 1800 2073 1930 2111; x_wconf 88' lang='lat' dir='ltr'>omnia</span> <span class='ocrx_word' id='word_1_364' title='bbox 1980 2107 1984 2113; x_wconf 75' lang='grc'>,</span> 
     </span>
     <span class='ocr_line' id='line_1_35' title="bbox 135 2131 1932 2181; baseline -0.001 -11"><span class='ocrx_word' id='word_1_365' title='bbox 135 2133 254 2170; x_wconf 90' lang='lat' dir='ltr'>menti</span> <span class='ocrx_word' id='word_1_366' title='bbox 285 2132 556 2181; x_wconf 84' lang='lat' dir='ltr'>gubernatrici,</span> <span class='ocrx_word' id='word_1_367' title='bbox 590 2133 720 2169; x_wconf 90' lang='lat' dir='ltr'>omnia</span> <span class='ocrx_word' id='word_1_368' title='bbox 752 2131 1018 2169; x_wconf 84' lang='lat' dir='ltr'>deliberationi</span> <span class='ocrx_word' id='word_1_369' title='bbox 1040 2131 1086 2170; x_wconf 89' lang='lat' dir='ltr'>de</span> <span class='ocrx_word' id='word_1_370' title='bbox 1119 2143 1177 2177; x_wconf 92' lang='lat' dir='ltr'>eo,</span> <span class='ocrx_word' id='word_1_371' title='bbox 1211 2131 1313 2180; x_wconf 87' lang='lat' dir='ltr'>quod</span> <span class='ocrx_word' id='word_1_372' title='bbox 1345 2132 1542 2179; x_wconf 88' lang='lat' dir='ltr'>optimum,</span> <span class='ocrx_word' id='word_1_373' title='bbox 1576 2133 1760 2170; x_wconf 83' lang='lat' dir='ltr'>tribuens.</span> <span class='ocrx_word' id='word_1_374' title='bbox 1793 2132 1932 2180; x_wconf 87' lang='lat' dir='ltr'>Itaque</span> 
     </span>
     <span class='ocr_line' id='line_1_36' title="bbox 136 2189 1932 2240; baseline -0.002 -12"><span class='ocrx_word' id='word_1_375' title='bbox 136 2192 170 2228; x_wconf 87' lang='lat' dir='ltr'>si</span> <span class='ocrx_word' id='word_1_376' title='bbox 200 2191 286 2240; x_wconf 91' lang='lat' dir='ltr'>quis</span> <span class='ocrx_word' id='word_1_377' title='bbox 318 2196 623 2240; x_wconf 88' lang='lat' dir='ltr'>argumentetur:</span> <span class='ocrx_word' id='word_1_378' title='bbox 658 2195 825 2239; x_wconf 88' lang='lat' dir='ltr'>quatuor</span> <span class='ocrx_word' id='word_1_379' title='bbox 844 2189 948 2227; x_wconf 88' lang='lat' dir='ltr'>solas</span> <span class='ocrx_word' id='word_1_380' title='bbox 980 2201 1063 2227; x_wconf 84' lang='lat' dir='ltr'>esse</span> <span class='ocrx_word' id='word_1_381' title='bbox 1084 2189 1287 2227; x_wconf 86' lang='lat' dir='ltr'>facultates</span> <span class='ocrx_word' id='word_1_382' title='bbox 1310 2190 1475 2235; x_wconf 86' lang='lat' dir='ltr'>animae,</span> <span class='ocrx_word' id='word_1_383' title='bbox 1509 2200 1671 2238; x_wconf 81' lang='lat' dir='ltr'>quarum</span> <span class='ocrx_word' id='word_1_384' title='bbox 1703 2189 1811 2227; x_wconf 86' lang='lat' dir='ltr'>nulla</span> <span class='ocrx_word' id='word_1_385' title='bbox 1842 2189 1932 2226; x_wconf 88' lang='lat' dir='ltr'>huic</span> 
     </span>
     <span class='ocr_line' id='line_1_37' title="bbox 135 2246 1933 2298; baseline -0.002 -11"><span class='ocrx_word' id='word_1_386' title='bbox 135 2250 288 2287; x_wconf 88' lang='lat' dir='ltr'>animae</span> <span class='ocrx_word' id='word_1_387' title='bbox 320 2248 513 2287; x_wconf 88' lang='lat' dir='ltr'>Terrenae</span> <span class='ocrx_word' id='word_1_388' title='bbox 545 2252 761 2296; x_wconf 89' lang='lat' dir='ltr'>competat,</span> <span class='ocrx_word' id='word_1_389' title='bbox 802 2258 879 2285; x_wconf 92' lang='lat' dir='ltr'>non</span> <span class='ocrx_word' id='word_1_390' title='bbox 920 2259 1004 2285; x_wconf 88' lang='lat' dir='ltr'>esse</span> <span class='ocrx_word' id='word_1_391' title='bbox 1044 2259 1134 2296; x_wconf 87' lang='lat' dir='ltr'>ergo</span> <span class='ocrx_word' id='word_1_392' title='bbox 1174 2247 1346 2296; x_wconf 84' lang='lat' dir='ltr'>aliquam</span> <span class='ocrx_word' id='word_1_393' title='bbox 1377 2247 1416 2284; x_wconf 93' lang='lat' dir='ltr'>in</span> <span class='ocrx_word' id='word_1_394' title='bbox 1447 2246 1567 2286; x_wconf 85' lang='lat' dir='ltr'>Terra</span> <span class='ocrx_word' id='word_1_395' title='bbox 1597 2250 1787 2295; x_wconf 86' lang='lat' dir='ltr'>animam,</span> <span class='ocrx_word' id='word_1_396' title='bbox 1832 2247 1933 2298; x_wconf 78' lang='lat' dir='ltr'>hunc</span> 
     </span>
     <span class='ocr_line' id='line_1_38' title="bbox 137 2304 1932 2357; baseline -0.002 -11"><span class='ocrx_word' id='word_1_397' title='bbox 137 2319 208 2357; x_wconf 87' lang='lat' dir='ltr'>ego</span> <span class='ocrx_word' id='word_1_398' title='bbox 235 2307 384 2356; x_wconf 88' lang='lat' dir='ltr'>jubebo</span> <span class='ocrx_word' id='word_1_399' title='bbox 416 2307 517 2346; x_wconf 90' lang='lat' dir='ltr'>hanc</span> <span class='ocrx_word' id='word_1_400' title='bbox 547 2307 723 2356; x_wconf 88' lang='lat' dir='ltr'>quintam</span> <span class='ocrx_word' id='word_1_401' title='bbox 754 2304 804 2343; x_wconf 86' lang='lat' dir='ltr'>ad</span> <span class='ocrx_word' id='word_1_402' title='bbox 836 2317 1037 2343; x_wconf 89' lang='lat' dir='ltr'>numerum</span> <span class='ocrx_word' id='word_1_403' title='bbox 1059 2305 1212 2352; x_wconf 87' lang='lat' dir='ltr'>addere,</span> <span class='ocrx_word' id='word_1_404' title='bbox 1246 2305 1381 2343; x_wconf 87' lang='lat' dir='ltr'>eodem</span> <span class='ocrx_word' id='word_1_405' title='bbox 1415 2306 1590 2354; x_wconf 85' lang='lat' dir='ltr'>exemplo</span> <span class='ocrx_word' id='word_1_406' title='bbox 1621 2304 1836 2355; x_wconf 88' lang='lat' dir='ltr'>iisdemque</span> <span class='ocrx_word' id='word_1_407' title='bbox 1869 2317 1932 2343; x_wconf 89' lang='lat' dir='ltr'>ar-</span> 
     </span>
     <span class='ocr_line' id='line_1_39' title="bbox 135 2358 1994 2415; baseline -0.002 -11"><span class='ocrx_word' id='word_1_408' title='bbox 135 2365 388 2415; x_wconf 88' lang='lat' dir='ltr'>gumentandi</span> <span class='ocrx_word' id='word_1_409' title='bbox 425 2365 599 2415; x_wconf 85' lang='lat' dir='ltr'>legibus,</span> <span class='ocrx_word' id='word_1_410' title='bbox 638 2364 781 2414; x_wconf 88' lang='lat' dir='ltr'>quibus</span> <span class='ocrx_word' id='word_1_411' title='bbox 823 2364 913 2402; x_wconf 88' lang='lat' dir='ltr'>illae</span> <span class='ocrx_word' id='word_1_412' title='bbox 954 2375 1113 2401; x_wconf 89' lang='lat' dir='ltr'>numero</span> <span class='ocrx_word' id='word_1_413' title='bbox 1146 2368 1334 2412; x_wconf 89' lang='lat' dir='ltr'>quatuor,</span> <span class='ocrx_word' id='word_1_414' title='bbox 1378 2364 1416 2401; x_wconf 88' lang='lat' dir='ltr'>in</span> <span class='ocrx_word' id='word_1_415' title='bbox 1458 2363 1613 2403; x_wconf 88' lang='lat' dir='ltr'>homine</span> <span class='ocrx_word' id='word_1_416' title='bbox 1654 2364 1827 2411; x_wconf 88' lang='lat' dir='ltr'>scilicet,</span> <span class='ocrx_word' id='word_1_417' title='bbox 1867 2358 1931 2400; x_wconf 84' lang='lat' dir='ltr'>in·</span> <span class='ocrx_word' id='word_1_418' title='bbox 1992 2374 1994 2414; x_wconf 41' lang='grc' dir='ltr'><strong>ς</strong></span> 
     </span>
     <span class='ocr_line' id='line_1_40' title="bbox 135 2417 1994 2462; baseline -0.001 0"><span class='ocrx_word' id='word_1_419' title='bbox 135 2430 276 2462; x_wconf 86' lang='lat' dir='ltr'>ventae</span> <span class='ocrx_word' id='word_1_420' title='bbox 307 2428 408 2462; x_wconf 87' lang='lat' dir='ltr'>sunt.</span> <span class='ocrx_word' id='word_1_421' title='bbox 1898 2448 1901 2449; x_wconf 29' lang='grc' dir='ltr'><em>ν</em></span> <span class='ocrx_word' id='word_1_422' title='bbox 1993 2417 1994 2424; x_wconf 42' lang='lat'>³</span> 
     </span>
    </p>

    <p class='ocr_par' dir='ltr' id='par_1_6' title="bbox 136 2478 1932 2761">
     <span class='ocr_line' id='line_1_41' title="bbox 254 2478 1932 2532; baseline -0.003 -12"><span class='ocrx_word' id='word_1_423' title='bbox 254 2480 304 2530; x_wconf 88' lang='lat' dir='ltr'>Ut</span> <span class='ocrx_word' id='word_1_424' title='bbox 343 2487 473 2532; x_wconf 81' lang='lat' dir='ltr'>autem</span> <span class='ocrx_word' id='word_1_425' title='bbox 511 2481 653 2520; x_wconf 90' lang='lat' dir='ltr'>Terrae</span> <span class='ocrx_word' id='word_1_426' title='bbox 691 2486 800 2519; x_wconf 90' lang='lat' dir='ltr'>tanto</span> <span class='ocrx_word' id='word_1_427' title='bbox 847 2478 1101 2518; x_wconf 88' lang='lat' dir='ltr'>confidentius</span> <span class='ocrx_word' id='word_1_428' title='bbox 1142 2480 1311 2516; x_wconf 86' lang='lat' dir='ltr'>animam</span> <span class='ocrx_word' id='word_1_429' title='bbox 1354 2479 1579 2526; x_wconf 83' lang='lat' dir='ltr'>tribuerem,</span> <span class='ocrx_word' id='word_1_430' title='bbox 1631 2482 1836 2516; x_wconf 88' lang='lat' dir='ltr'>moverunt</span> <span class='ocrx_word' id='word_1_431' title='bbox 1872 2488 1932 2515; x_wconf 92' lang='lat' dir='ltr'>me</span> 
     </span>
     <span class='ocr_line' id='line_1_42' title="bbox 138 2536 1931 2589; baseline -0.004 -10"><span class='ocrx_word' id='word_1_432' title='bbox 138 2541 254 2579; x_wconf 88' lang='lat' dir='ltr'>etiam</span> <span class='ocrx_word' id='word_1_433' title='bbox 283 2539 373 2588; x_wconf 84' lang='lat' dir='ltr'>alia,</span> <span class='ocrx_word' id='word_1_434' title='bbox 406 2551 518 2589; x_wconf 87' lang='lat' dir='ltr'>quae,</span> <span class='ocrx_word' id='word_1_435' title='bbox 549 2541 693 2589; x_wconf 88' lang='lat' dir='ltr'>passim</span> <span class='ocrx_word' id='word_1_436' title='bbox 724 2551 793 2588; x_wconf 87' lang='lat' dir='ltr'>per</span> <span class='ocrx_word' id='word_1_437' title='bbox 823 2538 941 2576; x_wconf 90' lang='lat' dir='ltr'>libros</span> <span class='ocrx_word' id='word_1_438' title='bbox 972 2549 1079 2575; x_wconf 90' lang='lat' dir='ltr'>meos</span> <span class='ocrx_word' id='word_1_439' title='bbox 1111 2542 1258 2575; x_wconf 88' lang='lat' dir='ltr'>ceteros</span> <span class='ocrx_word' id='word_1_440' title='bbox 1290 2537 1493 2584; x_wconf 85' lang='lat' dir='ltr'>inculcata,</span> <span class='ocrx_word' id='word_1_441' title='bbox 1525 2539 1564 2574; x_wconf 92' lang='lat' dir='ltr'>in</span> <span class='ocrx_word' id='word_1_442' title='bbox 1582 2538 1760 2587; x_wconf 85' lang='lat' dir='ltr'>Epitome</span> <span class='ocrx_word' id='word_1_443' title='bbox 1792 2536 1931 2573; x_wconf 87' lang='lat' dir='ltr'>Astro-</span> 
     </span>
     <span class='ocr_line' id='line_1_43' title="bbox 137 2593 1931 2647; baseline -0.003 -12"><span class='ocrx_word' id='word_1_444' title='bbox 137 2600 289 2637; x_wconf 90' lang='lat' dir='ltr'>nomiae</span> <span class='ocrx_word' id='word_1_445' title='bbox 330 2598 618 2647; x_wconf 88' lang='lat' dir='ltr'>Copernicanae</span> <span class='ocrx_word' id='word_1_446' title='bbox 660 2596 725 2635; x_wconf 83' lang='lat' dir='ltr'>fol.</span> <span class='ocrx_word' id='word_1_447' title='bbox 769 2597 862 2634; x_wconf 85' lang='lat'><strong>125.</strong></span> <span class='ocrx_word' id='word_1_448' title='bbox 905 2595 1090 2633; x_wconf 88' lang='lat' dir='ltr'>fasciculo</span> <span class='ocrx_word' id='word_1_449' title='bbox 1132 2594 1290 2642; x_wconf 78' lang='lat' dir='ltr'>collegi,</span> <span class='ocrx_word' id='word_1_450' title='bbox 1332 2597 1537 2644; x_wconf 84' lang='lat' dir='ltr'>praecipue</span> <span class='ocrx_word' id='word_1_451' title='bbox 1583 2595 1676 2643; x_wconf 85' lang='lat' dir='ltr'>hoc,</span> <span class='ocrx_word' id='word_1_452' title='bbox 1717 2593 1823 2644; x_wconf 90' lang='lat' dir='ltr'>quod</span> <span class='ocrx_word' id='word_1_453' title='bbox 1851 2594 1931 2631; x_wconf 84' lang='lat' dir='ltr'>for-</span> 
     </span>
     <span class='ocr_line' id='line_1_44' title="bbox 136 2652 1932 2702; baseline -0.003 -8"><span class='ocrx_word' id='word_1_454' title='bbox 136 2658 275 2694; x_wconf 89' lang='lat' dir='ltr'>matrix</span> <span class='ocrx_word' id='word_1_455' title='bbox 304 2655 471 2695; x_wconf 82' lang='lat' dir='ltr'>facultas</span> <span class='ocrx_word' id='word_1_456' title='bbox 502 2660 562 2694; x_wconf 88' lang='lat' dir='ltr'>est</span> <span class='ocrx_word' id='word_1_457' title='bbox 591 2658 630 2692; x_wconf 91' lang='lat' dir='ltr'>in</span> <span class='ocrx_word' id='word_1_458' title='bbox 664 2654 874 2693; x_wconf 86' lang='lat' dir='ltr'>visceribus</span> <span class='ocrx_word' id='word_1_459' title='bbox 905 2653 1064 2701; x_wconf 89' lang='lat' dir='ltr'>Terrae,</span> <span class='ocrx_word' id='word_1_460' title='bbox 1096 2664 1196 2701; x_wconf 79' lang='lat' dir='ltr'>quae</span> <span class='ocrx_word' id='word_1_461' title='bbox 1227 2652 1392 2691; x_wconf 86' lang='lat' dir='ltr'>feminae</span> <span class='ocrx_word' id='word_1_462' title='bbox 1421 2655 1670 2702; x_wconf 87' lang='lat' dir='ltr'>praegnantis</span> <span class='ocrx_word' id='word_1_463' title='bbox 1716 2663 1820 2690; x_wconf 86' lang='lat' dir='ltr'>more</span> <span class='ocrx_word' id='word_1_464' title='bbox 1864 2661 1932 2691; x_wconf 88' lang='lat' dir='ltr'>oc-</span> 
     </span>
     <span class='ocr_line' id='line_1_45' title="bbox 139 2710 1930 2761; baseline -0.004 -8"><span class='ocrx_word' id='word_1_465' title='bbox 139 2719 337 2754; x_wconf 87' lang='lat' dir='ltr'>cursantes</span> <span class='ocrx_word' id='word_1_466' title='bbox 368 2714 460 2753; x_wconf 77' lang='lat' dir='ltr'>foris</span> <span class='ocrx_word' id='word_1_467' title='bbox 491 2725 551 2752; x_wconf 88' lang='lat' dir='ltr'>res</span> <span class='ocrx_word' id='word_1_468' title='bbox 582 2713 791 2758; x_wconf 87' lang='lat' dir='ltr'>humanas,</span> <span class='ocrx_word' id='word_1_469' title='bbox 835 2710 954 2749; x_wconf 90' lang='lat' dir='ltr'>veluti</span> <span class='ocrx_word' id='word_1_470' title='bbox 986 2723 1052 2748; x_wconf 91' lang='lat' dir='ltr'>eas</span> <span class='ocrx_word' id='word_1_471' title='bbox 1084 2710 1250 2757; x_wconf 85' lang='lat' dir='ltr'>videret,</span> <span class='ocrx_word' id='word_1_472' title='bbox 1292 2712 1330 2747; x_wconf 90' lang='lat' dir='ltr'>in</span> <span class='ocrx_word' id='word_1_473' title='bbox 1361 2711 1546 2749; x_wconf 83' lang='lat' dir='ltr'>fissilibus</span> <span class='ocrx_word' id='word_1_474' title='bbox 1576 2710 1771 2761; x_wconf 89' lang='lat' dir='ltr'>lapidibus</span> <span class='ocrx_word' id='word_1_475' title='bbox 1803 2710 1930 2759; x_wconf 88' lang='lat' dir='ltr'>expri-</span> 
     </span>
    </p>
   </div>
   <div class='ocr_carea' id='block_1_3' title="bbox 137 2768 1994 2821">
    <p class='ocr_par' dir='ltr' id='par_1_7' title="bbox 137 2768 1994 2821">
     <span class='ocr_line' id='line_1_46' title="bbox 137 2768 1994 2821; baseline -0.002 -11"><span class='ocrx_word' id='word_1_476' title='bbox 137 2774 217 2821; x_wconf 91' lang='lat' dir='ltr'>mit,</span> <span class='ocrx_word' id='word_1_477' title='bbox 249 2778 292 2810; x_wconf 87' lang='lat' dir='ltr'>ut</span> <span class='ocrx_word' id='word_1_478' title='bbox 322 2771 498 2820; x_wconf 90' lang='lat' dir='ltr'>militum,</span> <span class='ocrx_word' id='word_1_479' title='bbox 530 2771 836 2817; x_wconf 87' lang='lat' dir='ltr'>monarchorum,</span> <span class='ocrx_word' id='word_1_480' title='bbox 868 2769 1104 2818; x_wconf 89' lang='lat' dir='ltr'>pontificum,</span> <span class='ocrx_word' id='word_1_481' title='bbox 1137 2780 1271 2818; x_wconf 89' lang='lat' dir='ltr'>regum</span> <span class='ocrx_word' id='word_1_482' title='bbox 1302 2775 1339 2806; x_wconf 89' lang='lat' dir='ltr'>et</span> <span class='ocrx_word' id='word_1_483' title='bbox 1361 2769 1545 2819; x_wconf 88' lang='lat' dir='ltr'>quicquid</span> <span class='ocrx_word' id='word_1_484' title='bbox 1577 2771 1615 2806; x_wconf 91' lang='lat' dir='ltr'>in</span> <span class='ocrx_word' id='word_1_485' title='bbox 1638 2780 1703 2807; x_wconf 92' lang='lat' dir='ltr'>ore</span> <span class='ocrx_word' id='word_1_486' title='bbox 1734 2768 1930 2805; x_wconf 90' lang='lat' dir='ltr'>hominum</span> <span class='ocrx_word' id='word_1_487' title='bbox 1992 2779 1994 2807; x_wconf 85' lang='lat'>;</span> 
     </span>
    </p>
   </div>
   <div class='ocr_carea' id='block_1_4' title="bbox 139 2824 1994 3101">
    <p class='ocr_par' dir='ltr' id='par_1_8' title="bbox 139 2824 1994 3101">
     <span class='ocr_line' id='line_1_47' title="bbox 139 2824 1929 2879; baseline -0.004 -11"><span class='ocrx_word' id='word_1_488' title='bbox 139 2836 209 2878; x_wconf 89' lang='lat' dir='ltr'>est,</span> <span class='ocrx_word' id='word_1_489' title='bbox 242 2842 367 2869; x_wconf 86' lang='lat' dir='ltr'>novos</span> <span class='ocrx_word' id='word_1_490' title='bbox 399 2829 686 2879; x_wconf 89' lang='lat' dir='ltr'>insolentesque</span> <span class='ocrx_word' id='word_1_491' title='bbox 717 2828 885 2866; x_wconf 85' lang='lat' dir='ltr'>habitus.</span> <span class='ocrx_word' id='word_1_492' title='bbox 931 2826 1018 2864; x_wconf 94' lang='lat' dir='ltr'>Hoc</span> <span class='ocrx_word' id='word_1_493' title='bbox 1048 2826 1203 2876; x_wconf 82' lang='lat' dir='ltr'>quidem</span> <span class='ocrx_word' id='word_1_494' title='bbox 1234 2828 1368 2873; x_wconf 88' lang='lat' dir='ltr'>rarius,</span> <span class='ocrx_word' id='word_1_495' title='bbox 1401 2827 1495 2865; x_wconf 90' lang='lat' dir='ltr'>illud</span> <span class='ocrx_word' id='word_1_496' title='bbox 1525 2831 1724 2876; x_wconf 90' lang='lat' dir='ltr'>perpetuo,</span> <span class='ocrx_word' id='word_1_497' title='bbox 1757 2824 1862 2875; x_wconf 89' lang='lat' dir='ltr'>quod</span> <span class='ocrx_word' id='word_1_498' title='bbox 1893 2826 1929 2861; x_wconf 91' lang='lat' dir='ltr'>in</span> 
     </span>
     <span class='ocr_line' id='line_1_48' title="bbox 139 2882 1930 2937; baseline -0.003 -11"><span class='ocrx_word' id='word_1_499' title='bbox 139 2889 300 2937; x_wconf 85' lang='lat' dir='ltr'>gemmis</span> <span class='ocrx_word' id='word_1_500' title='bbox 333 2894 371 2927; x_wconf 89' lang='lat' dir='ltr'>et</span> <span class='ocrx_word' id='word_1_501' title='bbox 402 2888 600 2927; x_wconf 86' lang='lat' dir='ltr'>fossilibus</span> <span class='ocrx_word' id='word_1_502' title='bbox 632 2887 812 2937; x_wconf 85' lang='lat' dir='ltr'>exprimit</span> <span class='ocrx_word' id='word_1_503' title='bbox 838 2885 1008 2934; x_wconf 91' lang='lat' dir='ltr'>quinque</span> <span class='ocrx_word' id='word_1_504' title='bbox 1050 2896 1210 2933; x_wconf 83' lang='lat' dir='ltr'>corpora</span> <span class='ocrx_word' id='word_1_505' title='bbox 1241 2885 1435 2933; x_wconf 86' lang='lat' dir='ltr'>regularia</span> <span class='ocrx_word' id='word_1_506' title='bbox 1465 2886 1719 2934; x_wconf 87' lang='lat' dir='ltr'>geometrica:</span> <span class='ocrx_word' id='word_1_507' title='bbox 1761 2895 1853 2921; x_wconf 89' lang='lat' dir='ltr'>nam</span> <span class='ocrx_word' id='word_1_508' title='bbox 1885 2882 1930 2920; x_wconf 89' lang='lat' dir='ltr'>de</span> 
     </span>
     <span class='ocr_line' id='line_1_49' title="bbox 141 2941 1929 2996; baseline -0.002 -14"><span class='ocrx_word' id='word_1_509' title='bbox 141 2946 276 2995; x_wconf 88' lang='lat' dir='ltr'>opifice</span> <span class='ocrx_word' id='word_1_510' title='bbox 313 2951 477 2985; x_wconf 88' lang='lat' dir='ltr'>testatur</span> <span class='ocrx_word' id='word_1_511' title='bbox 515 2958 624 2996; x_wconf 89' lang='lat' dir='ltr'>opus.</span> <span class='ocrx_word' id='word_1_512' title='bbox 690 2944 840 2993; x_wconf 88' lang='lat' dir='ltr'>Quibus</span> <span class='ocrx_word' id='word_1_513' title='bbox 882 2941 1020 2990; x_wconf 88' lang='lat' dir='ltr'>addat,</span> <span class='ocrx_word' id='word_1_514' title='bbox 1062 2945 1126 2991; x_wconf 88' lang='lat' dir='ltr'>qui</span> <span class='ocrx_word' id='word_1_515' title='bbox 1166 2942 1420 2991; x_wconf 89' lang='lat' dir='ltr'>Copernicum</span> <span class='ocrx_word' id='word_1_516' title='bbox 1458 2944 1651 2991; x_wconf 85' lang='lat' dir='ltr'>sequitur,</span> <span class='ocrx_word' id='word_1_517' title='bbox 1692 2941 1929 2980; x_wconf 89' lang='lat' dir='ltr'>volutionem</span> 
     </span>
     <span class='ocr_line' id='line_1_50' title="bbox 140 2998 1994 3053; baseline -0.004 -12"><span class='ocrx_word' id='word_1_518' title='bbox 140 3003 248 3053; x_wconf 88' lang='lat' dir='ltr'>globi</span> <span class='ocrx_word' id='word_1_519' title='bbox 279 3004 444 3042; x_wconf 87' lang='lat' dir='ltr'>Telluris</span> <span class='ocrx_word' id='word_1_520' title='bbox 476 3004 663 3051; x_wconf 91' lang='lat' dir='ltr'>diurnam,</span> <span class='ocrx_word' id='word_1_521' title='bbox 694 3006 920 3052; x_wconf 89' lang='lat' dir='ltr'>perpetuam</span> <span class='ocrx_word' id='word_1_522' title='bbox 950 3007 987 3038; x_wconf 85' lang='lat' dir='ltr'>et</span> <span class='ocrx_word' id='word_1_523' title='bbox 1019 3001 1389 3050; x_wconf 87' lang='lat' dir='ltr'>aequabilissimam,</span> <span class='ocrx_word' id='word_1_524' title='bbox 1422 3012 1539 3050; x_wconf 89' lang='lat' dir='ltr'>quam</span> <span class='ocrx_word' id='word_1_525' title='bbox 1569 3002 1667 3039; x_wconf 89' lang='lat' dir='ltr'>inter</span> <span class='ocrx_word' id='word_1_526' title='bbox 1697 2999 1811 3048; x_wconf 88' lang='lat' dir='ltr'>hujus</span> <span class='ocrx_word' id='word_1_527' title='bbox 1844 2998 1930 3036; x_wconf 85' lang='lat' dir='ltr'>ani·</span> <span class='ocrx_word' id='word_1_528' title='bbox 1991 3035 1994 3046; x_wconf 22' lang='grc' dir='ltr'><strong>ἶ</strong></span> 
     </span>
     <span class='ocr_line' id='line_1_51' title="bbox 141 3060 1840 3101; baseline -0.005 -2"><span class='ocrx_word' id='word_1_529' title='bbox 141 3072 227 3100; x_wconf 91' lang='lat' dir='ltr'>mae</span> <span class='ocrx_word' id='word_1_530' title='bbox 257 3065 389 3100; x_wconf 90' lang='lat' dir='ltr'>munia</span> <span class='ocrx_word' id='word_1_531' title='bbox 418 3063 630 3101; x_wconf 88' lang='lat' dir='ltr'>rectissime</span> <span class='ocrx_word' id='word_1_532' title='bbox 660 3060 891 3100; x_wconf 88' lang='lat' dir='ltr'>accensebit.</span> <span class='ocrx_word' id='word_1_533' title='bbox 1836 3071 1840 3074; x_wconf 92' lang='lat'>·</span> 
     </span>
    </p>
   </div>
   <div class='ocr_carea' id='block_1_5' title="bbox 1971 2424 1994 3276">
    <p class='ocr_par' dir='ltr' id='par_1_9' title="bbox 1971 2424 1994 3276">
     <span class='ocr_line' id='line_1_52' title="bbox 1971 2424 1994 3276; baseline 0 0"><span class='ocrx_word' id='word_1_534' title='bbox 1971 2424 1994 3276; x_wconf 95' lang='lat' dir='ltr'> </span> 
     </span>
    </p>
   </div>
  </div>
 </body>
</html>
