1988 3276
1028 3 1034 20 Ι

139 125 193 163 48
649 119 840 166 Epistolae
864 119 1011 166 Kepleri
1034 118 1256 165 aliorumque
1279 122 1426 155 mutuae

140 239 297 271 solatium
320 241 469 269 nostrum
492 245 626 277 prorsus
659 239 829 271 exstinxit.
877 239 1062 275 Praeterita
1086 239 1173 270 enim
1197 237 1250 270 die
1278 237 1427 269 Mathaei
1450 238 1594 279 primum
1615 238 1723 269 filiola
1747 239 1817 278 ejus
1843 236 1933 269 Mar-

144 285 285 325 garetha
310 285 404 322 obiit,
428 293 495 314 non
520 284 609 314 ultra
623 284 763 316 biduum
779 288 924 326 aegrota,
948 294 1026 317 mox
1050 289 1127 326 post
1152 284 1296 316 triduum
1321 285 1395 325 ipsa
1419 287 1524 316 mater
1546 287 1660 317 secuta
1684 288 1733 316 eet
1756 293 1797 316 ac
1811 283 1932 324 postri-

141 332 195 363 die
219 332 358 362 humata
382 332 415 361 in
439 330 559 369 majori
583 331 672 362 fossa
696 341 770 363 cum
793 333 946 373 pluribus
971 332 1118 371 ejusdem
1143 331 1228 369 diei,
1258 333 1345 363 inter
1373 340 1457 373 quos
1481 331 1623 364 Frisohii
1645 331 1746 363 ambo
1769 330 1847 373 filii3
1873 339 1933 362 nec

142 379 233 409 enim
256 378 384 418 patitur
408 376 587 408 multitudo
611 378 843 422 morientium,
867 382 906 410 ut
930 379 1068 410 cuilibet
1091 379 1220 410 loculus
1242 381 1377 418 paretur
1401 378 1551 420 seorsim,
1576 378 1634 410 sed
1657 387 1765 420 neque
1788 376 1933 410 conduc-

142 428 195 456 tus
220 428 253 456 et
276 425 406 466 reliqua
430 423 582 455 solennia
603 425 787 456 tolerantur
810 435 832 456 a
855 426 950 456 novis
968 425 1119 456 dominis.
1159 425 1230 464 Ego
1256 434 1329 456 cum
1353 433 1454 465 puero
1477 434 1551 457 mee
1581 424 1722 456 aedibus
1743 424 1826 461 meis
1851 424 1933 455 emi-

139 481 236 511 grare
263 480 335 502 sum
370 474 503 502 coactus
525 474 558 501 et
581 472 776 503 secessimus
800 472 865 503 huc
886 467 1130 514 Dusslingam‚'
1151 481 1275 512 pagum
1305 475 1375 503 toto
1409 471 1532 504 ducam
1554 471 1662 503 solum
1685 471 1751 502 fere
1775 471 1934 502 hactenus

143 520 376 550 conservatum
403 542 411 550 .
438 542 446 549 .
473 542 480 549 .
507 542 515 550 .
562 517 746 549 Academia
780 517 943 559 dissipata
973 521 1023 549 est
1056 528 1116 550 nec
1151 521 1327 558 supersunt
1357 528 1396 549 ex
1429 519 1518 550 omni
1547 527 1681 550 numero
1712 517 1933 549 studiosorum

143 565 210 596 nisi
235 562 281 598 20
299 574 325 596 c.
353 564 573 604 stipendiarii.
623 564 776 596 Pastores
800 563 890 596 ultr‘a
913 563 981 599 200
1003 565 1127 596 mortui
1151 568 1244 607 sunt,
1268 573 1330 596 nec
1354 567 1535 605 suppetunt
1555 564 1669 596 idonei
1692 565 1851 606 homines,
1876 563 1933 606 qui

142 612 178 642 in
204 620 317 643 eorum
339 611 414 642 loca
438 611 655 644 sufficiantur.
697 611 747 642 Ex
771 611 1013 652 professoribus
1039 613 1193 643 obierunt
1216 614 1346 642 tantum
1369 615 1446 652 tres,
1471 610 1628 654 MagIrus,
1653 609 1791 642 Golbius
1814 612 1848 643 et
1864 609 1932 641 Un-

141 657 227 699 srid,
252 659 351 690 ceteri
375 657 521 688 diversos
545 657 589 688 ad
613 667 716 698 pagos
740 658 971 692 discesserunt.
1019 659 1087 698 Ego
1112 658 1148 689 in
1171 658 1339 690 montanis
1355 658 1463 689 Albae
1487 659 1602 690 oberro
1626 667 1701 690 cum
1723 666 1826 698 puero
1849 665 1933 698 meo,

140 704 259 736 deinde
283 705 348 736 huc
370 708 514 735 revertor
538 707 599 736 etc.

255 751 355 782 Brevi
377 753 455 791 post
479 750 700 783 Schickardus
725 751 823 782 rediit
847 751 1050 793 Tubingam,
1089 752 1142 783 die
1167 749 1219 786 18.
1244 751 1317 784 Oct.
1351 751 1502 782 interfuit
1525 750 1665 783 concilio
1689 750 1832 783 Senatus
1855 757 1934 780 aca-

144 798 276 838 demici,
301 797 354 829 die
377 795 434 830 24.
460 798 533 830 Oct.
558 801 706 829 mortuus
731 800 790 841 est,
817 807 955 840 eumque
979 801 1055 839 post
1077 807 1202 839 paucos
1228 798 1298 829 dies
1323 800 1456 830 secutus
1479 797 1614 830 filiolus.

257 844 426 876 Mortuum
444 844 683 876 Schickardum
707 848 899 884 prosecutus
925 849 974 876 est
997 846 1153 877 maximis
1177 843 1334 876 laudibus
1358 845 1508 876 oratione
1531 844 1668 885 publica
1690 844 1725 875 in
1750 841 1830 874 aula
1853 850 1933 873 aca—
1981 875 1984 877 Α

143 891 271 923 demica
293 891 392 924 Zach.
418 890 640 933 Schaefferus,
676 891 766 923 Orat.
794 895 826 923 et
850 892 935 923 Hist.
959 892 1048 923 Prot.
1074 892 1264 932 Tubingae,
1302 900 1405 933 quam
1442 890 1612 931 adjunctis
1637 890 1842 922 carminibus
1874 886 1929 930 (H.

141 938 263 980 Grotli,
291 937 471 979 Gassendi,
504 937 634 981 Lansii,
668 937 710 969 M.
735 938 905 970 Hortensii
929 937 1150 981 aliorumque)
1175 939 1303 979 publici
1324 939 1408 978 Juris
1433 937 1515 969 fecit
1537 946 1568 968 a.
1595 934 1696 972 1636.
1720 937 1931 976 inscriptam:

141 985 193 1018 W.
209 984 413 1027 Schickardi,
438 984 627 1023 linguarum
644 985 761 1017 orient.
782 988 814 1016 et
830 985 1016 1016 matheseos
1041 987 1077 1016 in
1099 985 1272 1017 academia
1288 985 1491 1024 Tubingeusi
1507 984 1702 1025 professoris
1718 982 1933 1024 celeberrimi,

140 1032 302 1072 superiori
324 1040 436 1062 mense
459 1030 636 1063 Novembri
661 1032 775 1063 denati
798 1031 959 1063 Memoria
983 1035 1016 1063 et
1040 1032 1229 1072 Eulogium.

257 1089 420 1129 Keplerus
445 1089 599 1120 convenit
615 1088 876 1121 Schickhardum
899 1090 1092 1131 Nurtingae,
1120 1089 1198 1121 dum
1223 1091 1264 1121 ob
1282 1091 1399 1122 matris
1423 1099 1559 1123 causam
1582 1089 1746 1123 forensem
1769 1089 1804 1120 in
1822 1088 1933 1119 wurt-

141 1136 357 1175 tembergiam
379 1134 546 1176 profectus
571 1145 659 1166 anno
686 1134 775 1170 1617
792 1136 965 1176 Tubingae
989 1137 1079 1178 apud
1096 1136 1310 1168 Maestlinum
1334 1138 1528 1169 versabatur
1544 1135 1694 1180 („inveni
1715 1136 1831 1179 etiam,
1855 1134 1933 1167 scri-

141 1184 192 1215 bit
215 1182 419 1225 Wackhero,
444 1183 690 1214 nobilissimum
714 1184 882 1222 ingenium
905 1185 942 1214 in
967 1183 1090 1224 oppido
1114 1183 1315 1226 Niirtingen,
1340 1185 1525 1216 matheseos
1550 1183 1816 1215 amantissimum
1837 1183 1931 1222 juvo-

141 1239 216 1262 nem
245 1230 294 1260 W.
312 1229 559 1271 Schickardum,
583 1230 812 1261 mechanicum
828 1230 1084 1270 perindustrium
1102 1231 1269 1272 juxtaque
1286 1231 1496 1262 orientalium
1521 1230 1709 1269 linguarum
1725 1225 1931 1266 cultorem“).

141 1277 227 1308 Tum
250 1277 336 1307 inter
352 1276 589 1308 Schickardum
614 1279 646 1307 et
656 1276 834 1316 Keplerum
857 1277 907 1308 ita
923 1278 1087 1320 convenit,
1112 1281 1151 1308 ut
1173 1277 1232 1308 ille
1255 1277 1426 1309 schemata
1449 1277 1494 1309 ad
1510 1277 1727 1308 Harmoniam
1749 1273 1933 1315 sculpenda

142 1323 338 1364 promiserit.
387 1322 548 1363 Keplerus
573 1322 707 1354 domum
730 1332 879 1354 reversus
903 1332 961 1364 per
984 1324 1099 1355 literas
1123 1327 1235 1355 monet
1258 1323 1494 1356 Schickardum
1541 1324 1774 1365 romissorum,
1809 1321 1932 1363 quibus

142 1370 313 1410 respondit
335 1370 393 1400 ille
418 1370 505 1400 hunc
528 1370 564 1400 in
588 1369 736 1400 modum:
770 1370 913 1402 Felicem
937 1380 1060 1402 novum
1083 1380 1208 1402 annum
1239 1374 1272 1401 et
1296 1371 1496 1411 promtissim
1542 1379 1618 1401 mea
1641 1369 1762 1401 efficia.
1810 1367 1932 1399 Claris-

142 1417 223 1448 sime
249 1420 281 1447 et
303 1416 590 1447 Praestantissime
615 1416 685 1459 Vir,
712 1417 855 1448 Domine
880 1417 990 1448 fautor
999 1418 1192 1457 zplurimum
1217 1417 1363 1448 colende.
1400 1418 1501 1448 Binas
1522 1419 1594 1456 jam
1609 1419 1685 1457 post
1701 1414 1932 1447 Praestantiae

143 1463 236 1495 Tuae
261 1463 441 1494 discessum
464 1463 578 1494 literas
603 1472 725 1504 easque
750 1463 887 1494 diversis
912 1464 995 1495 locis
1019 1467 1052 1495 et
1076 1464 1243 1495 contrario
1278 1473 1376 1494 sensu
1407 1464 1547 1504 scriptas
1570 1465 1781 1503 praepostere
1805 1460 1933 1500 accepi.

142 1509 232 1541 Unas
258 1510 411 1549 Augusta
434 1509 498 1540 huc
521 1510 743 1550 transmissas,
768 1510 889 1542 alteras
915 1510 1084 1552 Tubinga;
1119 1510 1200 1541 illae
1223 1511 1385 1551 posterius
1417 1513 1453 1542 et
1475 1510 1644 1541 remotiori
1667 1509 1741 1540 loco
1765 1509 1931 1545 exaratae,

146 1557 238 1596 prius
261 1556 411 1587 redditae
435 1559 528 1599 sunt,
554 1556 616 1587 hae
641 1559 756 1587 contra
786 1557 897 1588 nescio
922 1558 1043 1599 quibus
1067 1557 1168 1588 moris
1192 1557 1282 1588 ultra
1303 1565 1448 1588 mensem
1471 1557 1507 1587 in
1530 1559 1601 1588 tam
1630 1556 1742 1588 vicina
1763 1555 1848 1586 urbe
1872 1553 1931 1584 de-

142 1606 274 1646 tentae,
311 1602 420 1634 medio
445 1603 619 1634 Decembri
652 1603 784 1634 demum
811 1603 894 1634 mihi
926 1604 1019 1635 visae
1050 1607 1138 1636 sunt.
1187 1603 1270 1635 Illae
1301 1603 1486 1635 delineatae
1516 1603 1639 1642 figuras
1671 1601 1716 1634 ad
1748 1601 1931 1640 Krngerum

143 1649 273 1681 mittere
294 1650 478 1691 jubebant,
503 1652 542 1680 ut
563 1650 613 1680 ibi
637 1650 889 1692 exsculpantur,
914 1650 978 1681 hae
994 1659 1069 1681 vero
1086 1650 1168 1681 mihi
1191 1650 1257 1690 ipsi
1275 1650 1361 1682 hanc
1386 1658 1519 1690 operam
1542 1649 1773 1690 injungebant.
1822 1645 1931 1687 Quor-

146 1705 219 1727 sum
242 1706 282 1727 ex
307 1697 370 1728 hoo
392 1696 483 1727 bivio
508 1696 651 1728 eundum
676 1699 772 1733 esset,
796 1697 1006 1736 ambigebam
1031 1696 1167 1738 quidem
1199 1697 1242 1727 ab
1266 1697 1365 1728 initio
1388 1696 1561 1738 nonnihil,
1586 1695 1644 1728 sed
1674 1698 1787 1728 temen
1816 1695 1934 1734 postea

146 1752 180 1773 re
199 1742 318 1774 melius
344 1742 528 1774 deliberata
551 1744 754 1786 arbitrabar,
780 1744 964 1783 posteriora
987 1743 1215 1784 praeJudicare
1237 1743 1403 1784 prioribus
1428 1746 1461 1774 et
1484 1743 1646 1785 δευτερας
1669 1740 1869 1783 φροπιδας,
1895 1742 1933 1770 ut

144 1791 256 1832 ajunt,
292 1789 395 1820 fuisse
425 1799 636 1831 σοφωτερας,
670 1789 820 1831 adeoque
855 1790 943 1821 bono
974 1790 1120 1832 quodam
1151 1791 1220 1822 fato
1251 1790 1329 1821 illas
1359 1791 1459 1822 hasce
1489 1789 1697 1830 praevenisse
1734 1787 1932 1827 augurabar.

144 1835 357 1878 Quamquam
379 1837 480 1875 igitur
503 1837 539 1867 in
557 1837 631 1879 Tui,
655 1839 724 1867 tam
749 1837 888 1868 celebris
913 1839 946 1868 et
969 1836 1010 1868 de
1034 1837 1187 1868 universa
1210 1837 1351 1868 mathesi
1368 1836 1631 1877 praeclarissime
1645 1835 1767 1875 meriti,
1790 1833 1932 1874 gratiam
1953 1854 1957 1858 -

143 1882 231 1913 hunc
256 1882 418 1926 caelandi,
443 1887 612 1924 utcunque
637 1883 723 1914 alias
740 1884 926 1922 molestum,
951 1884 1113 1924 imprimis
1137 1883 1219 1914 mibi
1244 1883 1441 1914 caecutienti
1464 1882 1636 1914 inimicum
1651 1875 1800 1923 laborem
1816 1879 1931 1910 luben-

144 1929 270 1960 tissime
293 1930 363 1969 ipse
390 1930 621 1969 suscepissem:
645 1931 727 1971 quia
749 1933 862 1961 tamen
885 1929 928 1960 ad
954 1930 1062 1970 operis
1081 1930 1260 1960 editionem
1277 1928 1510 1960 maturandam
1532 1929 1631 1960 aliter
1646 1927 1743 1959 vobis
1760 1927 1930 1965 Augustae

144 1977 349 2015 congregatis
374 1977 480 2006 visum
503 1977 605 2007 misse
628 1977 796 2017 intellexi,
831 1985 898 2007 non
922 1977 1049 2007 invitus
1083 1980 1115 2007 et
1144 1976 1216 2016 ipse
1241 1976 1415 2007 consilium
1440 1975 1567 2006 mutavi
1593 1979 1626 2006 et
1649 1982 1751 2015 quam
1774 1973 1931 2004 citissime

143 2020 239 2053 licuit
263 2022 431 2053 schemata
464 2023 576 2054 omnia
605 2031 686 2062 pyro
719 2023 874 2062 inscripsi
896 2023 1110 2064 Kriigeroque
1141 2031 1199 2062 per
1229 2023 1378 2062 aurigam
1402 2021 1565 2064 (lapidum
1596 2021 1774 2052 molarium
1803 2021 1931 2050 nostra-

142 2069 226 2099 tium
251 2072 424 2109 vectorem)
449 2070 529 2100 illuc
552 2070 731 2102 transmisi.
784 2068 894 2108 Quam
918 2078 993 2100 vero
1018 2070 1100 2100 bene
1125 2069 1254 2107 omnia,
1278 2069 1470 2109 praesertim
1497 2065 1538 2102 13
1556 2066 1775 2099 Amhimedea
1797 2074 1930 2097 assecu-

146 2118 200 2146 tus
227 2115 353 2159 fuerim,
379 2116 532 2157 equidem
555 2116 687 2159 ignoro;
723 2117 795 2156 ipse
815 2115 1002 2158 judicabis,
1041 2125 1114 2147 cum
1138 2115 1339 2155 inspiciendi
1371 2115 1503 2146 dabitur
1527 2114 1634 2155 copia.
1681 2113 1783 2154 Spero
1806 2115 1930 2153 tamen,
1987 2151 1988 2154 Ἴ

148 2171 215 2193 non
239 2162 336 2201 longe
359 2171 477 2193 manus
501 2172 523 2193 a
546 2171 646 2203 scopo
671 2163 850 2194 aberrasse.
890 2161 983 2202 Quae
1008 2161 1047 2193 de
1072 2162 1220 2204 quinque
1244 2161 1435 2202 corporibus
1452 2161 1574 2192 circulo
1599 2160 1768 2200 inscriptis
1785 2156 1872 2200 (Lib.
1891 2156 1923 2188 11
1987 2155 1988 2164 ³

144 2217 237 2249 prop.
262 2206 330 2251 25.)
355 2209 392 2240 in
415 2209 681 2249 Tubingensibus
706 2210 810 2241 literis
835 2209 964 2240 monuit
986 2208 1197 2240 Praestantia
1220 2208 1302 2250 Tua,
1327 2208 1390 2239 illa
1412 2211 1540 2239 mutare
1568 2207 1604 2238 in
1629 2215 1759 2247 summa
1794 2205 1930 2244 aurigae

143 2255 358 2287 festinatione
382 2256 464 2288 mihi
487 2265 554 2287 non
578 2255 642 2286 fuit
665 2257 841 2296 integrum.
891 2256 958 2286 Vix
983 2256 1070 2286 enim
1095 2258 1147 2286 sat
1169 2255 1326 2295 temporis
1350 2255 1599 2296 relinquebatur
1623 2251 1873 2294 compingendis
1897 2253 1931 2282 et

143 2302 246 2333 linteo
271 2302 442 2335 insuendis
466 2303 535 2335 illis
558 2303 683 2334 truncis
706 2303 836 2346 ligneis,
861 2302 982 2334 nedum
1006 2311 1094 2333 nova
1117 2302 1287 2333 schemata
1303 2301 1504 2344 delineandi,
1529 2309 1616 2343 quae
1641 2307 1828 2343 „secessum
1851 2298 1928 2338 pin-

143 2349 251 2388 gentis
276 2352 309 2380 et
333 2350 403 2381 otia
425 2347 630 2392 requirunt“,
654 2352 692 2380 ut
713 2349 800 2381 illud
823 2349 1025 2382 ovidianum
1054 2349 1109 2380 hic
1139 2349 1222 2380 mihi
1254 2356 1417 2388 usurpem.
1466 2347 1556 2380 Satis
1579 2349 1693 2378 tamen
1718 2345 1763 2381 ad
1784 2346 1928 2376 mentem

145 2396 290 2427 auctoris
314 2395 445 2436 depicta
469 2406 539 2428 esse
562 2399 655 2438 puto.

261 2454 322 2485 His
346 2453 442 2485 addit
465 2453 684 2486 Schickardus
708 2454 831 2494 gratias
856 2453 1020 2484 maximas
1043 2462 1102 2493 pro
1127 2451 1222 2484 libris
1251 2453 1318 2493 ipsi
1351 2452 1437 2484 dono
1463 2452 1550 2483 datis
1574 2461 1596 2483 a
1619 2450 1763 2492 Keplero
1787 2445 1929 2490 (stereo-

145 2500 283 2542 metria,
317 2500 591 2540 Ephemeridibus
615 2504 648 2532 et
671 2498 882 2542 Calendario)
908 2502 941 2531 et
963 2500 1011 2531 sic
1035 2500 1156 2540 pergit:
1189 2499 1342 2539 Memini,
1364 2495 1482 2531 'Tuam
1504 2498 1749 2530 Praestantiam
1778 2494 1862 2527 mihi
1892 2494 1928 2525 in
1956 2510 1959 2513 ·

146 2548 354 2579 restitutione
376 2547 548 2586 globorum
571 2547 702 2589 aliquid
725 2548 876 2578 molienti
899 2547 1078 2586 adJ'utrices
1102 2549 1161 2577 aut
1184 2547 1296 2586 potius
1321 2545 1506 2577 directrices
1542 2553 1662 2576 manus
1684 2541 1873 2585 promisisse
1897 2543 1930 2572 et

148 2594 338 2634 catalogum
361 2592 563 2636 reliquarum
586 2595 744 2634 fixarum,
781 2602 867 2635 quae
896 2593 932 2624 in
956 2592 1120 2632 Tychonis
1149 2592 1497 2632 Progymnasmatibus
1522 2601 1591 2623 non
1614 2592 1762 2629 exstant,
1785 2595 1928 2628 spopon-

148 2640 244 2672 disse.
295 2639 423 2680 Quodsi
446 2641 561 2682 itaque
584 2640 674 2672 hisce
698 2641 871 2681 promissis
901 2642 1005 2671 stares
1030 2642 1101 2681 etc.,
1134 2642 1219 2671 esset
1242 2640 1475 2678 gratissimum.
1502 2657 1543 2668 .--
1568 2636 1717 2670 Tandem
1741 2637 1773 2666 et
1803 2634 1866 2665 boc
1888 2632 1926 2666 P.

147 2687 220 2720 Tua
243 2687 343 2730 sciat,
368 2696 420 2718 me
444 2688 616 2719 occasione
639 2690 772 2718 nostrae
796 2685 1055 2718 conversationis
1080 2686 1120 2717 de
1143 2695 1227 2717 novo
1252 2686 1296 2717 ad
1319 2686 1485 2717 mathesin
1510 2685 1658 2717 animum
1681 2680 1870 2723 applicasse
1896 2682 1928 2710 et

147 2734 275 2766 isthaec
299 2733 420 2775 studia,
443 2742 501 2773 per
525 2733 780 2775 quadriennium
803 2732 869 2764 fere
886 2741 1017 2773 prorsus
1041 2732 1238 2771 intermissa,
1267 2733 1458 2764 resumsisse
1482 2735 1582 2774 atque
1605 2730 1765 2761 hactenus
1782 2727 1926 2765 trigono-

148 2781 266 2812 metria
288 2780 465 2821 praecipue
490 2783 686 2821 occupatum
709 2780 820 2812 fuisse.
867 2780 905 2810 In
930 2779 1052 2820 quibus
1076 2779 1317 2818 aenigmatibus
1341 2779 1471 2811 utinam
1495 2782 1528 2810 te
1552 2777 1781 2816 conjectorem,
1805 2773 1926 2815 quovis

149 2827 275 2867 Oedipo
301 2826 547 2868 expeditiorem,
571 2827 737 2858 interdum
762 2824 957 2866 compellare
981 2827 1126 2866 possem!
1167 2825 1232 2857 Sed
1257 2826 1354 2857 nimis
1378 2824 1475 2866 longe
1497 2825 1640 2856 invicem
1664 2822 1832 2853 absumus.
1868 2817 1925 2850 Iri-

149 2874 244 2904 terim
268 2874 330 2905 hoc
352 2883 455 2905 unum
473 2883 616 2915 quaero:
641 2882 752 2905 annon
776 2873 877 2903 etiarn
901 2872 1026 2912 absque
1051 2872 1181 2902 sinuum
1206 2881 1332 2904 canone
1357 2871 1524 2912 triangula
1546 2868 1630 2902 solvi
1647 2868 1799 2909 possint?
1824 2864 1926 2896 Vide-

149 2922 203 2949 tur
227 2921 314 2951 enim
337 2920 458 2952 misera
481 2929 534 2952 ars
558 2930 644 2963 esse,
676 2929 762 2962 quae
786 2919 876 2950 hisce
899 2916 1022 2949 tabulis
1046 2927 1172 2958 semper
1195 2918 1332 2958 indiget,
1355 2922 1455 2961 atque
1478 2915 1595 2949 infelix
1618 2916 1840 2956 computator,
1867 2911 1926 2953 qui

149 2973 216 2996 non
251 2967 375 3008 ubique
405 2966 449 2998 ad
481 2976 599 2999 manus
629 2967 749 2998 habere
780 2968 889 3006 potest
918 2963 1014 2995 illum
1047 2973 1214 2996 canonem.
1254 2965 1380 3006 Taceo,
1413 2964 1504 3007 quod
1533 2961 1713 2994 admodum
1736 2955 1855 2993 servile
1880 2957 1924 2988 sit

151 3009 282 3043 Canone
307 3014 373 3056 uti,
407 3011 505 3054 quus‘
525 3017 633 3045 errata
656 3010 699 3054 (si
721 3021 807 3055 quae
824 3012 933 3043 forsan
951 3008 1086 3052 habeat)
1113 3011 1350 3052 deprehendere
1383 3019 1563 3053 nequeam,
1600 3007 1719 3040 nedum
1754 3005 1923 3057 corrigere,

150 3059 281 3089 interim
305 3062 414 3090 tamen
432 3061 636 3091 securissime
659 3060 725 3100 ipsi
743 3059 852 3091 fidere.
899 3058 935 3090 Si
959 3056 1062 3098 plana
1084 3056 1251 3097 triangula
1274 3057 1359 3090 solvi
1381 3060 1525 3098 possent,
1551 3057 1652 3088 etiam
1674 3052 1848 3096 sphaerica
1869 3058 1924 3080 m-

151 3102 219 3136 hilo
245 3104 413 3137 difficilius
446 3107 630 3149 computari
659 3115 755 3146 posse
787 3105 932 3147 confido,
966 3113 1039 3136 cum
1068 3104 1112 3136 ad
1141 3103 1202 3138 illa
1231 3105 1471 3137 reducerentur.
1520 3103 1584 3136 Sed
1617 3101 1791 3144 planorum
1813 3098 1922 3134 latera
