1994 3276
122 105 219 143 334-
495 150 498 156 Ι
607 101 800 147 Appendix
824 101 871 141 ad
885 100 1024 139 <librum
1047 101 1089 137 V.
1114 100 1421 138 Harmonicorum.
1455 127 1474 159 .-

120 220 209 258 rias.
233 225 376 266 (XXII.)
434 219 506 260 Ille
532 223 661 259 tamen
674 223 799 272 pergit
826 222 876 261 ob
893 221 932 261 id
949 223 1050 262 inter
1065 222 1223 261 Terram
1248 226 1288 259 et
1305 232 1450 271 aquam
1471 225 1640 267 statuere
1657 220 1912 269 diatessaron,

122 279 196 315 tria
229 289 321 316 vero
352 277 446 327 ejus
468 279 686 326 intervalla,
717 286 865 329 tonum,
896 286 1050 329 tonum,
1081 281 1350 327 semitonium,
1382 279 1505 318 tribus
1536 279 1733 329 applicare
1762 280 1915 330 spatiis,

121 347 284 383 summo,
317 335 457 385 medio,
490 339 587 387 im03
619 349 706 376 cum
727 337 784 376 iili
815 344 939 378 certas
971 351 1018 378 ex
1050 340 1176 378 causis
1207 339 1288 377 suis
1321 338 1682 387 quantitates..ista
1711 349 1762 385 ne
1790 341 1914 378 metas

121 394 333 445 quidema
363 401 513 442 natura,
545 407 747 435 mensuras
778 409 871 436 vero
903 397 1114 437 secundum
1144 397 1242 435 haec
1270 395 1564 445 generalissima
1582 397 1777 446 principia,
1799 395 1915 446 plane
1956 427 1958 429 .

121 453 438 492 indeterminatas
468 453 660 503 habeant,
699 460 738 494 et
769 456 825 494 sic
863 455 911 494 de
942 457 1091 495 ceteris.
1152 455 1206 493 At
1236 453 1328 492 mihi
1372 455 1542 493 unitates
1572 454 1797 502 naturales„
1834 454 1916 494 bini

122 523 177 550 sc.
210 517 340 550 motus
370 512 614 562 planetarum
646 516 807 552 extremi
839 511 931 567 (seu
963 515 1087 552 diurni
1119 525 1195 552 seu
1210 512 1368 559 horarii,
1397 512 1492 551 nihil
1521 509 1715 566 interest),
1738 511 1916 563 expressi

121 583 145 609 a
177 577 317 608 natura
347 571 383 608 iu
417 575 541 610 certas
571 582 663 610 suas
696 573 945 622 quantitates,
978 578 1068 611 sunt
1087 572 1288 623 propositi,
1320 572 1359 608 in
1381 571 1523 620 quibus
1548 571 1770 610 harmonias
1792 581 1916 620 quae-

120 641 215 667 ram.
235 633 403 674 (XXIII.)
457 628 530 667 Ille
561 630 600 667 in
631 631 875 669 tenebrarum
919 636 957 670 et
988 632 1087 670 lucis
1116 629 1302 680 gradibus
1339 629 1491 678 quaerit
1520 630 1795 680 proportiones
1820 628 1917 668 har-

127 689 317 736 monicae,
358 688 468 726 nullo
498 695 675 738 respectu
712 689 878 739 alicujus
918 694 1067 736 motus3
1112 695 1185 738 ego
1226 688 1448 727 harmonias
1487 688 1640 726 nonnisi
1674 689 1711 726 in
1749 687 1920 726 motibus

121 757 279 796 quaero.
307 751 466 790 (XXIV.)
521 746 594 786 Ille
623 747 814 796 pauculas
845 747 997 797 aliquas
1027 746 1323 786 concordantias
1344 742 1491 786 delibat
1520 757 1664 795 easque
1693 757 1739 784 ex
1760 756 1916 785 suarum
1969 742 1972 745 ’

119 803 367 856 pyramidum
398 805 577 852 mixtura,
610 817 687 854 qua
719 805 904 845 mundum
936 807 1017 855 ipse
1050 806 1229 855 privatim
1261 806 1298 842 in
1321 816 1392 844 suo
1414 805 1543 849 animo
1573 802 1915 854 pictum'circum—

122 868 266 914 gestat,
297 863 404 902 elicit
433 875 502 903 seu
533 863 583 901 ab
614 863 682 900 illa
713 865 992 914 repraesentari
1025 864 1186 914 probat;
1230 870 1303 913 ego
1334 866 1459 901 totum
1490 873 1628 914 corpus
1667 862 1916 901 harmonicae

128 922 494 972 contemperationis
526 932 613 960 cum
645 923 824 961 omnibus
854 923 1030 973 partibus
1061 923 1099 959 in
1132 923 1312 962 extremis
1343 921 1587 971 planetarum
1623 921 1793 963 motibus
1823 931 1917 970 pro-

121 982 214 1030 priis
245 979 457 1019 secundum
489 984 614 1019 certas
646 985 684 1018 et
714 981 764 1019 ab
794 982 1032 1020 astronomia
1063 980 1346 1019 demonstr-atas
1377 990 1577 1020 mensuras
1598 980 1726 1018 inesse
1751 978 1941 1018 demon-—

121 1041 253 1078 stravi.
316 1039 394 1088 lpsi
427 1040 559 1088 itaque
589 1044 800 1090 conceptus
831 1051 924 1077 suus
956 1038 1111 1090 mundi,
1143 1039 1237 1076 mihi
1268 1037 1435 1076 mundus
1466 1039 1548 1089 ipse
1578 1049 1649 1076 seu
1678 1038 1718 1075 in
1748 1048 1796 1076 eo
1825 1049 1916 1078 rea-

120 1098 176 1136 les
207 1098 452 1149 planetarum
481 1101 610 1135 motus
640 1103 731 1135 sunt
761 1097 980 1147 subjectum
1013 1097 1238 1136 harmoniae
1269 1095 1500 1146 mundanae.
1527 1098 1670 1143 (XXV.)

235 1157 294 1194 Ex
319 1156 383 1194 his
422 1157 557 1205 paucis
596 1161 771 1196 constare
812 1157 995 1203 arbitror,
1040 1157 1111 1194 etsi
1150 1155 1198 1193 ad
1231 1143 1493 1205 intelligenda
1520 1155 1704 1204 mysteria
1743 1153 1917 1194 conferta
1987 1187 1994 1195 i

63 1231 66 1235 ·
120 1214 392 1266 philosophiae
424 1213 766 1263 profundissimae,
811 1226 928 1264 quam
958 1213 1075 1252 tradit
1104 1213 1318 1261 Robertus,
1359 1213 1582 1262 cognitione
1619 1213 1914 1262 proportionum

121 1275 429 1314 harmonicarum
471 1274 629 1310 omnino
668 1285 764 1322 opus
807 1277 889 1321 est,
933 1278 1062 1311 tamen
1105 1272 1236 1320 illum,
1281 1273 1355 1321 qui,
1390 1270 1453 1309 vel
1493 1276 1616 1309 totum
1656 1282 1756 1320 opus
1785 1281 1916 1312 meum
1986 1271 1987 1274 ’

124 1332 293 1380 edidicit,
325 1331 454 1377 adhuc
485 1343 509 1370 a
538 1332 732 1381 mysteriis
763 1331 840 1369 illis
871 1331 1176 1381 perplexissimis
1207 1330 1429 1368 abfuturum
1465 1328 1570 1368 haud
1599 1328 1717 1380 paulo
1746 1328 1914 1379 longius,

124 1402 173 1431 ac
216 1392 325 1442 ipsae
355 1390 406 1428 ab
438 1390 730 1428 accuratissima
761 1389 991 1430 certitudine
1013 1389 1383 1434 demonstrationum
1403 1387 1762 1435 mathematicas-um
1790 1398 1920 1426 reces-

121 1455 263 1489 serunt.
290 1452 438 1497 (XXVI.)
494 1459 625 1494 (confer.
643 1448 719 1493 pag(
734 1458 774 1490 19,
796 1459 845 1485 ubi
864 1458 1003 1489 diximus,
1023 1465 1077 1484 cur
1095 1458 1149 1483 hos
1167 1464 1307 1483 numeros
1326 1456 1494 1491 1-xxvt‚
1514 1456 1658 1484 cancellis
1676 1455 1830 1486 inclusos,
1851 1461 1916 1480 vei·-

34 1488 37 1492 ¹
66 1540 69 1543 .
121 1518 168 1546 his
186 1517 309 1551 nemen
327 1516 538 1551 adjunximus.)
575 1508 706 1558 Atque
737 1508 799 1546 hic
826 1507 909 1557 jam
939 1508 1054 1546 etiam
1087 1505 1311 1556 appendicis
1342 1505 1429 1544 finis
1461 1504 1559 1545 esto·
