1988 3276
748 110 787 146 in
808 108 1200 155 Kamani-nunaut
1843 112 1867 148 7

90 229 201 270 tarde
218 229 441 281 *procedam
469 234 510 268 et
537 227 762 282 difficillimo
790 231 946 268 conatu.
1011 227 1096 267 Etsi
1128 227 1200 271 ,bic
1235 229 1352 267 etiam
1390 227 1612 269 tabularum
1639 226 1868 283 rudimenta,

90 288 203 338 quasi
227 287 311 337 jam
337 288 534 337 perfectis*
548 280 951 333 demonstrationibus,
982 286 1017 325 si
1043 285 1151 330 forte,
1171 297 1240 336 per
1261 285 1428 335 tabulas,
1458 284 1707 336 quantumvis
1735 285 1868 333 falsas,

84 346 221 395 jumi
250 346 377 396 possit
412 344 750 384 demonstrationis
787 344 1004 384 methodus.
1075 342 1186 383 Haec
1219 343 1372 395 Pragae
1411 344 1584 383 exhibita
1619 342 1869 394 Imperatoris

90 401 281 449 Matthiae
311 402 562 442 consiliariis..
597 403 853 443 Accesserant
883 407 1014 441 autem
1043 400 1167 440 Lincii
1197 413 1299 440 anno
1332 402 1440 441 1615
1472 402 1664 441 restitutio
1693 403 1868 444 motuum

89 453 282 509 abdam,
310 461 530 500 tabularum
559 471 649 511 pars
679 461 918 511 potissima.“

222 518 296 559 fliz
325 520 382 561 ita
411 520 604 569 inscriptis
632 525 671 558 et
699 518 928 558 examinatis
957 516 1311 567 computationibus
1342 516 1472 556 videre
1492 516 1616 570 licet,
1656 516 1867 568 Keplerum

88 575 156 624 illo
193 580 364 627 tempore
403 576 582 615 omnibus
616 574 784 626 planetis
822 575 1012 627 ellipticos
1050 573 1162 617 orbes
1193 575 1392 622 tribuisse,
1432 587 1669 625 quamquam
1700 574 1751 614 ad
1778 574 1867 614 illos

87 636 304 673 accuratius
334 633 570 674 deliniendos
601 640 640 675 et
670 636 708 672 in
739 645 856 672 unum
887 632 1177 683 conjungendos
1206 633 1408 682 ignorabat
1439 632 1585 681 adhuc,
1618 645 1717 683 quae
1747 634 1867 672 inter-
1898 642 1914 657 ·

86 691 242 736 eederet
274 693 374 733 ratio
410 694 509 731 inter
536 698 665 730 notos
705 703 838 730 cursus
876 697 914 731 et
952 691 1176 730 distantiam
1214 703 1239 729 a
1274 690 1377 729 Sole.
1435 690 1547 730 Haec
1581 697 1666 730 erat
1702 702 1781 730 una
1819 690 1866 730 de

85 750 232 798 ausis,
272 760 340 789 cur
379 752 419 788 iu
459 749 717 800 Rudolpbinis
759 749 902 788 tabulis
942 747 1191 788 conficiendis
1222 747 1366 787 diutius
1394 754 1617 797 moraretur,
1647 754 1686 788 et
1715 748 1867 788 detecta

85 807 173 857 lega
213 806 263 847 de
309 805 578 847 distantiarum
618 814 657 846 et
693 813 867 846 motuum
917 806 1200 858 periodicorum
1246 809 1511 857 proportione,
1554 818 1634 857 qua
1673 806 1866 857 Keplerus

86 864 291 907 inchoatae
320 865 547 916 disciplinae
575 876 670 904 suae
700 865 896 916 fastigium
925 866 1120 915 imposuit,
1151 864 1278 904 denuo
1308 866 1490 904 incitatus
1520 871 1591 913 est,
1622 870 1667 904 ut
1693 859 1866 905 redinte-

84 928 195 972 grato
225 921 355 963 studio
386 923 641 971 conficiendas
671 924 766 963 istas
794 923 949 962 tabulas
978 924 1202 972 susciperet.
1748 974 1750 977 .

225 980 439 1021 Ptolemaei
468 981 703 1020 Harmoniae
735 983 860 1020 versio
889 981 1070 1020 absoluta
1098 986 1157 1019 est
1185 992 1319 1028 mense
1349 980 1561 1020 Februario
1595 981 1723 1029 1618,
1753 985 1865 1032 post-

85 1048 205 1087 quam
232 1038 424 1088 Keplerus
453 1039 571 1090 paulo
600 1046 691 1078 ante
719 1037 822 1091 (Oct.
852 1038 976 1088 1617)
1007 1040 1045 1076 in
1066 1038 1417 1088 Wiirtembergiam
1445 1038 1639 1088 profectus
1669 1038 1863 1078 Vincentii

86 1095 254 1136 Galilaei
283 1097 332 1136 de
359 1109 400 1136 re
430 1099 578 1136 musica
608 1109 705 1147 opus
735 1097 881 1147 legerat
906 1098 980 1144 (cfr.
1006 1098 1084 1134 Vol.
1108 1099 1153 1134 11.
1177 1110 1212 1144 p.
1230 1098 1322 1143 401).
1371 1097 1416 1134 In
1436 1097 1706 1147 cognoscendo
1725 1096 1863 1136 Ptole·

84 1164 196 1199 maso
226 1166 382 1205 operam
411 1166 651 1202 consumens,
682 1154 734 1193 ad
763 1158 890 1206 priora
919 1153 1050 1192 studia
1078 1159 1284 1194 revocatus
1306 1154 1541 1194 Harmoniae
1564 1167 1658 1194 snae
1688 1155 1863 1194 ultimam

83 1211 216 1251 limam
245 1212 431 1261 admovit,
472 1218 511 1251 et
539 1218 767 1263 computans
797 1212 947 1263 aliquot
975 1212 1083 1251 locos
1114 1211 1251 1254 dubios
1283 1211 1369 1250 libri
1399 1213 1448 1250 V.
1478 1218 1630 1263 praeter
1659 1218 1864 1266 exspecta—

83 1270 228 1309 tionem
255 1269 308 1318 ad
336 1270 590 1320 detegendam
618 1283 699 1308 rem
729 1271 835 1309 illam
864 1275 1078 1310 memoratu
1099 1269 1362 1319 dignissimam
1384 1270 1535 1309 delatus
1555 1276 1626 1310 est.
1669 1271 1863 1322 Keplerus

83 1328 123 1365 in
151 1329 265 1368 tertio
292 1328 381 1367 libri
410 1330 533 1378 quinti
563 1331 690 1379 eapite
719 1329 844 1376 refert,
874 1334 964 1367 ante
994 1327 1097 1366 diem
1125 1328 1237 1367 VIII.
1276 1328 1369 1367 Idus
1399 1329 1561 1373 Martias
1590 1330 1755 1379 primum
1783 1341 1862 1369 rem

83 1385 249 1425 subiisse
268 1387 390 1437 ipsius
416 1387 599 1435 animum,
629 1386 697 1425 sed
725 1394 881 1437 propter
908 1397 1074 1426 errorem
1092 1387 1131 1423 in
1153 1386 1412 1436 computando
1431 1387 1643 1426 admissum
1662 1392 1707 1426 ut
1725 1387 1862 1427 falsam

83 1444 135 1482 ab
162 1446 249 1494 ipso
277 1439 363 1492 esse
392 1444 587 1494 rejectam.
645 1444 723 1483 Sed
753 1445 803 1483 ab
834 1444 900 1483 illo
930 1443 1018 1485 inde
1050 1450 1222 1494 tempore
1255 1455 1335 1483 non
1374 1445 1542 1496 amplius
1572 1447 1754 1485 omissam
1781 1457 1862 1485 rem

83 1500 136 1539 ad
172 1501 289 1541 finem
324 1502 504 1552 perduxit
531 1502 664 1540 Idibus
695 1502 824 1552 Majis.
898 1502 1047 1552 Coepta
1083 1508 1143 1541 est
1182 1501 1395 1542 Harmonia
1431 1505 1535 1554 typis
1574 1506 1737 1554 exprimi
1771 1509 1862 1543 ante

84 1558 185 1598 diem
212 1559 284 1598 VI.
303 1559 387 1598 Cal.
416 1559 557 1599 Junias
581 1561 702 1608 1618,
731 1560 842 1599 finita
869 1573 904 1599 a.
926 1560 963 1598 d.
994 1559 1069 1597 XL
1102 1559 1185 1598 Cal.
1217 1561 1331 1600 Mart.
1361 1561 1482 1602 1619.
1532 1561 1649 1601 Liber
1677 1562 1709 1601 Ι.
1741 1566 1779 1601 et
1808 1562 1861 1601 11.

83 1620 278 1666 postitres
306 1617 463 1661 ultimos
492 1619 663 1667 expressi
694 1620 878 1669 inopere
908 1618 957 1656 ab
977 1622 1134 1656 auctore
1155 1617 1259 1656 edito
1287 1620 1520 1669 peculiarem
1550 1620 1696 1659 habent
1724 1621 1862 1659 seriem

84 1673 322 1724 pagellarum
352 1682 391 1713 et
419 1675 617 1724 peculares
647 1675 885 1725 pagellarum
916 1675 1174 1724 singularium
1196 1681 1322 1716 notas.
1373 1676 1579 1726 Quomodo
1609 1689 1707 1729 opus
1737 1684 1860 1717 ortum

83 1732 149 1780 sit,
176 1732 364 1782 epistolae
396 1744 496 1782 quae
524 1740 739 1782 sequuntur
767 1733 942 1783 pluribus
972 1740 1160 1771 enarrant.

217 1789 409 1840 Keplerus
439 1802 537 1840 opus
568 1803 678 1828 suum
710 1790 906 1830 dedicavit
934 1790 1087 1830 Jacobo
1108 1791 1140 1829 Ι.
1162 1791 1378 1841 Anglorum
1407 1794 1502 1842 regi,
1534 1805 1649 1843 quem
1669 1793 1861 1844 Keplerus

79 1847 270 1896 ejusmodi
288 1849 673 1887 commentationibus
694 1848 876 1887 delectari
895 1850 1009 1887 sciret
1032 1851 1106 1890 (cfr.
1129 1852 1159 1887 Ι.
1182 1852 1275 1894 3ῒο).
1303 1850 1569 1901 Manuscripta
1582 1851 1861 1891 Puleoviensia

28 1932 31 1933 ν
81 1904 334 1945 dedicationis
365 1906 480 1955 hujus
510 1906 669 1945 formam
699 1907 864 1946 referunt
894 1907 944 1945 ab
973 1908 1159 1956 impressa
1184 1907 1463 1958 discrepantem
1493 1908 1609 1961 (quae
1629 1909 1860 1960 discrepant,

81 1967 178 2002 nota
205 1965 241 2003 1.
271 1963 622 2016 comparavimus).1
668 1964 812 2004 Eadem
849 1965 896 2002 de
932 1976 1068 2011 causa,
1109 1977 1186 2014 qua
1222 1966 1411 2016 impulsus
1447 1967 1639 2017 Keplerus
1681 1969 1763 2017 regi
1802 1967 1860 2006 illi

80 2019 331 2062 Harmoniam
372 2021 581 2069 dedicavit,
613 2022 736 2061 eidem
773 2022 913 2061 librum
953 2022 1000 2060 de
1044 2022 1165 2061 Stella
1204 2022 1319 2062 Nova
1354 2027 1618 2065 transmiserat
1663 2031 1702 2064 et
1738 2026 1859 2064 literis

80 2077 260 2127 adjectis,
293 2090 390 2128 quas
419 2079 506 2118 Vol,
540 2080 591 2117 II.
621 2093 659 2130 p.
694 2082 774 2118 606
806 2080 1073 2130 exprimendas
1103 2083 1340 2131 curavimus,
1381 2086 1525 2133 pariter
1553 2095 1600 2123 ac
1630 2085 1669 2121 in
1699 2083 1859 2123 dedica-

81 2137 186 2176 tione
214 2137 355 2185 quibus
384 2139 511 2176 causis
541 2144 668 2176 motus
697 2138 737 2175 id
766 2139 910 2177 faceret
937 2140 1270 2188 pronunciaverat.

214 2193 382 2243 Figurae
419 2195 469 2233 ad
507 2195 756 2235 Harmoniam
799 2196 952 2235 additae
988 2208 1014 2234 a
1042 2195 1250 2235 Guilielmo
1286 2198 1542 2246 Schickardo,
1581 2204 1663 2238 tum
1694 2198 1858 2238 diacono

78 2250 336 2300 Nurtingensi,
367 2251 583 2292 delineatae
611 2259 718 2301 sunt,
760 2254 861 2293 aliae
889 2253 995 2304 ligno
1027 2256 1243 2304 inscriptae,
1284 2256 1384 2294 aliae
1416 2258 1496 2295 aeri
1525 2258 1683 2296 incisae.
1741 2256 1857 2310 (Vide

80 2307 209 2357 intra.)

152 2357 161 2360 ’
216 2365 438 2416 Bibliopola
454 2367 625 2418 Keplero
646 2373 798 2407 centum
828 2368 1065 2418 exemplaria
1094 2372 1221 2419 operis
1251 2372 1443 2410 commisit
1471 2383 1541 2422 pro
1569 2372 1758 2421 mercede,
1789 2373 1858 2411 illa

79 2427 208 2462 aetate
238 2434 314 2461 non
346 2425 500 2473 usitata,
531 2437 579 2464 ea
608 2426 845 2474 conditione,
876 2438 924 2464 ne
955 2426 1056 2464 dono
1088 2427 1268 2466 darentur
1297 2431 1496 2478 cuiquam,
1526 2430 1596 2469 sed
1625 2430 1703 2469 fixo
1732 2433 1856 2481 pretio

11 2482 17 2485 ’
82 2481 257 2519 binorum
286 2481 512 2521 florenorum
543 2495 630 2521 cum
660 2483 817 2521 dimidio
847 2483 1112 2522 venderentur.

218 2539 478 2588 Archetypum
507 2553 628 2590 parvo
658 2541 750 2580 solio
771 2543 992 2591 impressum
1014 2544 1095 2580 332
1122 2545 1284 2592 paginas
1308 2545 1573 2595 complectitur
1594 2558 1680 2584 cum
1701 2546 1858 2596 pagella

82 2595 235 2651 titulum
271 2602 310 2634 et
353 2596 628 2637 dedicationem
670 2599 870 2639 referente.
929 2599 974 2637 In
1004 2600 1115 2638 titulo
1154 2604 1269 2640 etiam
1303 2604 1472 2642 secunda
1508 2603 1626 2642 editio
1657 2604 1857 2643 Prodromi

13 2678 21 2682 >
82 2653 239 2692 refertur
278 2653 485 2704 („accessit
512 2667 614 2695 nune
643 2662 798 2707 propter
827 2659 1096 2706 cognationem
1125 2662 1307 2698 materiae
1344 2661 1516 2710 ejusdem
1552 2662 1649 2700 liber
1681 2668 1771 2700 ante
1801 2664 1853 2700 23

81 2721 202 2749 annos
232 2710 356 2749 editus
372 2711 586 2762 Til-bingae,
618 2715 677 2752 cui
707 2714 860 2753 titulus:
891 2715 1122 2754 Prodromus
1145 2717 1274 2767 ete-⁴⁶).
1316 2719 1469 2756 Titulus
1501 2725 1630 2757 autem
1661 2721 1854 2759 secundae

83 2767 259 2806 editionis
292 2769 542 2816 „Proaromiss
575 2773 689 2810 refert
719 2784 861 2810 annum
894 2774 1015 2820 1621,
1047 2785 1169 2822 aeque
1201 2787 1246 2813 ae
1277 2775 1468 2814 dedicatio
1499 2778 1574 2818 (cfr.
1598 2779 1624 2813 Ι.
1650 2781 1694 2815 95
1710 2784 1747 2814 et
1766 2780 1853 2826 105),

0 2860 2 2862 ,
82 2830 125 2862 ut
145 2826 278 2864 titulus
295 2825 530 2865 Harmoniae
562 2828 701 2878 duplex
729 2832 936 2879 impressus
957 2843 1040 2869 esse
1061 2831 1249 2879 videatur,
1280 2834 1384 2882 quod
1405 2835 1650 2872 confirmatur
1667 2835 1853 2884 inspecto,

3 2918 10 2932 ἶ
78 2882 174 2920 ‘dum
202 2883 299 2922 haee
334 2886 552 2932 scribimus,
596 2886 672 2924 alio
710 2884 916 2937 exemplari
947 2888 1201 2938 Harmoniae,
1242 2892 1279 2926 in
1319 2903 1395 2940 quo
1428 2893 1564 2939 verba,
1610 2904 1708 2941 qnae
1737 2893 1852 2932 modo

4 2950 18 2998 j&
84 2940 299 2989 citavimus,
320 2944 463 2981 omissa
482 2948 583 2981 sunt.
619 2943 755 2983 Nonne
775 2946 854 2984 alia
877 2947 1031 2996 insuper
1050 2948 1296 2997 inscriptione
1318 2955 1451 2988 omata
1472 2961 1560 2999 pars
1580 2950 1852 3000 exemplarium

83 2995 318 3041 Harmoniae
362 3000 546 3049 prodierit
596 3008 810 3051 quaeratur,
858 3010 1060 3054 propterea
1097 3005 1201 3054 quod
1238 3006 1367 3044 multis
1405 3007 1564 3056 Kepleri
1604 3008 1852 3057 epistolarum

83 3052 179 3098 locis
214 3066 338 3094 sermo
378 3057 422 3096 tit
460 3058 509 3097 de
549 3058 835 3106 „admonitione
873 3061 925 3100 ad
963 3062 1196 3112 bibliopolas
1241 3066 1431 3113 exteros“‚
1477 3077 1554 3114 qua
1593 3066 1852 3106 admonitione
