1994 3276
1136 2 1154 15 Χ

124 94 208 134 204
701 103 756 138 De
779 103 1075 150 Proportionibus
1098 105 1335 144 Harmonicis.

238 214 354 256 XVI.
387 218 513 257 Etiam
543 217 639 258 illud
670 221 708 259 in
738 225 875 272 poenis
906 224 1121 275 irrogandis
1160 225 1210 264 ad
1239 228 1514 276 geometricam
1542 229 1715 278 pertinet¹
1738 231 1917 280 aequita-

123 278 213 322 tem,
246 274 350 324 quod
382 279 492 326 pueri
524 289 640 328 quam
674 279 815 328 adulti,
845 281 1001 331 juvenis
1032 295 1149 333 quam
1179 286 1303 332 senis,
1345 285 1511 324 feminae
1542 297 1660 336 quam
1692 289 1763 326 viri
1792 300 1918 339 poena

92 336 182 370 ‚est
211 332 347 373 lenior.
407 334 512 373 Nihil
553 337 617 375 hic
657 337 827 387 iniquius
858 341 1095 390 aequalitate
1135 342 1385 382 arithmetica
1412 348 1618 395 perpetua,
1660 357 1759 395 quae
1788 352 1917 385 tamen

123 391 155 428 si
186 391 379 431 adimatur
409 393 635 444 prudentiae
661 395 818 446 judicis,
850 410 918 449 pro
949 411 989 439 re
1020 404 1113 438 nata
1142 401 1387 451 usurpanda,
1406 403 1634 451 'turbabitur
1663 403 1915 443 nihilominus

121 449 346 489 harmonica
373 455 583 503 proportio.
1370 485 1374 490 -

235 508 372 548 XVII.
402 509 681 552 Harmonicam
710 516 998 564 proportionem
1018 515 1194 554 Bodinus
1225 517 1263 552 in
1296 517 1342 554 iis
1362 517 1514 567 legibus
1535 518 1784 567 demonstrat,
1816 530 1916 568 quae

123 576 210 605 cum
250 569 414 618 primum
456 575 584 610 actum
622 571 777 610 sceleris
818 573 1034 623 aequaliter
1073 576 1112 612 in
1154 574 1333 612 omnibus
1370 574 1449 613 levi
1485 576 1630 614 mulcta
1669 576 1916 625 ulciscuntur,

122 624 243 663 veluti
274 626 546 668 admonitionis
578 630 686 678 loco,
725 630 942 670 relabentes
978 637 1116 682 postea
1152 633 1311 681 gravius
1341 635 1526 682 puniunt,
1565 636 1679 673 tertio
1709 640 1915 685 peccantes

121 683 259 722 iterum
283 687 448 734 gravius
478 693 518 727 et
547 687 714 737 denique
744 694 867 728 morte
898 690 1082 740 plectunt.
1144 689 1213 728 Est
1243 692 1343 728 enim
1383 693 1505 730 mixta
1534 693 1752 742 aequalitas
1793 693 1916 731 arith-

122 743 263 781 metica
293 745 331 781 in
362 746 485 794 primo
517 751 618 795 actu,
651 749 887 795 geometrica
917 751 1114 798 proportio
1146 749 1182 785 in
1214 750 1367 798 repetiti
1398 761 1527 799 eoque.
1551 751 1916 800 graviorissceleris

121 802 289 849 graviori
319 813 456 852 poena.
516 804 628 846 Haec
658 804 809 844 Bodino
841 808 1070 856 compositio
1103 807 1264 845 duarum
1297 808 1334 844 in
1366 819 1482 846 unam
1515 801 1599 848 visa
1630 814 1689 848 est
1718 809 1916 848 harmoni-

122 870 205 898 cam
238 862 471 902 constituere
500 864 801 914 proportionem.

239 917 393 958 XVIII.
427 921 472 960 In
501 933 663 974 genere,
706 922 811 972 quod
842 934 991 974 poenae
1030 924 1114 962 sive
1152 923 1304 971 legibus
1347 924 1430 962 sive
1465 923 1610 973 judicis
1650 925 1808 963 arbitrio
1847 937 1916 977 pro

121 974 347 1016 diversitate
377 982 415 1017 et
446 981 713 1030 magnitudine
753 982 954 1019 criminum
985 981 1256 1031 dispensantur
1295 982 1596 1032 universumque
1634 982 1732 1022 adeo
1758 983 1824 1032 jus
1853 989 1918 1032 ta-

119 1033 236 1074 lionis
265 1038 523 1085 geometricae
554 1040 759 1087 analogiae
790 1039 1035 1078 tribuendum
1069 1046 1138 1087 est,
1170 1039 1275 1088 quod
1305 1039 1463 1089 quidam
1486 1039 1736 1090 >legislatores
1768 1053 1916 1091 aequa-

119 1092 208 1131 liter
236 1094 458 1144 inaequalia
487 1099 692 1147 generibus
723 1102 885 1147 peccata
917 1098 1135 1136 vindicant:
1176 1097 1418 1136 arithmetica
1448 1098 1546 1137 haec
1575 1100 1674 1137 ratio
1715 1101 1812 1138 inter
1842 1100 1925 1138 ho-v

121 1152 242 1190 mines
273 1152 401 1192 locum
431 1166 508 1194 non
539 1156 670 1204 habet,
701 1156 740 1192 in
773 1156 871 1203 Deo,
904 1156 1014 1206 cujus
1046 1154 1260 1206 aequaliter
1291 1168 1424 1194 omnes
1445 1162 1619 1195 creatura
1638 1169 1783 1205 sumus,
1817 1170 1915 1208 que—

121 1209 210 1249 relis
240 1213 381 1251 nostris
418 1218 461 1252 ut
496 1213 796 1264 reprehendatur
837 1215 894 1252 fas
937 1225 1014 1253 non
1053 1219 1122 1254 est.
1186 1214 1237 1252 At
1269 1214 1372 1263 quod
1411 1214 1686 1264 legumlatores
1723 1214 1915 1265 quaedam

119 1267 268 1308 leviora
306 1283 373 1321 per
411 1283 452 1311 se
493 1274 651 1312 crimina
693 1273 959 1327 gravissimis,
999 1274 1233 1323 irrogatione
1273 1284 1507 1323 poenarum,
1551 1275 1646 1324 reip.
1685 1285 1804 1312 causa
1846 1287 1915 1313 ex-

121 1332 300 1376 aequant,
331 1334 370 1368 et
401 1331 505 1379 quod
537 1333 575 1370 in
601 1331 688 1381 jure
720 1331 876 1369 talionis
908 1342 983 1369 non
1015 1331 1110 1370 dens
1141 1343 1210 1381 pro
1242 1330 1378 1379 dente,
1421 1331 1488 1369 sed
1518 1331 1761 1370 loco‘dentis
1792 1335 1914 1371 aesti-

121 1390 268 1424 matum
300 1389 484 1437 pretium,
527 1389 574 1430 de
606 1402 683 1439 quo
714 1391 812 1427 inter
841 1388 1039 1438 litigantes
1070 1390 1277 1428 convenire
1309 1394 1448 1440 potest,
1480 1389 1722 1439 rependitur,
1764 1402 1834 1429 nec
1865 1393 1912 1438 ei,

121 1445 186 1493 qui
215 1445 310 1482 mihi
342 1445 389 1485 de
421 1446 572 1487 duobus
604 1448 726 1486 oculis
757 1459 875 1486 unum
906 1448 1017 1493 eruit,
1050 1450 1240 1498 cumipse
1264 1447 1452 1486 unoculus
1475 1452 1589 1494 esset,
1621 1450 1789 1487 caecitas
1810 1461 1915 1487 mera

120 1502 305 1551 infligitur
334 1510 444 1544 eruto
473 1517 565 1554 suo,
607 1506 645 1544 id
675 1506 923 1545 harmonicae
954 1505 1106 1544 Bodino
1144 1505 1508 1556 contemperationis
1539 1510 1618 1555 est3
1647 1508 1715 1544 sic
1745 1508 1846 1545 enim
1878 1512 1916 1546 et

120 1561 275 1608 singula
302 1568 463 1612 peccata
493 1576 640 1614 poenas
671 1562 820 1604 habent
850 1563 1090 1604 arithmetice
1121 1564 1329 1614 aequales,
1371 1563 1597 1616 cet-diversa
1630 1565 1766 1615 poenis
1798 1567 1916 1604 etiam

120 1618 417 1669 distinguuntur.
1912 1648 1915 1651 -

236 1677 356 1717 XIX.
390 1679 465 1730 Qui
497 1684 659 1719 conatus
691 1681 809 1718 animi
841 1681 1006 1730 puniunt
1035 1692 1162 1732 poena
1192 1692 1269 1719 non
1292 1681 1441 1727 leviori,
1473 1691 1590 1730 quam
1610 1682 1643 1718 si
1675 1681 1915 1721 voluntatem

122 1742 381 1786 consequatur
412 1739 591 1784 effectus,
624 1743 663 1776 et
694 1740 758 1788 qui
789 1739 933 1778 sactum
965 1741 1147 1790 puniunt,
1180 1751 1203 1776 a
1234 1750 1310 1788 quo
1342 1739 1477 1777 aberat
1507 1740 1678 1788 animus,
1721 1739 1914 1790 plebeJam

125 1794 404 1835 arithmeticam
436 1797 714 1847 aequalitatem
745 1799 841 1836 vitio
873 1808 949 1835 non
981 1797 1057 1836 levi
1089 1797 1302 1844 stabiliunt,
1334 1797 1414 1834 illic
1445 1798 1483 1833 in
1515 1796 1766 1836 dissimilibus
1797 1800 1915 1845 animi

121 1854 346 1902 conatibus,
386 1855 449 1894 hic
480 1857 518 1893 in
550 1855 802 1894 dissimilibus
846 1855 1105 1904 facinoribus;
1144 1857 1209 1905 qui
1249 1855 1450 1904 distinguit
1479 1855 1542 1893 hic
1581 1857 1677 1894 inter
1707 1861 1916 1895 conatuum

121 1913 249 1950 varias
279 1912 434 1960 formas,
467 1919 510 1952 ut
541 1925 707 1964 poenam
737 1913 893 1952 sceleris
923 1914 1090 1961 habeat,
1124 1915 1191 1963 qui
1223 1915 1353 1951 omnia
1381 1913 1483 1960 fecit,
1517 1923 1617 1962 quae
1648 1915 1800 1952 animus
1830 1927 1914 1953 me-

121 1968 267 2008 ditatus
298 1971 349 2016 adv
379 1978 559 2010 eventum
592 1972 724 2010 afferre
754 1977 902 2021 potest,
945 1973 1028 2010 sive
1060 1973 1355 2022 perpetraverit,
1397 1972 1480 2008 sive
1517 1982 1636 2020 scopo
1667 1973 1912 2022 aberraverit,

121 2039 196 2066 non
229 2027 383 2074 habeat,
417 2031 483 2079 qui
514 2031 784 2069 occasionibus
816 2030 971 2079 quidem
1002 2030 1207 2068 insidiatus
1237 2035 1307 2077 est,
1339 2029 1389 2067 ad
1410 2040 1488 2066 rem
1515 2033 1656 2077 tamen,
1685 2030 1795 2080 cujus
1815 2032 1916 2069 ima-

121 2087 210 2136 gine
240 2087 503 2126 conscelerata
542 2094 696 2137 poterat
726 2089 954 2135 absterreri,
994 2099 1071 2125 non
1104 2089 1228 2135 venit,
1271 2088 1334 2126 hic
1373 2089 1646 2136 geometricam
1679 2089 1914 2138 aequitatem

123 2145 328 2194 observat3
361 2157 431 2184 nec
461 2148 600 2194 minus,
625 2148 698 2195 qui
730 2146 872 2184 nudam
905 2148 1195 2196 persuasionem
1225 2145 1381 2184 sceleris
1412 2144 1535 2182 levius
1567 2147 1697 2194 punit,
1730 2158 1845 2196 quam
1876 2149 1914 2184 in

122 2207 316 2253 patratore
348 2204 475 2243 scelus
507 2206 652 2255 ipsum,
685 2210 723 2242 et
754 2210 904 2251 contra,
937 2206 1002 2254 qui
1033 2209 1231 2242 auctorem
1262 2209 1300 2242 et
1330 2202 1578 2254 impulsorem
1607 2206 1765 2253 gravius
1798 2217 1914 2255 quam

122 2263 348 2309 ministrum,
380 2267 422 2301 ut
453 2264 517 2312 qui
550 2263 719 2301 alienum
751 2261 877 2306 scelus
909 2263 1100 2312 patravit3
1132 2263 1197 2311 qui
1220 2261 1385 2311 denique
1417 2261 1542 2299 levius
1575 2273 1674 2310 eum,
1701 2274 1821 2311 ‚quem
1855 2265 1913 2301 vis

123 2332 263 2369 magna
293 2319 464 2358 libidinis
497 2321 559 2359 vel
590 2322 669 2359 irae
701 2326 959 2358 transversum
992 2321 1137 2370 rapuit,
1172 2331 1288 2368 quam
1320 2321 1386 2368 qui
1418 2320 1585 2368 quietior
1629 2321 1678 2358 ab
1709 2321 1755 2359 iis
1787 2323 1916 2360 omnia

122 2378 401 2428 praemeditato
441 2381 570 2418 animo
610 2380 769 2430 peregit.
831 2378 939 2416 Idem
978 2378 1024 2416 de
1057 2382 1265 2416 eventuum
1299 2379 1485 2415 varietate
1529 2378 1746 2416 tenendum.
1808 2380 1941 2417 Ean—‘

123 2437 208 2475 dem
237 2448 402 2486 poenam
433 2443 609 2485 meretur,
643 2438 707 2486 qui
740 2438 929 2475 viatorem
960 2436 1102 2487 spoliat
1132 2435 1310 2484 triobolo,
1342 2437 1375 2473 si
1405 2436 1535 2481 animo
1558 2448 1722 2486 magnae
1744 2436 1910 2487 praedae

124 2495 311 2542 inhiavit,
350 2507 466 2544 quam
498 2497 562 2545 qui
595 2495 782 2533 talentum
813 2496 974 2544 eripuit;
1015 2496 1200 2532 minorem
1233 2500 1381 2540 contra,
1415 2494 1479 2542 qui
1513 2505 1598 2531 cum
1629 2499 1750 2532 totum
1782 2501 1912 2546 posset

123 2554 269 2592 auferre
300 2553 450 2603 pondus
482 2555 586 2600 auri,
630 2553 820 2591 modicum
853 2552 1031 2600 abstulit,
1076 2563 1191 2602 quam
1222 2553 1288 2600 qui
1321 2563 1539 2589 crumenam
1570 2553 1730 2603 eripuit,
1766 2555 1803 2590 in
1835 2565 1913 2602 qua

124 2611 280 2662 pauculi
310 2623 430 2650 asses.
490 2611 574 2649 Has
606 2610 759 2659 quidem
791 2612 1045 2660 geometricas
1077 2610 1342 2648 distinctiones
1373 2609 1546 2648 Bodinus
1589 2611 1639 2648 ad
1668 2610 1912 2661 philosophi-

125 2682 208 2709 cam
239 2670 438 2708 criminum
468 2670 778 2708 aestimationem
806 2669 931 2715 refert,
964 2679 1109 2718 poenas
1141 2678 1245 2714 vero,
1277 2667 1418 2717 quibus
1439 2668 1615 2718 exempla
1645 2668 1798 2718 publice
1829 2674 1911 2710 sta—

125 2732 302 2775 tuuntur,
345 2727 395 2766 ad
435 2727 629 2778 publicam
671 2725 989 2775 tranquillitatem
1020 2727 1274 2776 pertinentes,
1321 2726 1541 2764 omnimoda
1577 2725 1644 2763 illa
1675 2727 1910 2776 aequalitate

125 2787 276 2833 eximit,
306 2791 349 2824 ut
379 2787 434 2825 ita
463 2786 631 2825 crebrius
662 2786 701 2821 in
731 2785 851 2831 facta,
885 2795 984 2833 quae
1015 2785 1052 2821 in
1084 2785 1226 2821 civium
1258 2785 1392 2822 oeulos
1424 2785 1629 2831 incurrunt,
1662 2783 1911 2824 animadver-

126 2849 227 2883 tatur
256 2844 432 2893 publice,
464 2844 633 2883 crebrius
665 2846 825 2881 conatus
855 2854 879 2879 a
910 2853 1028 2890 scopo
1057 2842 1296 2888 aberrantes,
1338 2843 1479 2897 quippe
1509 2843 1747 2892 inconspicui
1778 2842 1909 2892 vulgo,

126 2903 315 2951 impuniti,
346 2907 413 2940 aut
443 2902 583 2952 levius,
613 2913 728 2951 quam
758 2900 990 2951 geometrice
1022 2911 1090 2949 par
1121 2905 1213 2945 erat,
1245 2901 1369 2949 puniti
1401 2901 1717 2947 transmittantur,
1750 2906 1792 2938 ut
1822 2912 1910 2938 cru-

127 2959 294 2998 delitatis
324 2962 451 2998 minus
481 2972 599 3010 penes
624 2959 796 3009 Judicem
825 2959 1047 3008 reperiatur.
1108 2958 1185 2995 Tot
1216 2963 1411 3007 respectus
1452 2958 1541 2995 boni
1572 2957 1716 3007 publici
1754 2958 1909 2997 harmo-

127 3019 255 3056 nicum
287 3018 378 3067 quid
409 3020 576 3068 sapiunt.

242 3075 340 3114 XX.
372 3076 416 3115 In
443 3075 591 3127 judicio
622 3077 738 3125 inque
769 3072 1115 3115 consultationibus
1146 3073 1386 3112 arithmetica
1416 3076 1475 3111 est
1502 3074 1600 3110 ratio
1629 3073 1906 3123 suffragiorum,
