1994 3276
795 57 1234 134 mermespntxv.
1304 140 1307 143 Ι
1771 78 1913 131 ’899-

114 213 197 249 ene
218 203 470 266 proportiones
493 167 733 241 harmonicas.
778 203 935 240 Secutus
959 213 1046 249 ergo
1067 203 1319 250 cognationem
1341 189 1461 239 rerum
1483 201 1626 247 censui,
1662 199 1798 237 solidas
1821 199 1899 246 qui-

117 257 199 296 den
226 253 362 305 figuras
390 257 524 305 primas
556 253 671 304 p'rima
700 251 819 303 spatia
846 255 970 292 mundi
998 260 1290 302 repraesentare3
1321 255 1480 302 quinque
1515 253 1610 290 enim
1638 252 1775 298 figurae
1800 254 1905 289 erant

118 308 156 345 ιιι
178 311 386 356 geomeffla,
409 309 569 356 quinque
592 309 717 346 itidem
738 309 933 346 interstitia
956 309 1103 355 (qnippe
1126 308 1354 354 planetarum
1385 317 1450 343 seu
1480 305 1739 343 curriculorum
1763 305 1840 351 sex)
1863 303 1902 340 ιιι

118 362 330 409 cuper-nico.
376 363 612 400 Harmonicas
635 372 721 398 vero
744 362 1014 408 proportiones,
1048 366 1090 398 ιιι
1113 371 1159 398 ex
1184 361 1300 407 planis
1325 364 1362 396 et
1385 359 1549 395 circulari
1571 358 1667 429 linea
1689 362 1806 420 ortas,
1829 366 1905 393 mo·

117 413 215 451 tibus
237 414 452 452 amandis
476 414 589 451 fuisse
613 414 824 451 destinatas.

232 471 339 524 Quod
361 479 472 526 igitur
494 479 680 515 materiam
705 469 834 516 attinet
856 478 1010 514 duorum
1032 477 1162 514 horum
1176 477 1373 513 Ptolemaei
1395 476 1564 522 capitum,
1588 475 1695 512 unius
1712 474 1757 511 de
1774 473 1904 521 sphae-

114 530 176 576 ris,
199 530 350 568 alterius
383 531 428 568 de
452 532 632 575 motibus,
656 531 702 566 de
725 530 888 577 sphaeris
913 530 1056 576 quidem
1081 535 1201 566 exstat
1222 529 1369 566 libellus
1391 539 1504 575 meus,
1530 527 1742 574 Mysterium
1760 528 1904 564 cosmo-

116 559 324 630 graphicum
356 583 492 628 dictus,
528 584 591 628 qui
620 588 705 619 ante
733 583 779 619 22
803 593 927 619 annos.
949 582 1068 618 editus
1102 587 1160 619 est
1183 582 1387 627 Tubingae,
1424 581 1530 626 cujus
1561 580 1757 626 praecipua
1786 580 1906 627 capita

116 636 243 684 repetii
264 636 356 674 libro
380 637 488 683 hujus
512 637 582 672 mei
605 636 725 682 operis
749 636 946 672 harmonici
969 635 1107 680 quinto.
1130 645 1209 680 cap.
1238 637 1268 670 1.
1294 640 1330 669 ει
1354 635 1386 670 3.
1410 634 1449 670 in
1473 633 1673 678 schemate,
1705 638 1744 669 et
1765 643 1845 679 cap.
1867 633 1904 668 4.

116 687 205 724 folio
226 689 296 726 196
319 689 423 734 (285)
448 695 484 725 ει
507 689 668 734 inprimis
692 698 771 734 cap.
796 688 830 734 9,
851 692 893 724 ut
916 687 1096 723 axiomata
1125 687 1159 721 2.
1184 692 1221 723 et
1243 686 1299 723 46.
1323 692 1360 722 ει
1383 696 1484 731 prop.
1502 685 1559 722 47.
1584 690 1622 721 et
1636 686 1693 722 48.
1718 691 1755 722 et
1770 686 1808 721 in
1831 685 1906 732 epi-

117 741 335 787 phonemate
356 742 413 786 49,
439 747 479 778 ut
501 746 539 778 ει
562 752 641 787 cap.
666 742 723 779 10.
747 741 785 777 ιιι
809 739 962 785 epilogo,
988 738 1073 775 folio
1098 739 1167 775 248
1192 739 1308 784 (327).
1357 739 1411 775 De
1434 738 1590 775 motibus
1614 749 1709 784 vero,
1734 738 1780 774 ad
1797 742 1907 784 caput

120 794 316 831 Ptolemaei
338 805 494 839 sequens
519 796 573 831 15.
598 794 870 840 pertinentibus,
895 803 962 837 ago
986 791 1078 827 libro
1102 790 1236 836 quinto.
1253 791 1373 836 operis
1398 790 1467 826 mei
1491 795 1568 826 toto
1594 801 1640 827 ex
1663 790 1840 836 professo.

234 858 307 898 Sed
342 859 388 896 de
419 858 582 904 sphaeris
615 868 763 902 agamus
782 857 870 902 jam.
919 855 1064 892 Summa
1097 854 1192 890 enim
1215 854 1379 900 Mysterii
1405 855 1697 901 cosmographici
1723 855 1814 892 haec
1838 859 1906 900 est,

117 910 235 958 quod,
267 921 350 947 cum
372 921 444 947 non
467 909 608 956 possint
625 919 704 945 esse
727 908 850 954 plures
873 907 1012 953 figurae
1035 906 1173 943 solidae
1196 905 1380 950 regulares
1410 918 1518 952 quam
1542 908 1582 954 5,
1615 917 1688 944 nou
1712 907 1821 944 etiam
1846 908 1906 943 de·

117 964 260 1005 bum-int
282 962 360 999 fieri
384 962 489 1008 plura
514 962 651 998 orbium
675 961 953 1007 planetariorum
978 959 1168 995 intervalla
1191 970 1298 1004 quam
1322 959 1445 1007 itidem
1469 961 1501 1006 5,
1539 960 1736 1007 pluresque
1761 970 1905 997 curren-

116 1022 171 1055 tes
193 1015 320 1053 stellae
343 1026 537 1060 earumque
562 1014 740 1052 curricula
765 1025 873 1060 quam
897 1014 936 1058 6,
970 1013 1139 1058 quodque
1165 1023 1209 1053 ex
1234 1022 1306 1048 una
1329 1012 1490 1058 qualibet
1506 1013 1622 1059 figura
1642 1013 1828 1059 'quantitas
1852 1012 1908 1048 ιιι-

118 1065 258 1106 tervalli
289 1072 581 1114 praeterpropter
611 1066 720 1102 fuerit
752 1067 915 1102 desumta
982 1065 1074 1101 Nam
1105 1066 1135 1100 si
1165 1069 1285 1101 motus
1315 1064 1472 1109 fuissent
1501 1066 1667 1111 permissi
1698 1065 1907 1102 necessitati

119 1121 291 1169 physicae
315 1122 412 1166 (cum
438 1118 664 1155 intervallum
688 1118 859 1164 planetae
882 1128 904 1153 a
927 1117 1009 1153 Sole
1034 1117 1157 1164 gignat
1182 1116 1404 1153 celeritatem
1428 1119 1581 1163 motus),
1605 1123 1692 1154 tunc
1714 1118 1908 1167 figurarum

118 1173 305 1210 intervalla
333 1173 371 1208 in
403 1171 590 1208 curriculis
621 1170 849 1216 planetarum
882 1171 1037 1206 fuissent
1067 1180 1239 1216 expressa
1262 1169 1539 1215 perfectissime.
1574 1169 1665 1205 nihil
1696 1171 1790 1205 enim
1824 1170 1908 1206 huic

119 1225 329 1272 periectioni
353 1224 565 1261 obstitisset.
614 1223 782 1268 Qualium
804 1224 916 1269 igitur
940 1224 1115 1259 Saturnus
1136 1222 1247 1259 distat
1270 1233 1292 1258 a
1316 1221 1399 1258 Sole
1426 1222 1594 1267 1000000,
1618 1222 1744 1258 talium
1761 1222 1907 1269 Jupiter

117 1282 245 1315 nutus
280 1282 380 1314 esset
410 1276 567 1320 577350,
599 1276 700 1312 Mars
735 1276 886 1321 192450,
924 1276 986 1312 Sol
1019 1276 1171 1320 152931,
1207 1276 1331 1311 Venus
1365 1274 1517 1319 121817,
1553 1275 1756 1311 Mercurius
1781 1276 1907 1312 70158.

116 1330 227 1377 Atqui
249 1329 357 1366 etiam
378 1335 497 1364 motus
521 1327 732 1372 indigebant
756 1339 826 1364 sua
847 1327 1022 1373 peculiari
1044 1327 1288 1371 exornatione,
1321 1327 1406 1372 quia
1428 1337 1502 1362 non
1526 1331 1669 1363 tantum
1691 1327 1908 1364 harmonicis

117 1388 221 1421 mant
243 1381 444 1419 instruendi
460 1379 735 1426 concordantiis,
759 1381 824 1417 sed
847 1381 956 1417 etiam
980 1380 1315 1416 concordantiamm
1339 1385 1418 1416 erat
1432 1380 1481 1415 iis
1502 1380 1728 1417 concilianda
1740 1382 1906 1418 varietas.

116 1436 255 1472 Horum
276 1445 362 1471 vero
384 1438 553 1470 neutrum
575 1433 622 1469 ad
646 1433 836 1469 distantias
860 1432 1029 1478 figurales
1053 1433 1104 1468 sic
1127 1434 1290 1477 praecise
1314 1433 1525 1469 observatas
1549 1433 1670 1478 potuit
1691 1435 1810 1480 sequi:
1835 1445 1907 1471 non

117 1487 286 1534 primum,
321 1485 406 1532 quia
437 1495 505 1521 nec
539 1495 663 1520 omnes
699 1484 837 1529 figurae
867 1485 1136 1530 proportionem
1171 1485 1266 1520 inter
1294 1484 1398 1521 binos
1430 1487 1535 1522 orbes
1566 1496 1650 1522 suos
1684 1487 1909 1525 constituunt

20 1532 25 1542 '¹
80 1555 93 1570 -.
118 1539 363 1576 harmonicam
387 1542 450 1575 aut
472 1537 615 1573 omnino
642 1534 834 1582 effabilem,
860 1537 924 1573 sed
948 1537 1065 1573 solum
1089 1538 1297 1574 tetraedron
1321 1538 1481 1583 triplam,
1506 1549 1574 1575 nec
1596 1539 1803 1576 harmonica
1825 1550 1907 1586 pro·

121 1590 240 1636 portio
264 1582 448 1636 duplicata
471 1594 535 1625 aut
558 1589 882 1634 quomodocunque
900 1588 1138 1634 multiplicata
1163 1592 1320 1635 (praeter
1337 1591 1522 1637 diapason)
1547 1596 1668 1627 manet
1683 1591 1907 1629 harmonica‘

119 1652 192 1679 non
217 1643 431 1687 secundum,
468 1642 552 1686 quia
576 1642 643 1676 nisi
666 1642 804 1677 variato
828 1642 1017 1677 intervallo
1042 1647 1161 1676 motus
1191 1641 1327 1677 intendi
1351 1642 1555 1688 remittique
1586 1647 1623 1679 et
1646 1643 1698 1679 sic
1722 1644 1907 1689 proportio

119 1694 250 1730 variari
271 1694 406 1739 nequit.
453 1695 519 1730 His
542 1693 652 1738 igitur
676 1694 721 1729 de
745 1695 863 1730 causis
888 1686 1041 1739 prsshum
1067 1699 1151 1730 sunt
1182 1694 1295 1729 multa
1318 1694 1474 1738 planetis
1498 1695 1688 1731 intervalla
1711 1697 1908 1739 variabilia,

119 1747 292 1783 varietate
316 1751 429 1791 tanta,
454 1750 589 1791 quauta
612 1746 754 1781 suffecit
778 1746 824 1782 ad
849 1745 1171 1791 contemperandos
1194 1747 1358 1782 binorum
1382 1752 1560 1783 extremos
1584 1751 1712 1791 motus,
1736 1753 1776 1784 ut
1801 1758 1908 1794 quam

121 1800 267 1836 minima
288 1798 486 1835 mutatione
509 1799 777 1834 intervallorum
802 1798 1005 1845 figuralium
1028 1799 1280 1844 proportiones
1303 1804 1464 1835 motuum
1489 1810 1534 1834 ex
1551 1800 1634 1836 Sole
1658 1801 1908 1846 apparentium

121 1846 430 1890 constituerentur
452 1851 592 1887 nobiles
617 1856 654 1886 et
675 1851 914 1886 harmonicae.
964 1851 1043 1895 Quo
1060 1851 1145 1887 dato
1165 1851 1340 1896 principio
1361 1849 1436 1896 jam
1452 1852 1652 1888 necessitas
1669 1851 1909 1897 quantitative

121 1903 287 1950 pervadit
315 1914 441 1940 omnes
470 1903 629 1948 reliquos
662 1902 844 1948 planetas,
882 1903 1034 1949 singulis
1065 1914 1150 1939 suas
1181 1904 1408 1939 harmonicas
1436 1905 1688 1949 proportiones
1716 1905 1907 1950 indulgens

121 1956 238 2001 i'nqoe
262 1957 502 2002 exprimendis
526 1955 714 1993 intervalla
737 1967 759 1992 a
782 1956 908 2002 figuris
932 1960 1133 1993 monstrata
1156 1957 1283 1992 leviter
1299 1957 1498 2001 corrigens,
1522 1962 1562 1992 ut
1581 1963 1700 1993 tamen
1722 1958 1760 1993 in
1776 1958 1908 2003 potiori

122 2009 377 2059 magnitudinis
410 2014 514 2056 parte
543 2009 596 2044 vis
627 2008 763 2054 figurae
796 2009 931 2054 liquido
962 2010 1074 2045 nihilo
1105 2009 1222 2045 minus
1252 2013 1481 2054 agnoscatur.
1531 2009 1648 2053 Quare
1679 2020 1906 2055 nequaquam

23 2066 27 2068 ⁴
97 2061 230 2105 „nobis
254 2071 345 2107 opus
369 2067 426 2097 est
448 2060 643 2097 harmoniis
668 2062 713 2097 ad
737 2061 1021 2097 concinnandum
1044 2061 1287 2108 proportionis
1306 2061 1540 2106 sphaerarum
1554 2072 1719 2098 mancum
1744 2066 1780 2098 et
1794 2061 1906 2098 inido-

130 2122 238 2157 neum
261 2113 507 2158 archetypum,
533 2124 613 2148 cum
638 2118 807 2158 suppetat
829 2113 933 2149 nobis
957 2114 1236 2160 pulcherrimus,
1262 2113 1467 2158 aptissimus
1492 2118 1528 2150 et
1551 2115 1658 2159 plane
1682 2114 1907 2150 necessarius

125 2173 171 2198 ex
194 2164 395 2209 geometria
427 2164 660 2217 archetypus,
698 2165 857 2210 quinque
887 2166 1024 2210 figurae
1053 2165 1254 2212 regulares,
1292 2175 1337 2200 ex
1373 2165 1502 2209 quibus
1519 2166 1625 2201 Deus
1655 2166 1733 2210 ipse
1759 2165 1906 2201 Creator

122 2224 318 2260 numerum,
343 2215 502 2251 ordinem
526 2221 564 2251 et
586 2206 837 2262 proportiones
862 2218 1098 2263 sphaerarum
1123 2218 1309 2254 desumsit.
1356 2218 1459 2254 Licet
1483 2219 1591 2263 igitur
1608 2218 1816 2254 Ptolemaeo
1840 2228 1907 2263 per

125 2268 300 2313 sphaeras
324 2269 466 2313 quidem
489 2269 665 2305 coelestes
690 2269 833 2304 differre
857 2274 894 2305 et
915 2279 1100 2305 reservare
1124 2270 1327 2306 harmonias
1357 2269 1404 2305 ad
1428 2270 1700 2306 exornationem
1728 2273 1904 2314 motuum,

124 2320 250 2365 cupitis
273 2321 456 2365 sequentis
482 2322 536 2357 15.
559 2321 756 2357 materiam.

835 2491 1022 2537 CAPUT
1058 2490 1146 2537 XV.
1161 2484 1193 2516 ¹³

200 2585 428 2631 Quomodo
464 2587 580 2622 sumi
613 2588 790 2633 possint
822 2593 1024 2623 motuum
1057 2587 1354 2633 propriorum
1388 2588 1711 2634 proportiones
1744 2599 1827 2634 per

869 2656 1090 2683 numeros.
1109 2647 1153 2677 Π)

242 2751 339 2791 Cum
377 2750 550 2802 sphaeris
589 2736 704 2801 igitur
733 2764 793 2791 res
820 2764 908 2792 sese
936 2753 1075 2802 habet,
1115 2759 1159 2793 ut
1197 2754 1489 2804 explicavimus.
1549 2754 1774 2801 Transimus
1802 2767 1904 2796 nunc

127 2807 190 2848 ad.
214 2813 342 2847 motus
371 2807 609 2859 singulorum
645 2809 887 2859 planetarum
920 2814 1108 2861 proprios.
1170 2810 1501 2861 Quemadmodum
1532 2813 1634 2850 enim
1675 2824 1722 2851 ex
1751 2812 1904 2855 chordis

3 2897 8 2904 ,
43 2866 61 2891 5
127 2865 366 2905 diversorum
404 2877 586 2905 sonorum
626 2866 741 2905 simul
778 2866 942 2917 pulsatis
982 2871 1218 2919 compositus
1262 2881 1380 2907 sonus
1427 2869 1598 2918 elicitur,
1645 2871 1712 2919 qui
1740 2866 1901 2912 *aurium

123 2922 271 2973 iudicio
301 2923 366 2963 vel
395 2925 649 2962 consonantia
685 2923 821 2963 dicitur
859 2924 923 2963 vel
959 2926 1219 2974 dissonantia,
1261 2928 1316 2964 sic
1345 2928 1461 2965 etiam
1498 2926 1682 2977 sphaeras
1714 2927 1902 2969 coelestes

0 2962 7 2974 γ’
83 3008 89 3014 ·
127 2980 301 3021 videmus
337 2982 488 3020 incitari
517 2982 685 3021 motibus
716 2980 899 3028 diversis,
938 2984 978 3021 ιιι
1018 2985 1159 3035 quibus
1200 2988 1421 3034 spectantur
1458 2984 1618 3023 eaedem
1649 2985 1897 3036 differentiae,

3 3044 54 3082 'z‘
129 3048 228 3088 quae
258 3045 296 3078 et
324 3040 364 3077 in
392 3043 501 3078 motu
531 3038 770 3089 chordarum,
801 3039 1024 3083 velocitatis
1050 3048 1088 3082 et
1118 3041 1320 3081 tarditatis.
1382 3041 1480 3081 Cum
1509 3047 1641 3082 autem
1679 3055 1823 3097 magna
1850 3046 1902 3085 sit
