1994 3276
705 99 818 139 Liber
837 99 901 138 IV.
925 98 1045 145 caput
1065 97 1133 136 m.
1256 119 1263 138 ,>
1542 94 1547 95 ⁷
1730 100 1814 140 228

7 210 162 278 ‘imunt
195 222 340 274 eidem,
379 227 426 263 ut
463 222 570 272 operi
598 221 687 261 Dei.
746 218 859 268 Quae
897 230 991 259 vero
1019 220 1185 258 materia
1222 219 1474 270 participant,
1511 216 1583 256 1118
1617 216 1736 256 simul
1777 221 1818 257 et

29 292 188 338 numero
228 286 270 327 et
294 279 562 335 magnitudine
599 278 843 331 participant.
905 278 957 316 At
983 275 1305 327 magnitudinem
1342 277 1519 326 sequitur
1545 286 1678 315 earum
1716 276 1819 316 situs

30 341 72 380 111
99 333 229 390 loom
243 339 388 406 quibus
426 337 593 388 denique
632 335 772 376 accidit
812 341 943 375 motus
978 335 1128 375 1088118.
1184 334 1377 373 Numerus
1414 335 1533 383 igitur
1570 338 1631 373 est
1667 332 1820 384 aliquid

2 428 9 435 .
30 403 170 442 natura
197 398 302 451 ιιι-1118
330 396 543 444 harmonia,
575 397 668 446 qnia
696 400 849 445 oportet
876 395 1060 433 terminos
1089 393 1315 432 barmoniae
1335 392 1527 442 cujusque
1543 402 1647 431 esse
1658 402 1819 432 numero

30 455 163 510 plures
194 466 286 505 uno.
344 454 477 494 Habet
513 460 643 493 tamen
679 458 718 492 et
758 463 941 493 numerus
977 454 1187 503 primorum
1227 449 1362 491 mnndi
1401 461 1602 501 corporum
1638 462 1731 490 snas
1772 461 1820 489 ex

32 515 243 565 geometria
272 523 432 565 8118888,
463 523 563 562 quas
592 511 691 551 intra
718 509 784 549 lib.
815 510 866 549 V.
896 522 946 549 ex
962 509 1164 561 Hysterio
1195 521 1282 548 meo
1312 508 1643 559 Cosmograpbico
1673 513 1821 561 repeto.

34 569 299 623 Quantitatm
325 573 502 622 sequitur
530 570 668 619 figura,
686 567 900 607 individua
929 568 1013 618 ejas
1042 570 1272 620 proprietas,
1303 578 1406 617 qnae
1434 578 1503 605 cur
1521 567 1688 616 globosa
1715 566 1823 606 side-⁶

33 627 142 675 ribus
157 630 323 686 ipsique
350 629 451 672 adeo
480 627 624 672 mundo
655 626 870 674 deberetur,
901 638 955 666 sc.
987 639 1035 666 ex
1065 627 1257 684 sphaerici
1284 626 1511 676 archetypo,
1542 625 1581 664 id
1602 625 1698 664 alibi
1726 636 1823 676 pas-

33 690 123 726 8118
134 687 235 727 solet
256 687 460 739 explicari.
519 686 684 736 Figurae
713 696 916 738 corporum
947 678 1188 725 diversorum
1224 686 1358 724 statim
1386 684 1566 734 sequitur
1594 690 1700 722 certa
1730 693 1823 735 pro-

34 747 172 798 portio
190 757 315 796 eaque
340 745 501 796 triplex:
533 756 622 784 uua
639 743 933 794 diametrorum,
962 743 1090 787 altera
1116 742 1428 796 superficierum,
1463 743 1578 781 tertia
1607 741 1723 793 spatii
1753 753 1824 780 seu

35 814 252 856 corporum⁴
309 803 435 854 Igitur
463 805 495 842 si
525 813 674 844 causae
699 801 837 844 harum
865 803 1159 852 proportionum
1188 801 1292 840 aliae
1321 812 1401 840 non
1430 804 1703 858 suppeterent,
1730 811 1824 852 pro-
1883 788 1892 793 ’
1940 809 1947 819 ¹

36 862 217 913 habiliter
245 872 447 914 possemus
476 860 678 907 affirmare,
708 871 760 902 ex
786 859 996 898 harmoniis
1024 871 1111 899 esse
1131 859 1343 900 desumtas.
1403 853 1670 909 Quaecunque
1693 863 1824 897 tamen

37 932 108 960 eae
137 924 243 968 sunt,
269 919 361 959 11188
387 919 496 970 globi
526 919 717 958 coelestes
746 920 829 956 sine
850 918 933 956 ulla
952 920 1167 964 mutatione
1197 917 1433 965 custodiunt,
1464 917 1609 968 quippe
1630 917 1696 966 qui
1717 915 1825 955 nullo

36 983 147 1020 motu
174 979 407 1030 temporisve
447 977 613 1018 decursu
652 976 820 1026 maiores
848 978 1076 1033 minoresve
1096 976 1241 1015 finnt.
1266 976 1390 1015 Secus
1426 982 1487 1014 est
1526 986 1613 1014 eum
1643 977 1694 1013 iis
1731 986 1826 1025 pro-

38 1031 302 1088 portionibus,
334 1047 444 1086 quae
471 1038 602 1075 insunt
632 1036 858 1086 corporibus
896 1029 1015 1073 causa
1044 1036 1143 1073 situs
1179 1042 1220 1074 et
1258 1046 1377 1074 causa
1414 1038 1591 1072 motuum
1619 1033 1826 1080 1088118181
1899 1068 1904 1073 .

40 1094 133 1134 illae
160 1096 277 1141 enim
292 1096 460 1142 retinent
488 1095 686 1144 ingenium
716 1099 844 1132 motus
874 1094 1010 1144 ipsius,
1042 1094 1109 1143 qui
1138 1099 1200 1131 ut
1210 1094 1250 1131 18
1281 1094 1464 1131 80811880
1491 1091 1597 1142 fieri,
1628 1103 1829 1142 nunqnam

5 1192 8 1194 ,
38 1153 79 1191 iu
117 1163 194 1191 ωσι
223 1156 424 1204 versatur,¹
461 1153 518 1190 sic
557 1153 676 1194 etiam
713 1152 981 1202 proportiones
1019 1156 1196 1191 motuum
1237 1152 1501 1190 inconstantes
1541 1155 1633 1189 sunt
1662 1150 1829 1200 aliisque

40 1211 279 1262 temporibus
318 1210 435 1250 aliae
500 1209 647 1249 Verum
684 1209 853 1259 quidem
879 1215 959 1257 est,
1003 1212 1043 1247 si·
1071 1215 1203 1248 motus
1242 1220 1445 1259 corporum
1485 1208 1712 1248 coelestium
1752 1218 1830 1247 nou

40 1270 209 1315 variaret
237 1279 374 1311 eorum
398 1267 605 1308 intervalla
641 1280 667 1307 a
695 1268 888 1306 communi
917 1273 1022 1306 meta
1057 1278 1128 1306 seu
1165 1268 1271 1306 basi
1289 1267 1442 1315 mundi,
1484 1266 1521 1304 1).
1553 1278 1586 1306 8.
1624 1268 1657 1305 si
1700 1267 1831 1307 nullus

41 1331 145 1369 esset
173 1337 306 1376 eorum
333 1331 461 1366 motus
491 1329 530 1364 in
562 1326 684 1364 altum
714 1331 753 1365 et
780 1325 1026 1380 profundum.
1057 1325 1127 1364 sed
1146 1327 1272 1364 omnis
1301 1328 1341 1363 in
1361 1336 1508 1365 merum
1530 1325 1715 1364 circulum
1735 1335 1831 1364 eon-

42 1386 264 1433 centricum,
292 1390 384 1424 tunc
412 1396 489 1424 nou
521 1389 672 1423 tantum
701 1375 991 1423 intervallorum
1020 1385 1219 1435 proportio
1251 1389 1447 1432 constans,
1478 1382 1547 1422 sed
1577 1385 1697 1422 etiam
1727 1393 1832 1423 mere
1885 1386 1894 1393 ’

41 1443 266 1486 harmonica
301 1443 431 1486 {utura
468 1443 624 1491 suisset,
663 1444 696 1480 si
738 1453 879 1481 causae
908 1443 1012 1481 aliae
1049 1453 1128 1480 non
1156 1443 1455 1493 suppetiissent.-
1504 1440 1615 1480 Idem
1644 1441 1693 1481 de
1724 1446 1834 1480 motu

43 1500 248 1540 dicendum
277 1512 396 1540 causa
424 1512 519 1540 suae
549 1502 752 1548 essentiae,
783 1500 823 1539 id
853 1507 913 1539 est
941 1511 1061 1539 causa
1089 1511 1186 1539 suae
1213 1500 1420 1540 celeritatis
1448 1507 1566 1539 verae
1596 1511 1666 1551 per
1696 1499 1834 1547 aetbe-

42 1570 143 1609 rem;
178 1570 281 1609 quae
308 1561 343 1598 si
372 1564 554 1598 constans
582 1557 745 1609 singulis
782 1564 885 1597 esset
923 1564 962 1597 et
990 1564 1198 1609 perpetua,
1241 1557 1402 1597 dubium
1436 1557 1588 1596 nullum
1621 1563 1699 1605 est,
1739 1559 1835 1608 quin

42 1617 117 1655 hae
148 1616 386 1655 diversorum
416 1616 631 1656 celeritates
675 1622 714 1655 et
742 1617 971 1655 tarditates·
985 1617 1036 1654 ad
1067 1617 1175 1666 leges
1215 1616 1460 1655 harmonicas
1497 1616 1662 1654 fuissent
1691 1621 1834 1655 attem-

43 1679 214 1727 paratae.
270 1674 380 1714 Idem
409 1674 577 1725 denique
607 1674 655 1713 (18
687 1673 824 1713 eodem
853 1679 962 1712 motu
993 1673 1198 1712 dicendum
1229 1676 1348 1713 etiam
1363 1685 1483 1713 cansa
1514 1674 1678 1713 80818811
1705 1675 1834 1724 spatii,

45 1732 120 1782 8111)
148 1732 311 1772 zodiaco
341 1735 575 1784 apparentis.
633 1731 736 1771 Nam
763 1734 799 1784 si
828 1743 962 1770 omnes
992 1732 1172 1783 planetae
1214 1732 1358 1771 eodem
1387 1737 1496 1770 motu
1529 1734 1732 1783 apparenti
1762 1732 1835 1771 881)

47 1779 210 1830 zodiaco
239 1789 463 1830 debuissent
493 1790 680 1837 incedere,
712 1801 785 1828 nec
814 1801 987 1839 unquam
1016 1789 1172 1840 longius
1202 1790 1301 1829 alter
1321 1791 1372 1829 ab
1392 1790 1516 1829 altero
1543 1791 1728 1840 separari,
1757 1799 1836 1832 non

48 1852 108 1897 881
137 1847 318 1897 dubium,
360 1850 452 1899 quin
483 1849 593 1887 Deus
624 1848 742 1886 talem
772 1848 925 1886 illorum
969 1849 1086 1886 situm
1116 1848 1166 1887 ad
1196 1860 1241 1887 se
1268 1854 1403 1886 mutuo
1443 1848 1519 1886 sub
1547 1848 1711 1887 zodiaco
1741 1859 1837 1887 con·-

48 1907 239 1946 stituisset
266 1907 356 1947 inde
385 1908 435 1945 ab
466 1908 576 1945 initio
607 1903 822 1958 (siquidem
850 1905 972 1945 libera
1002 1911 1041 1944 et
1069 1917 1147 1945 non
1178 1906 1265 1945 81118
1293 1907 1536 1945 necessitatis
1556 1906 1708 1958 legibus
1737 1917 1839 1946 nexa

49 1963 185 2006 11118881
224 1964 380 2004 illorum
415 1962 669 2017 dispositio),
709 1965 776 2013 qui
811 1963 1071 2031 undiquaque
1111 1965 1315 2004 zodiacum
1351 1965 1568 2003 rationibus
1606 1964 1840 2016 dispesceret

51 2021 297 2061 harmonicis.
346 2022 401 2081 .·1‘¹
431 2022 530 2061 adeo
561 2029 599 2061 et
631 2025 669 2060 18
700 2023 889 2073 principio
919 2028 1094 2060 motuum
1125 2020 1236 2076 (cum
1264 2024 1494 2074 principium
1528 2025 1712 2074 temporis
1743 2035 1838 2062 con·

52 2079 241 2119 sideretur
270 2082 353 2119 81118
381 2078 575 2133 tempore)
605 2081 723 2119 fuisse
753 2086 1056 2120 consentaneum
1087 2087 1163 2129 est,
1194 2087 1237 2119 ut
1267 2092 1313 2119 ex
1345 2083 1538 2120 communi
1567 2083 1645 2119 situ
1676 2086 1715 2120 et
1743 2093 1839 2120 con-

52 2137 281 2187 figuratione
307 2139 531 2178 harmonica
562 2136 711 2192 (qualis
742 2138 806 2177 vel
836 2150 884 2177 ex
913 2139 1052 2186 Terra,
1094 2139 1159 2178 vel
1188 2140 1319 2189 potius
1349 2150 1396 2178 ex
1426 2138 1519 2178 Sole
1549 2151 1736 2190 apparere
1766 2148 1841 2189 po·

54 2196 147 2244 tuit)
178 2195 287 2234 velut
316 2208 349 2234 a
371 2197 585 2235 carceribus
616 2198 654 2234 in
685 2208 756 2234 sua
787 2197 950 2246 quilibet
980 2199 1107 2248 spatia
1138 2209 1208 2236 seu
1235 2198 1375 2235 itinera
1397 2199 1615 2236 excurrerit.
1675 2199 1729 2236 At
1749 2199 1841 2247 quia

53 2252 237 2303 planetae
265 2260 467 2293 moventur
496 2257 534 2292 in
564 2254 685 2293 altum
716 2260 754 2293 et
783 2255 1038 2307 profundum,
1069 2257 1167 2293 situs
1197 2255 1404 2294 intervalla
1432 2260 1649 2303 mutantes,
1681 2261 1719 2294 et
1749 2256 1842 2305 quia

56 2310 107 2360 ad
136 2311 239 2350 hunc
267 2311 415 2350 motum
442 2314 672 2351 necessitate
701 2312 866 2362 physica
894 2315 1069 2362 sequitur
1098 2315 1216 2352 etiam
1252 2313 1369 2352 realis
1398 2314 1567 2351 intensio
1599 2318 1638 2352 et
1664 2313 1842 2351 remissio

54 2374 232 2409 motuum
261 2381 381 2408 causa
409 2370 637 2418 celeritatis,
680 2370 847 2420 denique
877 2373 972 2421 quia
1000 2377 1068 2420 per
1096 2371 1324 2421 inaequales
1356 2370 1595 2409 diversorum
1626 2371 1843 2409 celeritates

58 2432 289 2481 apparentes
318 2427 467 2466 zodiaci
496 2430 675 2479 spatium,
720 2428 826 2477 quod
856 2428 1035 2467 videntur
1065 2428 1122 2465 illi
1151 2429 1342 2479 trajicere,
1374 2428 1559 2467 dividitur
1583 2428 1680 2467 alias
1711 2428 1843 2467 aliter:

57 2478 166 2523 111888
194 2486 318 2525 tribus
348 2487 567 2524 nominibus
596 2493 676 2525 tam
705 2487 865 2534 sitibus,
896 2496 1011 2536 quam
1041 2487 1234 2525 motibus
1243 2487 1345 2525 idem
1375 2488 1564 2536 contingit
1594 2498 1714 2525 causa
1743 2491 1845 2525 tem-

48 2544 187 2594 poris,
228 2542 335 2593 quod
366 2545 670 2599 quantitatibus
679 2545 776 2595 ipsis
817 2546 900 2582 sine
938 2550 1123 2594 respectu
1154 2546 1348 2596 temporis.
1410 2545 1518 2583 Sicut
1558 2546 1659 2584 enim
1698 2555 1775 2583 non
1806 2546 1845 2582 in
1908 2537 1910 2542 ’

60 2605 144 2640 toto
174 2601 315 2640 circulo
356 2601 418 2639 vel
448 2607 552 2640 recta
592 2604 709 2652 inque
749 2603 927 2641 omnibus
968 2603 1052 2652 ejus
1093 2605 1244 2653 punctis
1286 2607 1376 2641 sunt
1418 2604 1570 2641 termini
1610 2614 1679 2641 8811
1719 2607 1846 2641 metae

60 2659 253 2702 rationum
290 2659 614 2705 harmonicarum,
655 2659 727 2698 sed
749 2660 905 2698 -saltem
942 2661 982 2697 in
1020 2664 1133 2699 certis
1174 2661 1394 2711 aliquibus,
1433 2662 1489 2699 sie
1520 2662 1637 2699 etiam
1677 2660 1740 2699 bic
1768 2665 1846 2699 nou

56 2720 145 2765 ‚toto
185 2723 356 2767 tempore
396 2722 525 2754 motus
561 2718 724 2756 existere
762 2723 935 2768 possunt·
964 2718 1208 2770 harmoniae,
1240 2730 1376 2770 ¹neque
1406 2720 1445 2756 in
1476 2718 1691 2757 intervallis
1720 2728 1847 2768 neque

62 2772 103 2819 11)
133 2781 309 2813 motuum
337 2775 531 2813 celeritate
562 2785 687 2823 neque
714 2777 756 2821 in
785 2777 921 2826 spatiis
952 2776 1101 2814 zodiaci
1139 2778 1238 2814 inter
1268 2777 1444 2826 planetas
1474 2777 1715 2825 interceptis;
1751 2786 1848 2826 pos-

34 2869 43 2874 „
64 2837 156 2874 sunt
183 2837 312 2871 tamen
342 2834 497 2871 omnino
537 2833 718 2870 incertis
745 2836 928 2884 temporis
956 2836 1160 2872 momentis
1202 2838 1239 2871 et
1268 2839 1431 2884 possunt
1460 2833 1534 2871 hoc
1565 2828 1660 2873 citra
1689 2833 1848 2873 ulterio—

66 2899 146 2943 rem
176 2890 252 2928 Dei
292 2901 467 2940 operam,
508 2889 627 2928 semel
667 2890 776 2928 initio
814 2897 941 2930 motus
979 2892 1083 2930 dato.
1148 2891 1249 2929 Nam
1288 2893 1354 2940 qui
1392 2895 1562 2930 extrema
1599 2892 1848 2943 praescripsit

50 2947 251 2996 umotibus,
288 2953 326 2986 et
356 2950 610 2987 mutationem
639 2947 800 2985 indulsit
827 2949 879 2987 81)
895 2962 983 2993 uno,
1007 2956 1177 2989 extremo
1206 2950 1246 2986 iu
1267 2949 1441 2996 alterum,
1471 2948 1573 2987 idem
1595 2950 1711 2988 etiam
1727 2950 1849 2989 inter-

68 3004 196 3047 mdia
224 3005 387 3055 largitus
418 3012 478 3045 est
507 3006 659 3053 omnia,
697 3011 777 3043 tam
815 3007 1047 3056 incongrua,
1091 3019 1191 3057 quae
1236 3011 1326 3045 sunt
1364 3006 1532 3054 infinita,
1576 3018 1694 3056 qnam
1732 3005 1848 3047 etiam

55 3065 243 3113 'congrua
271 3068 312 3102 et
339 3063 573 3112 harmonica,
604 3067 708 3102 certo
738 3074 896 3102 numero
925 3066 1144 3116 incongruis
1178 3065 1390 3114 interjecta.
1448 3064 1583 3114 Neque
1622 3067 1724 3104 enim
1751 3066 1850 3106 baec

1559 3134 1645 3172 15³⁶
