1988 3276
104 114 161 154 34
606 108 795 155 Epistolae
819 108 968 155 Kepleri
991 108 1217 154 aliorumque
1241 113 1387 146 mutuae

104 241 214 268 meus
245 229 362 269 frater
393 233 462 276 est,
495 239 586 278 ergo
618 227 809 268 Hem-icus
839 233 878 268 et
906 227 1099 274 Sebaldus
1128 231 1228 269 inter
1255 241 1297 268 se
1327 234 1417 269 sunt
1446 227 1595 269 fratres.
1644 229 1762 270 Pater
1790 232 1894 270 enim

104 287 264 327 Henrici
295 287 479 326 Ernestus
508 297 555 325 ex
585 298 705 326 uxore
726 286 930 327 Waltruda
959 288 1093 337 genuit
1113 287 1335 337 Henricum,
1367 299 1445 338 quo
1481 293 1632 328 mortuo
1664 300 1760 328 uxor
1781 288 1894 329 Wal-

104 346 219 385 truda
247 357 335 385 meo
372 345 474 395 patri
504 344 724 384 Friederico
765 347 897 395 nupsit
936 357 1075 396 meque
1114 348 1277 397 peperit.
1339 346 1426 396 Qua
1455 351 1608 386 mortua
1643 352 1755 397 pater
1783 358 1894 386 meus

105 404 384 455 Kunigundam
416 403 537 451 duxit,
569 415 693 454 exque
724 415 771 442 ea
801 402 1013 442 Sebaldum
1042 407 1226 455 suscepit.
1286 404 1480 444 Henricus
1509 406 1625 456 igitur
1653 405 1747 445 mihi
1777 406 1895 445 frater

108 469 179 513 est,
212 462 283 502 sed
314 463 498 510 uterinus,
530 460 723 500 Sebaldus
755 463 881 511 frater,
913 461 982 502 sed
1012 462 1091 501 alia
1120 468 1254 502 mater.
1306 463 1356 502 Et
1386 465 1442 502 sic
1463 462 1652 503 Hem-icus
1683 468 1723 503 et
1752 463 1895 503 Sebal-

107 521 178 561 dus
216 523 315 560 inter
351 532 392 559 se
431 520 565 559 fratres
606 531 682 560 non
715 525 817 560 sunt.
879 519 931 558 At
960 521 994 559 si
1023 525 1188 571 uterque
1223 533 1428 572 germanus
1459 521 1552 560 mihi
1589 522 1705 561 frater
1734 524 1803 571 sit,
1847 534 1895 562 ex

106 585 271 630 utroque
302 583 475 635 parente,
507 583 618 617 erunt
648 584 686 618 et
715 580 790 629 ipsi
822 580 920 617 inter
949 590 991 618 se
1020 579 1167 620 fratres.
1220 579 1286 619 Sic
1316 582 1354 618 in
1385 582 1533 620 musica
1562 579 1598 619 G
1627 592 1715 620 cum
1743 581 1772 619 d
1799 591 1895 620 con·
1933 623 1938 626 ,

106 643 220 678 sonat
247 649 316 689 per
345 638 531 687 quintam,
563 641 603 676 et
631 650 659 676 α
688 648 775 676 cum
804 637 832 675 d
859 642 1047 676 consonat
1075 649 1144 688 per
1165 640 1350 688 quintam,
1383 643 1422 678 et
1450 643 1580 678 tamen
1611 637 1646 678 G
1676 639 1726 679 ab
1757 652 1784 678 a
1814 639 1895 678 dis-

107 701 231 736 sonat.
282 695 427 735 Addita
459 706 551 734 vero
582 695 912 744 determinatione,
946 699 988 734 ut
1008 694 1210 746 longitudo
1233 696 1399 737 chordae
1419 697 1448 735 d
1475 701 1515 736 et
1543 696 1709 737 chordae
1730 709 1759 736 a
1788 708 1896 737 com-

107 757 261 807 positae
291 758 460 805 aequent
490 753 673 793 chordam
708 752 754 803 G,
787 758 878 793 tunc
907 765 1064 793 necesse
1096 759 1210 804 esset,
1243 759 1282 794 et
1315 754 1350 794 G
1382 767 1468 795 cum
1498 767 1526 795 a
1556 755 1801 795 concordare.

221 836 273 878 V.
331 836 391 875 Ex
419 835 495 886 hqc
525 836 719 875 axiomate
751 834 1036 874 demonstratur
1066 839 1104 874 et
1133 835 1208 874 hoc
1238 835 1422 876 alterum:
1465 838 1498 875 si
1527 841 1631 877 totus
1661 836 1825 877 circulus
1856 838 1895 875 in

111 894 187 935 duo
219 895 335 934 abeat
365 898 576 945 segmenta,
610 898 649 933 et
679 905 726 933 ex
746 887 879 933 ‘tribus
908 893 968 932 his
990 892 1067 932 duo
1089 893 1307 934 discordent
1330 896 1429 934 inter
1447 907 1502 944 se,
1533 895 1760 935 alterutrum
1779 895 1895 935 etiam

108 965 134 992 a
165 953 279 993 tertio
311 952 542 992 discordare.
591 952 724 991 Patet:
755 953 856 991 Nam
886 953 937 990 sit
966 956 1091 990 totum
1112 953 1149 1001 8,
1180 959 1308 1002 partes
1339 956 1359 991 7
1393 959 1432 994 et
1466 956 1501 1002 1,
1533 953 1726 994 discordet
1758 957 1777 993 1
1813 966 1837 993 a
1859 957 1895 993 7.

108 1008 150 1051 Si
182 1023 274 1062 ergo
305 1017 530 1061 utrumque,
572 1016 610 1050 et
645 1014 664 1049 l
698 1016 736 1050 et
769 1013 790 1048 7
824 1009 1073 1049 concordaret
1112 1022 1198 1049 cum
1230 1012 1276 1059 8,
1317 1017 1409 1050 tunc
1442 1024 1512 1062 per
1541 1012 1612 1053 IV.
1642 1014 1896 1063 praemissam

108 1071 194 1120 ipsa
225 1070 340 1109 etiam
374 1072 392 1107 1
427 1077 465 1109 et
498 1072 518 1107 ‘1
551 1070 650 1108 inter
680 1081 720 1108 se
742 1068 1035 1108 concordarent:
1061 1069 1170 1119 quod
1197 1076 1255 1108 est
1277 1071 1506 1109 contrarium
1527 1073 1742 1122 supposito.
1792 1070 1895 1120 Ergo

109 1128 432 1178 quemadmodum
469 1128 662 1166 axiomate
701 1128 773 1167 IV.
815 1127 915 1166 duae
954 1128 1229 1166 consonantiae
1268 1134 1586 1179 praesupponunt
1624 1130 1797 1178 tertiam,
1840 1130 1896 1167 sic
1970 1141 1976 1146 ·

109 1187 184 1226 hoc
214 1189 406 1225 axiomate
444 1188 578 1236 quinto
615 1198 693 1225 una
731 1185 971 1225 dissonantia
1011 1188 1290 1236 praesupponit
1322 1192 1360 1226 et
1389 1187 1572 1226 alteram:
1614 1193 1658 1227 ut
1698 1198 1776 1227 una
1811 1187 1897 1226 sola

111 1245 350 1285 dissonantia
379 1250 480 1284 stare
509 1256 586 1284 non
615 1246 751 1295 possit.

225 1326 282 1364 Ex
312 1326 372 1366 his
402 1327 570 1376 quinque
610 1327 869 1366 axiomatibus
897 1330 1158 1377 propagantur
1188 1327 1474 1377 propositiones
1514 1326 1561 1367 de
1602 1327 1896 1378 quibuscunque

110 1385 287 1436 partibus
320 1385 452 1424 circuli
482 1387 523 1424 in
552 1385 754 1435 infinitum,
785 1386 819 1424 si
847 1384 1031 1435 placeret.
1093 1383 1264 1434 Quarum
1295 1385 1360 1424 hic
1390 1385 1556 1426 exhibeo
1588 1385 1788 1426 tabellam.

349 1490 499 1521 Portioni
1184 1488 1333 1520 Portioni

235 1542 598 1562 w
1068 1542 1442 1564 w

235 1572 382 1604 Breviori
427 1573 585 1612 Longiori
1067 1570 1215 1603 Breviori
1262 1572 1416 1611 Longiori

350 1620 462 1652 Partes
1181 1618 1297 1650 Partes

307 1664 343 1699 1:
495 1664 529 1699 1.
600 1667 829 1698 consonabunt
1135 1662 1168 1698 4.
1331 1663 1363 1698 7.
1435 1665 1650 1697 dissonabunt

308 1722 339 1758 1,
504 1721 535 1758 2,
1137 1709 1169 1744 5.
1333 1709 1366 1746 6.
1436 1714 1663 1747 consonabunt

307 1781 338 1816 1.
501 1781 533 1816 3.
698 1806 713 1822 ‚‚
1138 1779 1157 1814 1
1164 1807 1173 1817 .
1314 1781 1366 1816 11.
1439 1782 1657 1815 dissonabunt

305 1826 339 1862 2.
501 1827 535 1864 2.
605 1831 653 1860 est
676 1833 713 1860 ut
737 1828 755 1861 1
782 1830 823 1861 ad
846 1828 866 1863 1
1136 1826 1170 1863 2.
1310 1827 1367 1864 10.
1438 1832 1486 1862 cst
1508 1832 1546 1862 ut
1571 1831 1587 1864 1
1615 1829 1655 1861 ad
1681 1828 1702 1863 5

307 1887 339 1921 1.
500 1877 576 1922 4.ss
607 1889 835 1919 consonabunt
1137 1872 1168 1908 3·
1332 1873 1365 1910 9·
1456 1899 1472 1916 n
1517 1899 1534 1916 n
1574 1875 1590 1911 1
1617 1876 1660 1908 δᾶ
1683 1874 1704 1909 3

306 1932 340 1969 2,
501 1932 533 1968 3,
1137 1919 1170 1955 4.
1332 1920 1367 1957 8.
1455 1946 1471 1962 „
1518 1945 1534 1962 „
1571 1922 1585 1957 1
1614 1923 1656 1954 ad
1678 1920 1702 1956 2

248 1982 326 2024 —1
503 1990 516 1998 ,
1138 1967 1170 2001 5.
1332 1968 1363 2002 7.
1435 1969 1652 2013 dissonabunt

308 2016 340 2072 2:
501 1999 536 2071 Ξῖ
607 2042 657 2071 est
681 2016 718 2071 J.
741 2039 759 2072 1
788 2039 830 2070 ad
853 2037 876 2072 2
1138 2013 1169 2049 6·
1332 2014 1363 2049 6-
1435 2018 1485 2048 est
1507 2019 1545 2048 ut
1571 2015 1587 2050 1
1614 2016 1656 2047 ad
1683 2016 1698 2050 ¹

310 2083 342 2119 3.
506 2083 539 2119 3.
627 2111 645 2130 „
696 2110 712 2126 ‚,
747 2087 762 2120 1
789 2087 831 2117 ad
855 2085 874 2118 1
1138 2083 1170 2119 1.
1312 2083 1363 2118 12.
1435 2088 1663 2118 consonabunt

309 2143 340 2178 1.
501 2142 534 2178 6.
608 2145 835 2176 consonabunt
1138 2132 1169 2163 2·
1310 2130 1365 2164 11·
1437 2133 1653 2165 dissonabunt

310 2189 341 2225 2,
504 2190 535 2225 5,
1139 2176 1170 2212 3.
1313 2177 1367 2213 10.
1439 2182 1667 2212 consonabunt

310 2237 340 2272 3·
501 2236 535 2271 4-
1138 2222 1173 2259 4.
1335 2223 1364 2258 9.
1440 2226 1657 2259 dissonabunt

312 2296 330 2331 1
504 2296 525 2332 7
608 2297 658 2328 d}
741 2298 761 2327 b
810 2298 824 2327 t
1140 2270 1170 2304 5.
1334 2270 1366 2304 8.
1438 2275 1665 2306 consonabunt

312 2322 343 2377 2‘
508 2321 536 2379 δ’
613 2306 833 2376 θέὶεᾝἋῃὲᾱ
855 2339 878 2376 3
1139 2316 1172 2352 6.
1335 2318 1367 2352 7.
1440 2319 1656 2353 dissonabunt

311 2389 343 2425 3.
504 2390 537 2425 5.
609 2391 834 2422 consonabunt
1143 2387 1173 2421 1.
1315 2387 1370 2424 13.
1535 2414 1551 2431 „

313 2435 344 2470 4.
506 2436 537 2471 4.
611 2442 660 2470 est
684 2440 721 2469 ut
747 2435 761 2470 1
790 2436 831 2468 ad
854 2434 873 2468 1
1139 2432 1171 2468 2.
1309 2434 1366 2470 12.
1438 2439 1489 2469 est
1510 2441 1548 2470 ut
1574 2437 1590 2472 1
1618 2438 1660 2470 ad
1683 2440 1704 2472 6

314 2495 332 2529 1
338 2521 345 2528 ‚
506 2495 540 2531 g,
613 2495 840 2527 consonabunt
1140 2479 1161 2514 3
1167 2509 1174 2516 .
1314 2481 1370 2516 11.
1442 2484 1659 2517 dissonabunt

313 2542 347 2577 2.
509 2542 540 2576 7.
613 2542 828 2574 dissonabunt
1138 2527 1171 2562 4·
1314 2527 1367 2563 10·
1433 2534 1482 2562 ⁹8¹2
1504 2535 1542 2563 ut
1565 2533 1586 2563 2
1610 2532 1653 2564 ad
1675 2527 1697 2566 5

316 2589 346 2623 3,
509 2588 541 2623 6,
614 2593 662 2620 est
685 2593 722 2619 ut
747 2588 762 2622 1
790 2588 832 2619 ad
855 2585 877 2620 2
1139 2574 1170 2609 5.
1333 2575 1363 2609 9.
1435 2577 1650 2611 dissonabunt

314 2634 347 2670 4.
509 2634 539 2668 5.
610 2635 837 2668 consonabunt
1139 2620 1172 2656 6·
1333 2620 1368 2657 8·
1438 2627 1487 2656 θὸῐ
1509 2628 1547 2656 ut
1570 2621 1592 2658 3
1615 2624 1657 2656 δᾶ
1679 2622 1703 2658 4

319 2695 347 2729 1.
506 2693 538 2728 9.
613 2694 828 2725 dissonabunt
1140 2667 1171 2702 7·
1333 2667 1364 2703 7·
1453 2693 1469 2710 n
1514 2695 1531 2712 n
1575 2670 1592 2706 1
1618 2671 1659 2702 nd
1681 2669 1702 2705 1

317 2740 349 2775 2.
510 2739 541 2774 8.
613 2743 661 2772 ost
683 2744 720 2771 ut
746 2740 760 2772 1
790 2740 832 2771 ad
854 2737 877 2773 4
1137 2736 1170 2770 1.
1312 2736 1365 2772 14.
1438 2738 1654 2772 dissonabunt

317 2787 348 2822 3.
511 2787 542 2821 7.
614 2787 829 2818 dissonabunt
1139 2783 1171 2818 2.
1313 2783 1366 2819 13.
1532 2809 1549 2826 „

317 2834 350 2868 4.
510 2833 542 2868 6.
615 2837 664 2866 est
686 2837 723 2864 ut
746 2831 767 2866 2
792 2834 834 2864 ad
858 2832 879 2867 3
1145 2830 1176 2865 3.
1317 2830 1368 2865 12.
1439 2835 1488 2865 est
1510 2836 1547 2864 ut
1570 2831 1589 2865 1
1614 2833 1656 2865 ad
1678 2832 1701 2868 4

319 2882 353 2917 5.
513 2880 546 2915 5.
629 2904 645 2921 „
698 2905 718 2923 „
743 2878 760 2912 1
790 2880 831 2910 ad
858 2879 873 2912 1
1142 2876 1175 2910 4·-
1315 2877 1367 2913 11.
1438 2879 1653 2912 dissonabunt

319 2941 353 2976 1.
494 2939 547 2974 10.
619 2939 845 2972 consonabunt
1142 2923 1175 2958 5·
1316 2924 1370 2960 10.
1442 2929 1490 2958 est
1511 2928 1549 2957 ut
1573 2924 1591 2958 1
1617 2926 1659 2958 ad
1681 2925 1704 2961 2
1739 2948 1743 2953 .

319 2987 353 3022 2.
512 2985 545 3020 9.
621 2985 836 3018 dissonabunt
1144 2969 1174 3004 6·
1337 2970 1369 3006 9·
1457 2995 1473 3027 '.’
1515 2995 1532 3012 n
1573 2970 1595 3006 2
1620 2973 1661 3005 ἃᾶ
1685 2973 1706 3008 3

321 3033 354 3069 3.
515 3032 548 3067 8.
618 3033 847 3066 consonabunt
1143 3015 1175 3051 7·
1336 3016 1368 3052 8-
1438 3019 1652 3052 dissonabunt

1981 1701 1988 2034 ..mm-....-...........-..
1984 1554 1988 1677 .....-.-
1980 1499 1988 1524 -a

1978 2250 1988 2295 aiv-a*
1978 2231 1980 2233 ’
