1994 3276
118 95 201 136 366
795 91 997 133 Ptolemaei
1020 93 1227 132 Harmonia.

235 209 504 246 Translationes
529 209 575 246 de
598 213 685 246 tono
715 210 753 246 in
776 215 903 248 tonum
925 216 1154 258 comparatae
1187 216 1272 248 suut
1304 212 1564 250 mutationibus
1591 219 1732 251 morum
1755 216 1915 261 publico·

118 272 196 296 rum
229 265 265 296 et
293 261 598 323 affectuumrap.
630 262 662 298 7.
711 263 887 301 Videntur
921 270 1043 302 autem
1075 265 1278 301 coincidere
1307 265 1398 301 ista:
1439 268 1471 312 1)
1498 267 1638 312 species
1670 268 1845 313 diapason
1878 271 1916 303 et

117 316 152 360 2)
178 314 253 350 toni
278 324 342 350 seu
366 315 463 351 modi
487 315 626 351 musici.
674 316 724 351 Et
748 327 834 353 sane
858 330 981 356 verum
1006 323 1077 364 est,
1111 323 1291 364 quatenus
1315 319 1393 354 toni
1423 320 1516 357 serie
1539 321 1808 357 intervallorum
1833 332 1915 357 con-

123 368 309 404 cinnorum
347 367 531 414 differunt,
566 367 709 405 omnino
742 370 828 406 mihi
859 371 1082 415 coincidunt,
1119 374 1157 406 at
1189 374 1367 415 quatenus
1399 373 1563 408 acumine
1591 378 1628 409 et
1652 374 1844 419 gravitate,
1876 379 1917 410 ut

119 420 347 457 Ptolemaeus
371 420 453 456 illos
478 419 675 480 distinguit,
700 419 799 458 aliud
823 428 909 460 sunt
933 423 1072 469 species
1098 423 1291 483 diapason,
1316 423 1415 459 aliud
1438 424 1516 460 toni
1539 435 1604 462 seu
1628 426 1755 471 modi„
1771 426 1916 463 dantur·

118 486 189 520 que
214 475 250 509 ιιι
273 473 398 509 eodem
424 477 510 510 tono
536 473 674 519 species
701 472 862 512 diversae
887 476 1072 522 diapason,
1098 476 1212 522 magis
1237 485 1321 511 vero
1347 475 1516 521 diapente
1541 481 1578 514 et
1602 477 1838 515 diatessaron.

242 527 338 563 Nota
362 527 422 564 VI.
469 527 551 564 Jam
581 527 627 563 ad
652 526 822 564 coelestia
853 529 1000 574 transit;
1040 528 1250 564 coelestium
1285 527 1551 572 suppositiones
1590 530 1750 575 appellat
1781 542 1824 567 ea
1855 542 1916 583 sc.

120 582 215 618 circa
238 591 332 625 quae
357 581 475 617 sidera
500 581 672 618 coelestia
696 585 781 617 sunt
805 586 991 626 occupata,
1017 585 1057 616 ut
1082 591 1206 615 eorum
1230 585 1367 626 motus,
1394 581 1580 626 sphaerae,
1605 565 1917 635 configurationes,

119 633 395 670 familiaritates.
443 634 535 670 Nam
568 635 648 671 libri
674 635 851 680 cujusque
884 633 975 669 haec
1006 633 1063 668 vel
1095 632 1157 667 illa
1186 633 1398 678 hypothesis
1430 632 1560 670 dicitur
1592 645 1692 682 esse,
1729 642 1766 674 et
1789 638 1917 676 Graeci

121 697 272 733 scopum
295 686 476 722 actionum
501 694 752 734 susceptarum
777 686 962 732 appellant
987 697 1110 722 earum
1132 685 1373 731 hypothesin,
1399 686 1502 730 quasi
1524 688 1765 733 propositum.

235 739 334 774 Nota
357 739 435 788 VII.
483 739 643 777 Partitur
673 740 926 777 tractationem
959 738 996 774 in
1021 738 1092 774 duo
1126 738 1261 784 capita:
1292 738 1448 783 primum
1478 739 1555 776 vult
1577 741 1764 786 generales
1788 742 1917 782 afferre

121 791 409 838 comparationes
436 792 479 828 de
505 793 680 838 omnibus,
706 794 743 830 id
760 797 816 829 est
831 804 924 838 quae
943 803 1065 828 omnes
1081 792 1248 838 planetas
1274 792 1311 826 in
1337 803 1467 838 genere
1483 793 1648 840 attinent,
1675 795 1732 831 vel
1748 796 1916 842 de-quam

120 845 300 891 plurimis,
333 845 470 882 scilicet
495 846 579 891 quia
603 858 675 882 non
700 857 823 882 omnes
854 851 1025 892 aspectus
1059 845 1224 881 omnibus
1248 845 1406 891 planetis
1432 849 1660 892 competunt,
1692 847 1767 884 fere
1798 853 1917 885 tamen

121 897 165 933 de
191 897 369 933 omnibus.
419 898 584 934 Secundo
615 899 692 935 vult
716 900 760 935 de
786 899 954 944 singulis,
984 898 1148 944 intellige
1173 898 1348 944 planetis,
1383 897 1428 934 de
1458 898 1522 944 iis,
1554 910 1647 944 quae
1671 900 1916 945 particulatim

120 951 177 987 vel
201 961 294 995 quae
325 950 403 986 aliis
428 952 531 988 aliter
553 952 673 988 inesse
707 951 1035 998 deprehenduntur.
1083 951 1208 986 Priore
1241 951 1297 987 via
1329 961 1395 996 per
1418 951 1537 997 capita
1562 952 1722 998 quinque
1746 953 1916 1000 deinceps

122 1005 276 1050 incedit,
302 1004 502 1050 posteriore
526 1015 592 1051 per
621 1006 672 1042 14.
703 1006 754 1042 15.
783 1006 835 1042 16.
862 1004 945 1040 libri
966 1004 1028 1040 III.
1054 1005 1222 1041 incedere
1247 1005 1464 1051 decreverat,
1489 1010 1530 1041 ut
1552 1006 1714 1050 indicant
1739 1007 1854 1054 tituli;
1880 1012 1917 1043 at

121 1069 194 1094 non
219 1056 390 1102 absolvit,
416 1056 500 1102 quia
524 1057 616 1092 viam
639 1057 824 1103 ingressus
848 1063 905 1094 est
928 1058 1145 1103 imperviam.

236 1110 333 1145 Nota
357 1109 454 1145 VIII.
503 1110 815 1155 Comparationem
839 1111 933 1147 inter
956 1122 996 1147 se
1021 1111 1242 1156 generalium
1267 1110 1405 1146 orditur
1423 1109 1651 1147 Ptolemaeus
1675 1121 1697 1147 a
1721 1116 1917 1158 systemate

98 1161 280 1208 'perfecto
305 1166 343 1197 et
363 1171 385 1196 a
408 1161 565 1197 zodiaco.
612 1162 705 1198 Nam
729 1168 770 1199 ut
792 1164 829 1198 in
854 1168 1049 1208 systemate
1073 1163 1233 1208 perfecto
1260 1173 1383 1199 omnes
1400 1163 1523 1199 insunt
1540 1163 1696 1200 chordae
1721 1175 1916 1209 earumque

119 1213 319 1252 intervalla.
345 1224 495 1260 genera,
521 1214 660 1260 species
685 1215 981 1261 differentiaeque
1007 1222 1081 1252 tam
1105 1216 1436 1260 tetrachordorum,
1468 1227 1576 1261 quam
1597 1217 1914 1253 consonantiarum

121 1272 362 1311 cantuumque
396 1271 432 1302 et
455 1267 642 1303 modorum
673 1279 738 1304 seu
771 1273 956 1315 tonorum,
989 1269 1042 1305 sic
1074 1269 1182 1304 etiam
1213 1269 1280 1303 sub
1305 1268 1452 1304 zodiaco
1486 1268 1659 1305 incedunt
1693 1280 1816 1306 omnes
1839 1270 1917 1316 pla-

122 1325 228 1356 netae
253 1330 334 1356 cum
358 1319 491 1365 triplici
517 1330 649 1365 genere
674 1325 847 1366 motuum,
872 1322 909 1356 in
935 1321 1092 1366 longum,
1117 1321 1230 1356 latum
1255 1325 1291 1356 et
1315 1321 1440 1356 altum.
1491 1321 1773 1366 Comparationis
1797 1326 1917 1358 autem

121 1378 333 1419 argumenta
365 1373 469 1410 affert
499 1373 692 1420 praecipue
725 1379 898 1419 quatuor:
930 1374 1085 1419 primum
1116 1385 1137 1409 a
1161 1378 1324 1409 motuum
1348 1372 1580 1409 similitudine
1615 1377 1652 1409 et
1675 1373 1916 1420 simplicitate,

123 1426 320 1464 secundum
345 1439 366 1463 a
391 1428 508 1464 reditu
531 1431 692 1462 motuum
717 1427 753 1462 in
778 1438 817 1464 se
841 1427 951 1472 ipsos,
975 1427 1121 1463 tertium
1146 1428 1191 1463 ab
1219 1426 1456 1472 oppositionis
1483 1425 1782 1472 configuratione,
1808 1426 1916 1462 simili

123 1480 343 1525 oppositioni
366 1492 481 1517 meses
507 1486 543 1518 et
567 1485 825 1526 extremarum,
862 1484 1030 1525 quartum
1063 1491 1084 1516 a
1108 1479 1284 1516 consimili
1308 1479 1551 1524 magnitudine
1575 1483 1816 1526 potestatum,
1852 1490 1917 1525 op-

123 1532 313 1576 positionis
340 1533 482 1578 quidem
505 1534 600 1571 inter
625 1533 948 1580 configurationes,
975 1533 1150 1593 diapason
1175 1543 1259 1569 vero
1284 1533 1377 1568 inter
1401 1533 1666 1569 consonantias.

237 1585 394 1622 Primum
419 1594 665 1633 argumentum
690 1588 761 1623 hoc
786 1591 861 1622 est,-
885 1586 1016 1622 dantur
1038 1586 1075 1620 in
1099 1586 1246 1622 zodiaco
1272 1584 1478 1630 intervalla,
1510 1585 1642 1622 dantur
1666 1586 1774 1622 etiam
1797 1586 1834 1622 in
1860 1597 1916 1632 sy-

123 1641 276 1673 stemate
300 1638 506 1685 intervalla3
541 1647 577 1676 et
611 1652 676 1687 per
699 1641 798 1676 illam
823 1639 968 1684 quidem
999 1639 1133 1685 trajicit
1166 1638 1265 1674 sidus
1291 1637 1455 1684 aliquod,
1491 1649 1558 1683 per
1579 1638 1650 1674 ista
1680 1649 1764 1674 vero
1789 1642 1916 1674 cantus

124 1691 264 1736 transit,
290 1697 409 1728 motus
434 1704 482 1729 sc.
508 1695 675 1740 utrinque
699 1698 755 1730 est
778 1691 917 1728 localis.
965 1690 1160 1726 Intervalla
1191 1691 1334 1735 quidem
1359 1691 1497 1727 zodiaci
1527 1691 1648 1736 qualia
1672 1691 1760 1736 sint,
1789 1701 1855 1736 per
1878 1701 1918 1726 se

124 1748 236 1789 patet,
262 1749 301 1780 at
325 1745 514 1783 intervalla
537 1748 574 1783 in
600 1752 794 1793 systemate
825 1745 966 1791 gemino
991 1755 1101 1780 sensu
1125 1744 1259 1780 insunt..
1306 1744 1465 1780 Primum
1498 1745 1592 1780 enim
1622 1744 1858 1780 materialiter
1881 1749 1918 1780 et
1976 1747 1989 1760 ”

123 1795 291 1841 organice
322 1798 456 1834 distant
490 1800 534 1838 ab
566 1801 717 1837 invicem
751 1799 924 1842 chordae,
960 1797 1012 1833 sic
1042 1801 1083 1832 ut
1106 1797 1364 1842 unaquaelibet
1395 1797 1542 1833 seorsim
1573 1809 1595 1833 a
1618 1797 1748 1832 ceteris
1780 1796 1918 1842 pulsari

122 1848 256 1893 possit3
289 1850 385 1885 etin
417 1851 539 1887 codice
563 1853 784 1889 Ptolemaico
809 1853 1007 1898 pinguntur
1038 1851 1194 1886 chordae
1219 1849 1423 1895 systematis
1454 1849 1557 1885 lineis
1586 1849 1714 1885 erectis
1749 1849 1843 1884 inter
1878 1860 1917 1884 se

122 1898 321 1947 firrallelis,
347 1902 490 1939 illarum
514 1905 623 1950 igitur
647 1907 739 1943 aliae
765 1906 810 1941 ad
836 1905 1019 1941 sinistram
1043 1903 1156 1948 magis
1181 1902 1372 1948 recedunt,
1397 1902 1488 1938 aliae
1512 1902 1558 1938 ad
1583 1903 1758 1946 dextram,
1784 1901 1917 1938 distan-

123 1957 179 1988 tes
203 1955 249 1990 ab
273 1954 435 2002 invicem,
461 1956 497 1992 id
522 1963 578 1993 est
602 1958 863 1994 intervallatae.
912 1957 962 1992 Et
986 1956 1075 1991 haec
1100 1955 1270 2000 organica
1294 1954 1466 1990 distantia
1491 1955 1634 2000 peperit
1656 1965 1787 1991 nomen
1810 1956 1917 1990 inter-

124 2006 212 2053 valli
235 2007 272 2042 in
296 2009 451 2055 musica,
485 2010 581 2055 quod
606 2011 734 2047 deinde
760 2010 867 2046 etiam
893 2009 939 2045 ad
964 2009 1054 2044 alias
1078 2007 1293 2044 translatum
1318 2007 1386 2043 fuit
1411 2003 1702 2052 significationes,
1752 2006 1916 2044 Secundo

125 2058 219 2094 enim
243 2070 349 2096 voces
374 2061 609 2108 intervallum,
636 2063 826 2106 distantia,
863 2059 1055 2098 sumuntur
1079 2062 1186 2097 etiam
1219 2061 1262 2096 de
1289 2060 1489 2096 differentia
1523 2062 1715 2105 potestatis
1749 2071 1918 2097 sonorum
1978 2063 1980 2066 ’

123 2111 157 2146 ιιι
185 2113 348 2149 acumine
374 2118 409 2148 et
434 2114 619 2160 gravitate,
646 2116 731 2160 quia
754 2126 879 2152 vocem
903 2121 1046 2151 acutam
1071 2114 1221 2150 dicimus
1248 2113 1356 2149 altam
1371 2141 1380 2158 ,
1406 2123 1548 2158 gravem
1571 2113 1807 2158 profundam,
1838 2124 1919 2149 cum

123 2164 354 2201 intervallum
379 2165 524 2211 aliquod
548 2168 733 2203 insinuent
757 2168 850 2203 inter
874 2179 912 2203 se
938 2171 1184 2211 comparatae3
1211 2167 1375 2212 sequitur
1400 2172 1439 2202 ut
1465 2167 1571 2202 etiam
1594 2167 1631 2202 in
1657 2178 1766 2203 sensu
1781 2164 1918 2201 musico
1970 2179 1974 2182 ’

123 2216 219 2252 inter
244 2227 373 2252 sonum
399 2217 509 2253 altum
535 2224 572 2255 et
594 2219 815 2264 profundum
841 2219 1065 2264 concipiatur
1090 2218 1318 2254 intervallum
1335 2220 1630 2264 metaphoricum.
1678 2219 1782 2256 Prior
1796 2219 1919 2264 itaque

125 2270 349 2315 significatus
383 2272 481 2307 vocis
513 2272 744 2308 intervallum
773 2271 891 2307 locum
926 2270 1121 2316 praecipue
1151 2270 1262 2306 habet
1293 2272 1361 2306 hoc
1386 2276 1510 2307 octavo
1537 2273 1672 2318 capite,
1709 2271 1920 2317 posterioris

122 2322 214 2358 ratio
239 2323 355 2368 major
377 2323 569 2360 habebitur
594 2326 711 2370 capite
736 2325 902 2370 sequenti
924 2334 1032 2359 nono.
1080 2324 1131 2358 Et
1155 2324 1240 2367 quia
1270 2335 1392 2359 vocem
1416 2334 1579 2368 graecam
1609 2336 1717 2361 unam
1741 2335 1807 2371 ego
1833 2326 1919 2362 dua-

124 2374 193 2411 bus
218 2374 340 2412 latinis
365 2377 515 2424 reddidi,
544 2378 776 2424 »pertransiri
801 2377 1031 2421 absolvique«
1045 2404 1054 2422 ,
1087 2386 1210 2411 earum
1233 2377 1332 2422 prior
1356 2377 1500 2421 quidem
1523 2378 1672 2423 respicit
1696 2377 1742 2413 ad
1765 2378 1918 2424 primum

125 2427 386 2474 significatum,
419 2430 598 2475 posterior
628 2440 711 2466 vero
746 2430 792 2465 ad
817 2428 1033 2474 secundum3
1067 2427 1142 2462 illic
1165 2433 1284 2464 motus
1309 2435 1365 2465 est
1390 2430 1518 2474 plectri
1551 2441 1618 2476 per
1641 2429 1797 2466 chordas
1830 2430 1919 2468 locis

126 2480 318 2526 distantes,
352 2481 412 2517 hic
437 2492 518 2518 vero
549 2483 766 2528 permutatio
796 2482 917 2527 potius
949 2486 1005 2517 est
1035 2491 1204 2517 sonorum
1229 2481 1428 2516 acutiorum
1463 2493 1543 2517 cum
1567 2481 1800 2527 gravioribus.
1847 2481 1919 2517 Ab·
1975 2511 1978 2513 .

126 2533 314 2569 solvuntur
347 2539 467 2570 autem
501 2545 565 2571 seu
600 2535 874 2571 constituuntur
904 2535 983 2571 soni
1018 2544 1141 2570 omnes
1173 2534 1326 2578 primum
1359 2535 1395 2569 ιιι
1420 2535 1661 2570 monochordo
1687 2535 1795 2571 etiam
1819 2538 1920 2570 motu
1963 2529 1969 2534 ³

126 2587 246 2632 aliquo
273 2587 432 2633 ephippii
455 2587 769 2633 per·interva11um
793 2589 894 2633 illud,
919 2598 1028 2633 super
1053 2597 1123 2631 quo
1148 2590 1254 2622 tensa
1271 2591 1326 2622 est
1345 2586 1479 2622 chorda
1495 2587 1610 2632 unica,
1636 2598 1681 2623 ex
1699 2598 1770 2633 quo
1790 2585 1918 2622 deinde

124 2639 362 2675 instrumento
387 2641 465 2676 soni
490 2641 622 2686 singuli
647 2641 683 2676 in
708 2641 868 2686 singulas
894 2640 1049 2675 chordas
1075 2649 1139 2684 per
1163 2639 1362 2674 tensionem
1387 2639 1527 2675 illarum
1551 2640 1830 2676 transferuntur.

241 2692 322 2727 Non
347 2692 449 2737 ponit
471 2697 591 2729 tamen
616 2693 843 2728 Ptolemaeus
868 2693 1102 2737 praecipuam
1127 2692 1329 2735 argumenti
1345 2692 1414 2726 vim
1431 2692 1467 2727 in
1484 2703 1555 2728 uno
1581 2693 1638 2727 vel
1661 2692 1773 2728 altero
1791 2692 1918 2728 horum

126 2747 287 2780 motuum
309 2744 488 2790 localium,
515 2745 579 2781 sed
603 2746 761 2781 inculcat
784 2745 862 2789 ejus
889 2744 1117 2779 solitudinem
1141 2743 1344 2789 utrobique,
1369 2750 1405 2780 et
1423 2745 1562 2780 videtur
1585 2745 1654 2780 hoc
1670 2745 1762 2790 velle
1779 2745 1916 2781 dicere:

126 2797 219 2832 sicut
242 2798 278 2832 in
302 2798 378 2843 lyra
403 2797 581 2843 plectrum
605 2798 658 2834 vel
685 2799 722 2833 in
746 2796 991 2834 monochordo
1018 2796 1227 2841 ephippium
1254 2807 1395 2832 sursum
1417 2797 1583 2833 deorsum
1599 2807 1723 2833 errans
1744 2797 1919 2832 diversos·

128 2861 197 2893 que
221 2860 330 2885 sonos
353 2850 443 2886 illud
466 2850 631 2895 eliciens,
663 2850 760 2886 istud
793 2849 1055 2893 determinans,
1090 2859 1162 2883 non
1187 2853 1307 2883 tamen
1336 2855 1452 2885 mutat
1482 2850 1687 2895 systematis
1712 2849 1773 2886 rvel
1795 2858 1919 2884 mono·

128 2902 254 2938 chordi
278 2903 434 2948 speciem
459 2907 495 2938 et
518 2903 686 2948 figuram,
721 2901 784 2938 sed
808 2900 958 2937 eandem
984 2911 1137 2945 semper,
1164 2906 1204 2936 ut
1227 2901 1370 2946 quoties
1386 2902 1486 2938 lubet
1511 2902 1661 2938 eandem
1685 2911 1808 2938 rursus
1835 2908 1917 2934 can-

128 2954 277 3000 tionem,
311 2956 456 2992 eosdem
481 2957 620 2992 sonitus
646 2957 776 2992 elicere
799 2954 1001 3000 possimus:
1037 2954 1088 2988 sic
1113 2954 1218 2989 etiam
1242 2955 1279 2989 ιιι
1305 2954 1403 2989 coelo
1428 2953 1662 2989 translatione
1693 2952 1848 2988 siderum
1874 2950 1919 2985 de
1956 2963 1958 2966 ’

128 3005 207 3042 loco
233 3008 270 3044 in
293 3009 411 3045 locum
435 3009 571 3045 nullam
596 3008 808 3054 corporibus
831 3007 920 3052 ipsis
943 3005 1067 3041 inferri
1091 3007 1342 3052 mutationem,
1368 3016 1485 3051 neque
1509 3006 1579 3042 iter
1601 3006 1639 3041 in
1663 3003 1774 3049 coelo,
1797 3002 1920 3038 zodia-

130 3068 220 3105 cum,
246 3062 359 3096 vetari
382 3061 565 3097 excedere.
616 3061 734 3106 Hujus
759 3059 960 3105 argumenti
983 3058 1053 3094 vim
1076 3058 1281 3095 Macrobius
1305 3059 1342 3094 in
1367 3059 1549 3095 Somnium
1575 3057 1751 3103 Scipionis
1776 3056 1917 3092 videtur
