1994 3276
87 46 168 88 348
769 45 965 82 Ptolemaei
989 46 1195 83 Harmonia.

15 156 27 161 χ
86 161 390 207 determinantur3
427 162 564 208 primus
590 164 647 197 est
672 161 828 199 circulus
844 166 971 206 totus,
1007 163 1071 208 qui
1095 173 1239 209 semper
1269 168 1392 200 manet
1415 155 1527 211 idem,
1562 165 1654 202 alter
1675 171 1734 203 est
1756 168 1880 206 circuli

85 225 171 260 pars
206 225 229 250 a
259 214 399 251 duobus
433 214 589 260 planetis
625 213 834 261 intercepta.
882 217 924 251 In
947 215 1136 265 ‘sonitibus
1169 221 1297 254 cantus
1324 217 1491 264 humani,
1525 220 1679 266 primum
1708 232 1792 258 cum
1815 234 1880 268 per

85 266 337 312 symphoniam
363 267 420 302 vel
445 266 720 303 concordantias
747 278 790 304 ea
812 268 932 304 minus
956 279 1014 304 res
1039 279 1106 314 per
1130 279 1169 305 se
1193 274 1307 316 patet,
1331 271 1437 307 binas
1461 282 1569 311 voces
1594 283 1677 311 esse
1699 276 1767 320 pro
1793 274 1880 315 duo-

88 318 157 355 bus
180 320 355 365 terminis,
381 331 462 357 cum
485 330 569 356 vero
594 331 666 356 una
691 331 761 356 vox
785 321 892 367 canit,
917 322 979 358 illa
1004 322 1118 358 nihilo
1143 324 1260 358 minus
1278 328 1401 369 potest
1425 325 1592 362 incedere
1609 337 1676 371 per
1690 327 1880 365 intervalla

86 382 246 409 consona
270 378 306 409 et
329 373 505 409 concinna
531 382 646 418 eaque
671 383 884 418 agnoscere,
915 376 999 420 quia
1023 386 1125 412 mens
1149 377 1353 422 mentisque
1378 377 1584 422 archivum,
1619 380 1791 416 memoria
1815 392 1879 418 seu

81 435 177 469 mos,
230 430 286 462 est
318 426 398 471 ipse
437 430 564 461 cantus
603 431 732 461 auctor
761 427 943 471 sentitque
977 429 1127 474 primam
1170 429 1429 475 longitudinem
1467 441 1619 476 asperae
1655 433 1808 469 arteriae
1842 434 1879 469 in

82 482 184 514 motu
208 478 450 523 constitutam,
476 487 630 523 eumque
655 488 801 514 sensum
824 479 957 514 retinet
980 490 1046 525 per
1069 485 1182 516 totam
1207 481 1425 518 cantilenam
1456 482 1574 529 adque
1597 495 1678 520 eum
1709 485 1879 531 frequen·
1936 492 1945 500 ‘

81 534 140 565 ter
162 530 266 567 redit.
315 530 415 566 Idem
440 530 702 576 propemodum
726 534 792 575 est,
818 541 900 568 cum
925 527 1026 567 audit
1050 532 1333 569 modulationem
1357 533 1485 576 aliam.
1509 536 1595 582 quia
1613 537 1876 583 quodammodo

82 583 198 619 sociat
221 593 261 619 se
285 594 386 620 mens
410 588 603 629 perceptae
628 584 784 619 cantioni
811 594 962 629 eamque
986 595 1058 620 una
1077 585 1198 631 juvat3
1226 586 1381 632 denique
1403 586 1448 622 ad
1466 589 1627 632 quamvis
1645 600 1770 626 vocem
1794 591 1877 628 sub-

83 634 214 680 latam,
253 636 375 672 statim
399 635 452 670 illi
481 636 518 671 in
549 641 747 681 conspectu
780 643 866 672 sunt
900 637 1017 672 omnia
1052 639 1164 674 totius
1195 639 1400 685 systematis
1435 645 1583 677 octavae
1606 642 1782 680 concinna
1803 654 1876 680 uno

82 687 180 723 velut
203 687 347 734 intuitu,
374 689 481 724 etiam
506 688 665 724 nondum
690 689 838 726 vocibus
855 700 1040 736 expressa.
1088 692 1145 727 Ita
1161 691 1211 737 fit,
1237 698 1278 728 ut
1292 693 1483 729 terminum
1505 695 1748 740 proportionis
1765 707 1876 732 unum

83 741 315 778 circumferat
339 743 469 787 animo,
495 752 708 787 comparans
735 752 815 779 eum
840 743 1034 789 unicuique
1058 745 1137 779 voci
1162 745 1368 781 succedenti
1389 745 1629 792 judicansque
1653 758 1699 784 au
1716 747 1778 784 illa
1794 759 1878 785 con-

82 794 188 830 cinna
219 794 276 830 sit.
326 795 534 840 eujusmodi
572 795 735 831 subsidia
772 806 855 830 cum
885 806 956 831 non
990 797 1120 832 dentur
1154 797 1200 832 ad
1233 797 1591 842 comprehensionem
1622 800 1876 837 alterationum

80 847 269 889 materiae,
293 858 361 883 nec
385 848 495 894 igitur
519 858 651 893 earum,
666 848 919 893 proportiones
945 853 1052 884 erunt
1077 849 1332 886 observabiles.

197 901 295 936 Nota
319 901 378 936 VI.
428 901 528 945 Quae
561 900 671 945 igitur
694 900 731 935 in
762 901 922 937 materiis
956 901 1160 938 alterationi
1190 903 1363 948 subjectis
1395 903 1543 949 desunt,
1579 915 1622 941 ea
1647 905 1875 943 Ptolemaeus

81 952 168 989 dicit
190 953 242 990 ibi
265 965 337 988 non
363 953 499 991 deesse,
529 953 611 989 »ubi
635 953 688 988 rei
712 958 832 989 motus
859 960 1094 990 conversatur
1123 956 1217 991 inter
1241 957 1381 1002 species
1413 967 1479 993 seu
1502 957 1667 993 formasa
1717 958 1877 995 Rursum

78 1011 119 1042 ut
143 1017 252 1051 saepe
278 1006 367 1042 alias
395 1007 592 1051 confirmat,
617 1007 869 1052 proportiones
895 1008 1004 1043 rebus
1030 1008 1230 1044 secundum
1253 1014 1389 1045 motum
1406 1009 1526 1046 inesse
1587 1008 1774 1054 Quomodo
1791 1022 1875 1047 vero

81 1058 170 1094 dicit
201 1065 338 1094 motum
372 1059 466 1095 inter
502 1059 642 1104 species
676 1060 904 1095 conversari?
954 1060 1146 1105 Nimirum,
1184 1063 1327 1106 quando
1362 1066 1480 1098 motus
1512 1072 1598 1097 non*
1615 1061 1878 1104 estm‘mmpaloc

83 1113 199 1158 quasi,
224 1114 288 1149 aut
311 1122 461 1157 coecus,
486 1122 633 1147 causam
658 1111 810 1147 trahens
836 1122 880 1147 ex
906 1112 1018 1150 solius
1043 1114 1213 1150 materiae
1238 1115 1472 1159 necessitate,
1505 1114 1569 1151 sed
1594 1115 1738 1161 quando
1763 1115 1879 1152 tendit

81 1166 126 1203 ab
150 1176 224 1202 una
248 1167 370 1212 specie
395 1176 460 1202 seu
484 1165 721 1210 dispositione
747 1165 792 1201 ad
819 1166 926 1202 aliam
950 1166 1059 1211 hujus
1083 1166 1236 1210 generis.
1286 1167 1354 1202 Est
1367 1167 1511 1212 quidem
1529 1167 1628 1204 calor
1651 1167 1774 1213 aliqua
1797 1179 1878 1214 spe·

82 1220 167 1262 cies,
191 1220 223 1255 si
247 1223 477 1266 comparatur
501 1220 546 1255 ad
571 1219 743 1264 majorem
769 1219 825 1253 vel
848 1219 1038 1264 minorem,
1069 1223 1189 1255 motus
1218 1219 1328 1264 igitur
1353 1220 1599 1256 calefactionis
1633 1232 1706 1256 non
1730 1231 1877 1257 conver-

86 1277 188 1309 satur
211 1273 305 1308 inter
329 1273 484 1318 species.
526 1273 624 1308 ‘Nam
649 1270 818 1317 frigidum
844 1271 1043 1307 formaliter
1066 1275 1122 1308 est
1146 1272 1291 1318 negatio
1313 1272 1439 1317 potius
1453 1272 1582 1308 caloris
1608 1277 1645 1308 et
1661 1283 1725 1309 ens
1741 1273 1876 1315 fictum,

81 1327 153 1362 imo
178 1337 251 1362 non
276 1337 351 1372 ens,
378 1326 463 1372 quia
486 1326 600 1371 primo
627 1323 873 1361 calefactionis
899 1323 1087 1368 principio,
1116 1325 1259 1368 quando
1285 1335 1330 1359 ne
1348 1329 1466 1360 motus
1484 1324 1628 1369 quidem
1647 1335 1727 1362 esse
1743 1329 1877 1372 potest,

81 1380 215 1425 quippe
239 1385 422 1416 momento
446 1379 635 1424 temporis,
667 1379 743 1424 ,iam
776 1377 940 1422 frigidum
975 1377 1128 1422 amplius
1164 1376 1366 1421 subJectum
1403 1377 1569 1414 absolute
1601 1387 1674 1413 non
1707 1383 1780 1418 est„
1821 1379 1876 1414 De

81 1431 219 1477 reliquo
252 1431 443 1468 >calefactio
479 1436 645 1467 versatur
680 1432 774 1467 inter
808 1429 921 1473 magis
956 1434 992 1465 et
1027 1429 1144 1464 minus
1176 1428 1319 1465 caloris.
1368 1429 1417 1463 At
1449 1434 1570 1465 motus
1594 1429 1810 1466 considerati
1839 1430 1876 1465 in

81 1485 210 1521 animis
234 1485 420 1521 hominum
443 1484 609 1520 feruntur
641 1494 662 1518 a
686 1482 951 1527 tranquillitate
982 1482 1027 1517 ad
1052 1483 1159 1526 iram,
1197 1482 1439 1527 voluptatem,
1475 1481 1636 1518 dolorem
1668 1487 1704 1518 et
1736 1483 1876 1530 similia,

82 1538 143 1582 qui
168 1541 252 1574 sunt
275 1536 427 1572 affectus
452 1535 572 1582 specie
597 1535 813 1572 differentes.
863 1536 952 1573 Tale
980 1536 1066 1581 quid
1091 1535 1208 1571 innuit
1233 1536 1339 1571 etiam
1367 1536 1412 1571 de
1429 1535 1650 1572 coelestibus
1674 1535 1877 1576 dicendum,

81 1595 118 1625 et
143 1601 209 1636 ego
235 1589 392 1625 concedo
419 1588 463 1624 de
487 1594 588 1625 motu
611 1587 780 1634 planetae
804 1587 1029 1623 velocissimo
1053 1592 1090 1622 et
1114 1588 1335 1634 tardissim03
1373 1594 1458 1624 sunt
1487 1589 1581 1624 enim
1612 1594 1648 1624 et
1673 1589 1742 1625 hae
1766 1589 1877 1626 veluti

38 1638 41 1647 ¹
81 1643 220 1688 species
247 1641 424 1687 quaedam
449 1642 578 1677 saltem
603 1641 819 1676 altrinsecus
845 1640 1069 1675 terminatae.
1119 1640 1319 1676 Terminari
1345 1642 1451 1678 etiam
1477 1642 1678 1687 specierum
1702 1648 1768 1679 est.

194 1696 292 1732 Nota
316 1695 395 1732 VII.
442 1696 565 1731 Motus
592 1694 636 1730 de
662 1694 782 1739 specie
808 1694 843 1728 in
869 1693 1027 1739 speciem
1053 1693 1139 1729 dicit
1163 1693 1284 1730 inesse
1307 1694 1343 1728 in
1368 1694 1499 1740 rebus,
1537 1705 1631 1739 quae
1655 1694 1791 1731 habent
1815 1706 1878 1731 na-

82 1753 181 1785 turas
207 1749 442 1794 perfectiores
469 1753 506 1784 et
522 1747 783 1784 rationaliores.
833 1746 1014 1791 Equidem
1030 1751 1161 1790 motus,
1187 1757 1294 1791 quem
1314 1751 1484 1782 causatur
1505 1747 1655 1784 materia
1671 1747 1759 1792 sola,
1784 1759 1878 1793 quae

80 1800 181 1836 illum
205 1801 330 1845 habet,
355 1806 496 1837 tantum
520 1812 542 1837 a
566 1800 694 1845 majori
719 1799 765 1835 ad
789 1799 907 1834 minus
933 1799 1067 1845 tendit3
1105 1810 1185 1834 cum
1211 1803 1333 1834 autem
1358 1803 1479 1834 motus
1502 1798 1541 1834 in
1563 1805 1697 1836 certam
1722 1801 1878 1846 speciem

79 1853 213 1898 fertur,
250 1853 337 1890 facit
359 1854 395 1888 id
422 1853 572 1890 consilio
597 1853 652 1889 vel
676 1855 773 1898 ejus,
800 1852 902 1897 cujus
927 1855 982 1886 est
1006 1855 1143 1890 motus,
1173 1852 1231 1886 vel
1256 1850 1406 1896 opificis.
1456 1851 1650 1888 Consilium
1675 1858 1796 1890 autem
1822 1857 1878 1888 est

80 1902 231 1942 rationis
257 1910 293 1941 et
318 1907 409 1942 ratio
434 1906 670 1951 perfectiores
695 1909 844 1941 naturas
869 1904 1075 1949 constituit,
1110 1903 1413 1948 quemadmodum
1449 1908 1484 1939 et
1509 1903 1648 1950 species
1673 1905 1773 1950 ipsae
1797 1915 1878 1951 per-

79 1958 208 1994 fectius
234 1959 321 2003 quid
346 1964 439 2003 sunt,
468 1958 602 2003 quippe
627 1957 910 1998 determinatius,
937 1966 1043 2001 quam
1068 1956 1105 1991 in
1131 1956 1254 1992 eadem
1281 1956 1400 2002 specie
1425 1957 1537 2001 magis
1562 1962 1598 1994 et
1621 1958 1747 1994 minus.

193 2012 292 2048 Nota
315 2012 415 2048 VIII.
465 2012 687 2046 Divisionem
713 2010 841 2046 statuit
872 2010 967 2044 inter
992 2009 1111 2044 divina
1137 2013 1173 2044 et
1197 2008 1372 2051 mortalia,
1399 2009 1530 2054 quibus
1548 2009 1688 2049 duabus
1713 2010 1878 2046 differen-

75 2065 138 2105 tiis
162 2064 431 2100 universitatem
457 2074 577 2099 rerum
605 2062 771 2099 absolvit.
819 2062 933 2097 Nobis
960 2061 1172 2097 Christianis
1198 2061 1314 2105 prima
1339 2060 1463 2095 divisio
1483 2062 1654 2097 statuitur
1677 2062 1772 2098 inter
1795 2074 1877 2100 auc·

79 2125 195 2154 torem
226 2123 262 2154 et
292 2128 402 2162 opus,
439 2116 500 2151 ille
531 2116 630 2152 solus
659 2117 822 2159 divinus,
857 2115 975 2160 operis
1001 2125 1085 2150 vero
1111 2114 1249 2159 species
1284 2114 1425 2158 aliquae
1455 2113 1697 2160 immortales,
1734 2115 1877 2160 aliquae

81 2170 346 2216 corruptibiles,
394 2169 475 2204 Jam
505 2169 541 2204 in
577 2168 706 2203 divinis
742 2167 939 2213 praecipua
972 2167 1100 2202 statuit
1124 2176 1277 2211 corpora
1309 2166 1498 2211 coelestia,
1537 2167 1671 2212 quippe
1697 2178 1795 2212 *quae
1818 2168 1877 2203 Dii

81 2228 165 2260 sunt
189 2222 405 2269 gentilibus;
430 2221 536 2257 nobis
566 2224 650 2258 sunt
674 2220 759 2256 olim
785 2218 1056 2264 corrumpenda,
1083 2223 1119 2253 et
1144 2217 1239 2263 quod
1258 2218 1433 2253 hactenus
1451 2219 1717 2263 perennitatem
1731 2220 1877 2257 habent,

79 2276 116 2312 id
141 2286 328 2312 commune
354 2286 435 2311 cum
460 2273 607 2310 Tellure
632 2273 778 2309 habent.
827 2272 932 2316 Quod
957 2282 1040 2306 vero
1065 2271 1101 2306 in
1127 2271 1239 2306 Terra
1274 2275 1358 2306 sunt
1382 2272 1548 2308 mortalia
1575 2277 1611 2307 et
1635 2273 1876 2315 alterationes,

83 2332 238 2374 possunt
262 2333 299 2364 et
322 2329 358 2363 in
386 2326 503 2373 globis
529 2326 715 2362 stellarum
740 2336 820 2361 esse
845 2323 1068 2368 consimiles,
1101 2327 1174 2373 tam
1199 2333 1271 2358 non
1296 2324 1491 2368 conspicua
1513 2325 1639 2370 nobis,
1675 2336 1783 2370 quam
1806 2325 1876 2360 illis

81 2381 198 2426 globis
231 2386 355 2417 nostra
385 2381 523 2416 minuta
555 2379 740 2415 terrestria
776 2378 972 2423 conspicua
1003 2387 1074 2411 non
1109 2380 1204 2411 sunt.
1256 2376 1387 2411 Mirum
1411 2382 1549 2423 autem,
1585 2389 1649 2414 cur
1682 2379 1878 2424 praecipua

83 2445 127 2467 ex
153 2433 282 2468 divinis
306 2433 415 2469 faciat
440 2443 595 2478 corpora
619 2431 803 2476 coelestia,
830 2430 935 2476 quasi
958 2440 1024 2464 nec
1050 2428 1136 2463 deos
1162 2427 1252 2462 sciat
1276 2437 1343 2463 nec
1368 2428 1534 2474 angelos,
1559 2429 1628 2466 illis
1653 2431 1875 2476 corporibus,

81 2491 118 2520 et
142 2485 204 2529 qui
228 2495 272 2521 ea
295 2485 503 2526 informent,
535 2483 778 2519 intellectibus
803 2481 1101 2529 praestantiores,
1137 2489 1176 2515 se
1201 2479 1290 2524 ipsis
1316 2480 1556 2516 subsistentes
1581 2493 1648 2518 nec
1673 2493 1695 2518 a
1719 2483 1876 2532 corpori-

81 2540 150 2575 bus
175 2538 282 2574 certis
307 2550 439 2582 nexos,
467 2548 559 2585 quae
585 2537 712 2582 opinor
738 2536 941 2572 Stoicorum
967 2533 1130 2577 adeoque
1155 2537 1191 2567 et
1216 2533 1328 2576 ipsius
1355 2533 1560 2569 Aristotelis
1588 2534 1772 2580 theologia
1795 2535 1875 2570 fuit.

82 2593 181 2626 Inter
204 2591 369 2626 mortalia
395 2590 608 2636 praecipuas
634 2593 799 2624 recenset
822 2588 959 2622 animas
983 2587 1170 2629 humanas,
1195 2585 1327 2619 misera
1343 2586 1558 2629 gentilitatis
1579 2586 1782 2637 ignorantia
1805 2588 1875 2623 fas-

82 2644 241 2687 cinatuS,
278 2643 382 2679 nobis
418 2641 631 2678 Christianis
665 2640 783 2678 solatii
816 2639 1015 2683 dimidium,
1054 2638 1306 2683 philosophiae
1338 2649 1422 2674 vero
1457 2650 1550 2684 apex
1591 2643 1646 2675 est
1677 2640 1875 2676 animorum

82 2701 285 2731 nostrorum
309 2694 570 2736 immortalitas,
597 2703 703 2740 quam
727 2692 835 2728 etiam
861 2690 1158 2736 philosophorum
1170 2689 1278 2724 multi
1303 2696 1338 2725 et
1355 2692 1548 2736 praecipue
1561 2691 1739 2727 Platonici
1752 2703 1875 2728 omnes

82 2751 165 2791 post
188 2747 432 2783 Ptolemaeum
459 2746 718 2783 defenderunt.
744 2745 825 2781 vide
849 2743 1072 2780 Macrobium
1098 2743 1135 2777 in
1161 2743 1281 2778 Somn.
1309 2743 1495 2788 Scipionis.

196 2799 292 2835 Nota
316 2799 379 2834 IX.
429 2798 578 2834 Animas
602 2798 778 2833 humanas
811 2801 847 2831 et
872 2797 1043 2833 coelestia
1068 2807 1220 2841 corpora
1252 2797 1382 2842 probat
1407 2807 1486 2832 esse
1516 2796 1789 2842 praestantioris
1813 2808 1874 2833 na-

82 2853 184 2885 turae
208 2862 252 2886 ex
278 2862 332 2896 eo,
359 2852 455 2897 quod
479 2856 599 2886 motus
624 2849 750 2886 localis
775 2853 810 2884 et
836 2848 984 2884 rationis
1010 2849 1081 2883 sint
1098 2854 1293 2893 compotes,
1318 2854 1392 2883 tam
1409 2848 1579 2884 coelestia
1601 2859 1708 2894 quam
1724 2849 1872 2885 animae.

83 2902 255 2948 Intelligit
281 2908 419 2939 motum
442 2904 625 2939 coelorum
651 2901 892 2939 administrari
916 2902 960 2937 ab
986 2900 1234 2944 intelligentiis
1260 2901 1401 2946 corpori
1424 2900 1613 2945 adjunctis,
1639 2900 1766 2936 animis
1789 2910 1872 2935 vero

85 2953 248 2991 humanis
273 2962 409 2991 motum
435 2967 625 3001 corporum
651 2966 796 2991 suorum
816 2958 1009 2999 acceptum
1035 2953 1113 2989 fert.
1162 2955 1447 2999 Argumentatur
1470 2953 1579 2998 igitur
1608 2963 1630 2987 a
1653 2951 1872 2999 praestantia

82 3010 201 3043 motus
224 3007 349 3044 localis
375 3019 461 3054 prae
487 3008 616 3044 ceteris
641 3007 687 3044 ad
712 3006 969 3053 praestantiam
995 3016 1138 3051 eorum,
1171 3017 1264 3052 quae
1288 3006 1384 3042 illius
1415 3005 1631 3052 principium
1660 3006 1696 3040 in
1723 3015 1762 3040 se
1785 3003 1871 3050 ipsis
