1994 3276
980 14 994 34 Χ

111 96 195 144 242
660 92 718 129 De
743 92 1092 139 Gonflgurationibus
1119 95 1356 132 Harmonicis.
1401 110 1403 114 ⁴

114 210 288 259 sextilis,
334 222 382 249 ex
411 211 564 259 trigono
603 215 642 249 et
671 212 897 263 hexagono,
929 220 972 253 ut
1003 217 1040 252 in
1071 215 1135 265 fig.
1166 217 1234 253 26.
1271 217 1338 253 27.
1401 215 1478 262 Gr.
1498 217 1552 254 45
1596 216 1724 255 octilis
1755 216 1818 255 vel
1847 227 1912 255 se·-

92 268 260 318 lquadri,
293 273 331 307 et
365 266 473 306 135ο
505 268 681 308 trioctilis
713 271 774 309 vel
805 272 1026 322 sesquadri‚
1059 286 1107 311 ex
1138 280 1331 321 octogono
1363 279 1400 312 et
1427 274 1541 313 stella
1571 275 1674 324 ejus,
1705 279 1746 312 ut
1776 275 1814 311 in
1844 274 1910 323 fig.

112 329 178 366 28.
213 328 280 365 29.
343 325 410 364 Gr.
444 327 498 365 30
540 325 760 378 semisexti,
799 335 838 368 et
884 329 991 370 150⁰
1022 333 1302 381 quinquuncis,
1345 344 1392 370 ex
1431 331 1682 382 dodecagono
1719 339 1759 372 et
1798 331 1912 372 stella

110 385 206 436 ejus,
248 390 291 423 ut
322 386 360 421 in
391 384 454 434 fig.
491 386 556 424 30.
591 387 658 426 31.
721 386 787 426 Gr.
822 390 872 426 72
910 389 1106 439 quintilis,
1139 395 1179 429 et
1204 389 1310 428 108⁰
1341 390 1526 429 tridecilis
1557 402 1627 430 seu
1659 389 1910 442 sesquintilis‚

112 455 159 482 ex
179 448 401 495 pentagono
424 446 462 481 et
481 443 597 482 stella
618 445 867 496 decagonica‚
900 449 997 485 utin
1018 447 1082 497 fig.
1103 450 1168 486 32.
1193 450 1259 487 33.
1314 447 1381 489 Gr
1408 451 1487 494 144
1514 449 1742 499 biquintilis‚
1771 454 1810 488 et
1831 446 1912 488 36⁰

109 499 383 551 semiquintilis
414 512 483 539 seu
515 501 661 550 docilis,
696 515 743 542 ex
774 504 888 543 stella
918 507 1179 555 pentagonica
1210 512 1249 545 et
1279 506 1490 556 decagono,
1523 513 1566 546 ut
1595 510 1632 546 in
1664 507 1729 558 fig.
1753 508 1819 546 34.
1844 508 1910 545 35

225 555 331 600 Quod
355 556 425 591 hae
448 555 585 600 figurae
611 558 683 593 sint
708 559 851 595 scibiles
877 565 913 596 et
938 559 1250 604 demonstrabiles,
1277 565 1462 597 ostensum
1488 566 1544 598 est
1565 562 1659 599 libro
1677 562 1718 607 Ι,
1756 561 1852 615 quod
1876 566 1913 596 et
1965 584 1969 588 -

108 617 306 653 congruae,
340 606 431 642 libro
455 608 501 643 II.
552 609 657 653 Quod
687 622 770 646 vero
805 611 1108 672 configurat—iones
1143 623 1399 659 expressorum
1435 625 1457 650 a
1486 613 1618 650 talibus
1652 625 1808 650 arcuum
1839 613 1911 649 sint

108 659 294 705 efficaces,
305 660 358 695 id
383 659 519 696 habent
545 662 726 698 axiomata
753 666 784 701 1
816 665 848 699 2.
874 665 1083 709 praemissa

225 710 513 760 Propositio
544 711 599 751 X.
668 714 920 753 Efficacitatis
959 720 1186 766 aspectuum
1228 716 1370 766 gradus
1409 717 1554 767 primus
1601 722 1640 756 et
1680 717 1911 755 fortissimus

112 774 170 808 est
201 768 484 818 conjunctionis
516 776 553 809 et
585 774 853 823 oppositionis.
1803 791 1806 796 ¹

225 824 317 860 Nam
341 824 379 858 in
404 825 658 870 conjunctione
683 833 885 872 congruunt
908 828 996 863 radii
1023 828 1093 863 duo
1119 828 1155 862 in
1181 829 1331 864 eandem
1359 829 1491 865 lineam
1523 835 1560 866 et
1583 830 1628 865 ab
1654 830 1780 866 eadem
1805 829 1912 875 plaga

110 880 350 926 descendunt,
395 880 432 915 in
465 879 692 924 oppositione
739 891 759 915 a
794 879 913 926 plagis
951 880 1095 926 quidem
1137 881 1286 918 diversis
1323 882 1600 928 descendentes,
1647 883 1758 919 nihilo
1793 889 1913 920 tamen

108 935 226 969 minus
251 933 343 968 fiunt
365 937 488 977 partes
521 932 627 966 unius
659 933 853 968 continuae
888 932 1014 968 lineae.
1064 934 1163 969 Haec
1188 946 1272 971 vero
1307 936 1570 981 perfectissima
1593 941 1651 973 est
1681 938 1915 982 congruentia

110 991 147 1022 et
180 985 395 1032 principium
430 983 612 1029 quoddam
643 985 757 1020 omnis
789 985 1045 1029 congruentiae
1116 986 1174 1021 Sic
1213 998 1293 1022 cum
1330 988 1619 1033 conjunctionem
1663 993 1913 1034 repraesentet

108 1043 284 1085 punctum
320 1038 499 1081 signatum
527 1037 564 1071 in
590 1036 878 1072 circumferentia
909 1037 1051 1079 circuli,
1085 1040 1348 1084 oppositionem
1372 1051 1455 1076 vero
1482 1041 1672 1087 diameter,
1697 1043 1788 1078 haec
1813 1045 1910 1077 certe

109 1097 194 1131 sunt
216 1090 410 1136 principia,
441 1090 504 1124 illa
528 1094 564 1125 et
587 1100 756 1125 mensura
781 1091 896 1125 omnis
926 1090 962 1125 in
987 1090 1055 1126 hoc
1081 1102 1210 1135 genere
1237 1093 1433 1137 scientiae,
1459 1105 1540 1129 cum
1565 1094 1678 1130 omnis
1714 1094 1751 1130 in
1776 1093 1909 1130 circulo

109 1143 227 1179 lineae
252 1148 373 1191 rectae
398 1142 549 1178 scientia
574 1142 801 1178 contineatur
831 1141 1129 1179 determinatione
1155 1143 1435 1188 demonstrativa
1464 1156 1530 1190 per
1559 1145 1723 1182 diametri
1752 1146 1811 1183 vel
1834 1146 1910 1181 lon-

97 1195 306 1244 gitudinem
331 1193 387 1229 vel
410 1194 620 1239 potentiam,
646 1198 686 1229 ut
711 1194 801 1229 libro
827 1194 941 1239 primo
965 1196 1094 1239 patuit.
1144 1197 1242 1242 Ergo
1267 1208 1333 1243 per
1349 1197 1491 1252 axioma
1509 1200 1541 1235 3.
1566 1199 1784 1244 principium
1801 1199 1910 1235 etiam

109 1247 333 1285 efficacitatis
357 1247 394 1282 in
420 1248 477 1283 his
503 1252 558 1283 est
581 1247 799 1292 aspectibus.

223 1298 523 1347 Propositio
554 1297 630 1335 XI.
691 1296 892 1336 Secundus
932 1299 968 1334 ἰιι
1002 1302 1231 1347 aspectuum
1270 1282 1499 1338 efficacitate
1538 1300 1682 1350 gradus
1714 1305 1770 1339 est
1811 1295 1910 1351 qua—

110 1355 223 1396 drati.

225 1412 268 1448 In
292 1411 467 1458 quadrato
494 1410 587 1445 enim
611 1414 831 1445 concurrunt
853 1410 1123 1456 praerogativae
1148 1411 1303 1451 multae,
1330 1423 1481 1456 quarum
1505 1412 1638 1458 prima,
1665 1413 1761 1458 quod
1786 1404 1910 1454 similis

109 1469 165 1500 est
188 1464 356 1500 centralis
381 1462 498 1508 figura
523 1462 852 1508 circumferentiali3
879 1473 989 1508 quare
1016 1472 1250 1508 quoscunque
1267 1463 1330 1499 illa
1353 1464 1486 1509 gradus
1505 1464 1642 1500 obtinet
1658 1465 1696 1500 in
1713 1475 1910 1510 congruen-
1946 1508 1948 1510 ¹
1976 1462 1983 1483 ³

109 1517 160 1552 tia
185 1522 222 1554 et
246 1517 452 1560 scibilit-ate,
477 1515 501 1550 ii
527 1514 788 1560 quodammodo
809 1514 980 1558 duplicati
997 1516 1255 1562 intelliguntur,
1281 1522 1450 1562 respectu
1468 1522 1669 1553 ceterorum
1687 1523 1909 1563 aspectuum.

112 1570 213 1606 Sicut
237 1571 331 1606 enim
356 1568 554 1614 quadratus
580 1569 715 1614 primus
740 1570 824 1612 post
848 1567 1054 1612 oppositum
1079 1569 1126 1604 ab
1151 1568 1310 1604 exilitate
1327 1568 1443 1604 lineae
1468 1568 1670 1615 explicatur
1693 1569 1730 1604 in
1754 1569 1910 1615 aliquam

108 1621 335 1658 latitudinem
359 1631 424 1656 seu
450 1621 721 1666 amplitudinem
746 1619 1009 1664 superficialem
1035 1631 1139 1656 areae
1156 1622 1424 1681 tetragonicae‚
1429 1620 1435 1629 '
1460 1622 1511 1658 sic
1536 1622 1647 1658 ceteri
1670 1626 1839 1667 aspectus
1864 1622 1909 1658 ab
1975 1640 1980 1651 ι

108 1663 298 1711 identitate
333 1675 529 1720 figurarum
564 1678 733 1718 aspectus
766 1672 933 1719 quadrati
967 1671 1156 1709 discedunt
1186 1674 1223 1709 in
1256 1674 1412 1719 aliquam
1446 1673 1644 1720 figurarum
1679 1672 1907 1710 alteritatem.
1958 1689 1981 1708 't

111 1727 200 1763 Cum
224 1728 334 1773 igitur
358 1728 447 1764 alias
472 1727 509 1762 in
533 1725 692 1771 physicis
718 1725 819 1761 unita
844 1725 956 1759 virtus
982 1726 1029 1760 sit
1053 1726 1190 1772 fortior,
1221 1727 1288 1763 erit
1312 1727 1420 1763 etiam
1442 1727 1480 1763 in
1503 1728 1573 1763 hac
1596 1727 1706 1764 ideali
1730 1734 1765 1764 et
1791 1727 1909 1773 objec-
1974 1771 1975 1774 Ἰ

111 1780 185 1816 tiva
208 1781 445 1826 impressione
469 1780 585 1824 major
609 1779 742 1824 gradus
767 1778 1001 1822 fortitudinis,
1027 1779 1087 1814 ubi
1113 1780 1248 1824 figurae
1271 1780 1361 1816 locis
1386 1779 1587 1825 distinctae,
1614 1780 1728 1816 altera
1752 1790 1801 1815 sc.
1828 1790 1908 1816 cen—

109 1831 224 1878 tralis,
251 1833 365 1868 altera
390 1831 733 1876 circumferentialis,
763 1831 881 1876 specie
907 1831 1052 1867 eaedem
1076 1833 1223 1869 fuerint
1272 1833 1411 1868 Deinde
1437 1837 1610 1879 quantum
1639 1833 1686 1869 ad
1711 1843 1908 1879 congruen-
1972 1829 1976 1834 ’

108 1886 212 1931 tiam,
238 1886 300 1921 illa
323 1886 359 1921 in
385 1890 574 1929 tetragono
599 1883 861 1931 perfectissima
887 1888 942 1918 est
965 1888 1001 1918 et
1026 1885 1230 1930 omnifaria,
1271 1896 1355 1920 nam
1380 1896 1501 1920 secum
1523 1885 1604 1930 ipsa
1629 1885 1793 1929 congruit
1816 1885 1907 1919 haec

108 1937 225 1984 figura
248 1938 284 1973 in
311 1938 426 1974 solido
451 1938 497 1973 ad
523 1937 654 1973 cubum
679 1936 922 1980 formandum,
957 1936 1018 1980 qui
1041 1947 1210 1973 mensura
1236 1942 1291 1972 est
1319 1937 1432 1974 omnis
1459 1935 1650 1972 soliditatis
1683 1941 1718 1971 et
1743 1936 1907 1981 congruit

110 1990 392 2036 simplicissime,
424 1990 537 2025 ternis
562 1994 703 2025 tantum
728 1989 868 2033 angulis
895 1988 1062 2033 adscitis,
1098 1990 1262 2034 congruit
1288 1994 1323 2023 et
1348 1990 1384 2024 in
1409 1989 1517 2034 plano
1544 1999 1664 2024 secum
1701 1990 1781 2035 ipsa
1820 1999 1905 2036 qua-

108 2043 222 2078 ternis
247 2034 406 2089 angulis}
438 2043 602 2088 congruit
633 2053 776 2078 rursum
799 2042 843 2077 in
863 2041 976 2077 solido
1007 2051 1088 2075 cum
1113 2042 1270 2086 trigono,
1305 2046 1531 2086 pentagono,
1569 2041 1775 2086 hexagono,
1799 2045 1905 2076 o-cto
1951 2053 1954 2056 ·

111 2105 217 2140 g0n0,
244 2095 427 2140 decagono
453 2097 549 2131 varie
573 2096 620 2131 ad
644 2094 851 2130 formandas
875 2093 1009 2153 figuras
1035 2093 1187 2138 solidas,
1220 2094 1384 2138 congruit
1408 2103 1487 2129 cum
1512 2094 1639 2130 iisdem
1664 2093 1828 2128 omnibus
1851 2092 1903 2128 in-

96 2142 291 2192 superque
314 2153 353 2183 et
377 2159 458 2183 cum
483 2146 714 2191 dodecagono
740 2150 776 2180 et
799 2146 982 2190 icosigono
1000 2145 1260 2191 quadamtenus
1286 2145 1331 2181 ad
1354 2145 1540 2191 planitiem
1558 2145 1806 2191 sternendam,
1832 2154 1903 2190 qua

109 2198 146 2233 in
172 2199 393 2244 proprietate
419 2199 482 2234 illa
506 2210 527 2234 a
551 2198 650 2234 nulla
675 2198 743 2233 alia
767 2202 969 2242 superatur.

227 2252 348 2288 Tertio
379 2263 464 2287 area
497 2250 674 2296 tetragoni
705 2255 760 2285 est
792 2249 960 2294 effabilis,
999 2249 1095 2295 quod
1124 2249 1338 2294 principium
1371 2254 1426 2285 est
1460 2250 1649 2295 singularis
1681 2248 1834 2294 alicujus
1867 2253 1902 2285 et

113 2306 265 2341 eximiae
299 2306 553 2350 congruentiae
584 2304 620 2338 in
654 2304 781 2348 plan0;
816 2308 856 2338 ut
887 2307 1006 2338 certus
1038 2312 1201 2336 arearum
1234 2301 1342 2346 hujus
1367 2302 1504 2347 figurae
1534 2313 1703 2338 numerus
1739 2305 1903 2339 absumat

112 2364 250 2393 certum
275 2358 535 2403 quadratorum
559 2356 722 2391 diametri
745 2366 932 2391 numerum
964 2359 1000 2390 et
1025 2354 1074 2389 sic
1099 2354 1234 2398 figurae
1259 2365 1330 2389 non
1355 2359 1494 2390 tantum
1520 2355 1620 2400 ipsae
1651 2357 1745 2392 inter
1771 2366 1809 2392 se
1838 2366 1901 2406 an-

109 2409 201 2454 gulis
227 2414 263 2444 et
287 2409 462 2445 lateribus
487 2413 698 2453 congruant,
725 2407 788 2443 sed
813 2406 1085 2452 quodammode,
1113 2406 1219 2441 certis
1245 2416 1293 2442 sc.
1322 2407 1395 2453 suis
1421 2407 1540 2452 lineis,
1567 2407 1675 2443 etiam
1706 2412 1789 2443 'cum
1815 2417 1900 2452 qua-

111 2461 204 2497 drati
240 2462 402 2498 diametri
436 2462 619 2497 lateribus.
666 2461 709 2495 In
741 2459 810 2495 hac
840 2460 1059 2505 proprietate
1091 2459 1287 2504 quadratus
1321 2464 1487 2504 aspectus
1522 2460 1638 2496 solum
1669 2461 1900 2498 semisextum

111 2513 222 2551 habet
247 2527 292 2551 ex
316 2520 420 2560 parte
445 2514 590 2550 socium.
640 2513 731 2548 Vide
754 2512 816 2548 lib.
830 2511 875 2547 II.
926 2511 1061 2555 Quarto
1087 2522 1153 2546 nec
1177 2512 1343 2557 ignobilis
1376 2517 1431 2548 est
1454 2513 1586 2558 gradus
1617 2513 1788 2548 scientiae
1811 2512 1899 2548 late-

108 2566 169 2612 ris,
197 2569 294 2612 quod
326 2572 382 2603 est
407 2567 548 2602 effabile
573 2566 752 2611 potentia,
786 2576 855 2609 quo
889 2564 1002 2609 gradu
1037 2564 1222 2608 praecellit
1251 2565 1379 2600 ceteris
1403 2565 1528 2609 figuris
1553 2566 1718 2602 omnibus
1749 2569 1898 2610 excepto

111 2621 328 2666 sexangulo;
360 2630 478 2664 neque
503 2625 620 2654 tamen
646 2618 697 2652 illi
721 2622 914 2662 propterea
938 2616 1017 2650 loco
1044 2616 1155 2657 cedit,
1191 2627 1271 2651 cum
1297 2616 1468 2656 scibilitas
1493 2628 1565 2652 non
1590 2618 1637 2653 sit
1660 2617 1899 2663 comparanda
1977 2652 1982 2661 2

110 2672 382 2718 congruentiae,
416 2677 458 2706 ut
482 2671 699 2715 explicatum
730 2674 786 2703 est
816 2679 943 2713 supra,
977 2673 1012 2703 et
1042 2679 1125 2704 vero
1159 2669 1278 2704 valeat
1303 2671 1537 2706 accumulatio
1569 2672 1898 2716 praerogativarum
1925 2670 1944 2716 J
1976 2668 1980 2716 J

109 2723 154 2758 ad
178 2724 380 2770 augendam
406 2723 621 2766 efficaciam,
646 2732 711 2767 per
736 2721 876 2756 axioma
900 2721 933 2756 3
959 2720 1078 2764 huJus.
1975 2752 1979 2776 ἰ

223 2786 526 2836 Propositio
563 2784 659 2822 XII.
728 2781 881 2819 Tertius
934 2781 1174 2820 efficacitatis
1226 2782 1368 2833 gradus
1417 2788 1475 2822 est
1513 2785 1617 2833 trini,
1666 2764 1814 2824 sextilis
1858 2789 1913 2824 et
1983 2808 1985 2810 v

110 2845 319 2883 semisexti.
1947 2848 1951 2860 ¹

72 2932 74 2935 .
225 2898 330 2942 Quod
354 2899 504 2942 trinum,
537 2896 701 2932 sextilem
724 2898 761 2930 et
785 2893 1015 2929 semisextum
1039 2892 1076 2927 in
1102 2893 1226 2929 eodem
1252 2895 1365 2940 gradu
1399 2895 1552 2939 colloco,
1590 2896 1677 2933 facit
1699 2897 1896 2943 proprieta-

107 2952 201 2984 tum
194 2961 279 2985 non
298 2950 479 2995 identitas,
506 2949 570 2985 sed
595 2946 885 2995 aequipollentia
934 2945 1092 2980 Primum
1110 2956 1232 2982 eorum
1255 2947 1392 2992 figurae
1409 2947 1652 2993 principales
1642 2961 1679 2984 ιιι
1696 2959 1894 2994 congruen-

111 2999 160 3034 tia
184 3002 293 3045 plana
314 3002 461 3037 tradunt
483 3007 625 3036 mutuas
650 3010 794 3045 operas,
821 3000 950 3033 coeunt
973 3009 1007 3032 ιι.
1034 3000 1069 3032 et
1092 2998 1184 3033 inter
1208 3010 1247 3035 se
1263 3001 1359 3035 varie
1385 3005 1420 3035 et
1438 3011 1519 3035 cum
1537 3001 1626 3047 aliis,
1651 3007 1691 3037 ut
1708 3002 1892 3048 quadrato.

109 3052 338 3090 Praecellunt
362 3055 504 3100 quidem
528 3054 585 3090 hic
609 3054 769 3098 trigonus
795 3057 831 3087 et
853 3051 1080 3095 hexagonus,
1115 3051 1200 3095 quia
1223 3052 1330 3088 etiam
1354 3063 1474 3089 secum
1497 3053 1598 3099 ipsae
1623 3054 1783 3098 singulae
1809 3063 1890 3099 spe-
