1988 3276
147 130 202 171 30
646 127 835 175 Epistolae
856 127 1003 176 Kepleri
1025 127 1246 176 aliorumque
1268 132 1412 167 mutuae

283 247 329 287 In
358 247 433 288 fine
461 246 658 287 literarum
685 249 798 300 ponis
827 246 1063 303 ἐπιχειρημα,
1107 254 1184 293 tres
1221 251 1389 303 parietes
1426 262 1504 292 una
1537 250 1668 292 fidelia
1704 250 1920 296 dealbandi.

147 305 374 346 Laudabilis
405 311 442 346 et
471 305 763 359 philosophicus
791 307 906 359 plane
936 313 1098 348 conatus
1127 321 1176 349 ex
1203 311 1336 361 paucis
1366 310 1562 362 principiis
1589 310 1713 351 multa
1734 309 1923 362 probandi

146 363 378 416 Platonique
415 366 580 404 maxime
618 366 814 418 probatus.
874 366 952 406 Sed
988 366 1116 406 deficit
1153 369 1186 406 is
1229 369 1269 406 in
1307 370 1430 410 tertio.
1487 368 1633 408 Verum
1669 369 1825 420 quidem
1853 373 1923 418 est,

146 425 432 475 apogaeitatem
470 428 509 463 et
547 425 780 464 anomaliam
817 424 924 464 illam
962 425 1094 465 Lunae
1134 426 1184 465 ab
1226 426 1360 466 eodem
1398 426 1564 479 pendere
1603 428 1812 480 principio:
1856 427 1925 467 sed

149 481 316 521 elevatio
347 483 428 534 poli
456 493 533 521 non
562 483 638 522 huc
667 483 843 533 quadrat.
909 484 969 523 Ibi
1000 486 1102 524 enim
1131 495 1207 523 non
1239 484 1472 537 disputatur,
1515 497 1631 537 quam
1660 497 1779 538 prope
1808 485 1927 525 Terra
1979 491 1988 494 ’“

147 540 308 580 accedat
337 541 387 580 ad
414 543 713 592 septentrionem
751 540 810 596 (ut
837 546 880 580 tu
911 543 971 581 vis
999 542 1202 595 perpendi,
1234 544 1274 581 in
1303 541 1355 597 ⁶3
1392 548 1537 595 quanto
1575 546 1626 584 sit
1654 546 1808 597 propior
1835 544 1926 596 polo

148 610 266 649 quam
294 601 333 637 in
368 599 477 650 ὲ),
522 599 591 640 sed
629 605 816 651 quantum
853 601 1055 641 inclinetur
1082 601 1232 640 medius
1262 602 1402 642 Terrae
1433 602 1597 643 circulus
1630 603 1682 642 ad
1711 603 1925 642 zodiacum.

147 657 324 697 Summa:
356 658 533 709 quaestio
565 664 623 698 est
651 659 922 710 geographica,
951 671 1030 699 non
1060 661 1336 710 astronomica,
1367 665 1554 711 quantum
1582 660 1769 701 hactenus
1799 669 1927 700 astro-

146 718 278 755 nomia
320 718 591 766 quaestionum
634 722 693 756 est
735 717 924 768 amplexa.
991 717 1151 757 Nullum
1195 720 1296 758 enim
1331 720 1444 757 insert
1482 721 1716 772 appetentiis
1755 721 1850 771 ipsis
1888 721 1927 757 in

147 774 255 814 coelo
286 777 516 814 varietatem
543 777 706 814 mutatio
737 775 854 825 coeli,
898 775 967 815 sed
996 775 1138 815 Terrae
1178 778 1307 828 potius
1342 777 1552 817 secundum
1582 777 1756 818 diversas
1784 782 1926 829 partes,
1982 809 1988 816 .

148 844 249 884 quae
278 845 419 873 nomen
447 834 593 873 habent
621 834 864 883 historicum,
909 839 953 874 ut
982 834 1090 883 Asia,
1123 834 1308 884 Graecia,
1347 835 1520 875 Rhodus.
1579 836 1690 876 Alias
1728 841 1926 887 utcunque

146 896 315 931 mutetur
343 892 468 944 polus,
498 904 648 943 semper
678 892 814 932 eadem
842 904 999 932 numero
1019 898 1176 933 manent
1194 893 1361 941 climata,
1392 896 1569 945 quamvis
1586 906 1664 934 non
1684 906 1753 946 per
1772 895 1929 935 easdem

147 950 263 990 urbes
305 952 554 990 transeuntia.
623 950 722 991 Vale
758 952 818 990 vir
852 951 1058 1003 Magnifice
1094 957 1134 992 et
1169 952 1407 1002 doctissime,
1449 958 1488 993 et
1525 953 1601 993 hoc
1638 952 1826 1004 quidquid
1844 959 1928 1001 vest,

147 1008 241 1047 boni
270 1009 439 1049 consule.
504 1011 569 1049 14.
599 1009 704 1062 Sept.
735 1021 836 1049 anno
869 1011 935 1050 99.
1004 1009 1136 1062 Magn.
1168 1010 1276 1051 Tuae
1306 1011 1565 1051 deditissimus

1360 1068 1417 1109 Μ.
1446 1069 1489 1109 J.
1519 1068 1681 1120 Kepler,

1176 1117 1331 1179 Styriae
1349 1127 1535 1168 Ordinum
1562 1128 1872 1168 Mathematicus.

285 1206 454 1247 Epistolae
483 1206 649 1239 Herwarti
682 1206 779 1239 datae
811 1206 863 1242 17.
889 1206 981 1248 Sept.
1014 1211 1047 1241 et
1075 1206 1130 1242 14.
1156 1209 1237 1242 Dec.
1264 1207 1352 1244 1599
1381 1210 1504 1251 (comp.
1528 1210 1573 1244 11.
1602 1208 1686 1250 815)
1719 1210 1930 1251 praemissam

149 1253 284 1293 Kepleri
308 1252 482 1294 epistolam
505 1254 638 1286 silentio
661 1257 847 1296 transeunt,
871 1263 975 1295 pauca
997 1255 1172 1288 referentes
1196 1255 1236 1288 de
1259 1256 1426 1296 Tychonis
1451 1257 1562 1289 Lunae
1585 1257 1712 1288 theoria
1743 1255 1837 1299 („ich
1860 1265 1929 1288 ver-

149 1300 221 1331 hoff
242 1301 275 1331 in
301 1301 432 1332 kurzem
456 1301 645 1341 derowegen
670 1302 766 1333 einen
789 1301 988 1341 gedruckten
1005 1303 1136 1334 Tractat
1160 1313 1201 1335 zu
1224 1304 1429 1348 bekemmen,
1453 1313 1490 1336 so
1506 1304 1560 1336 ich
1577 1304 1651 1336 dem
1667 1303 1777 1335 Herm
1793 1303 1929 1335 alsdann

149 1347 232 1378 auch
263 1348 518 1379 communiciren
542 1345 638 1379 will“
646 1351 661 1389 )
695 1351 727 1380 et
751 1348 791 1380 de
815 1348 980 1388 Tychonis
1005 1358 1094 1380 mora
1117 1350 1153 1381 in
1189 1350 1346 1382 Bohemia
1375 1329 1449 1393 („A
1472 1350 1516 1384 D.
1539 1351 1693 1390 Tychone
1718 1350 1822 1382 Brahe
1846 1350 1930 1381 nihil

150 1394 291 1434 amplius
314 1395 482 1426 literarum
516 1396 643 1438 accepi,
679 1396 762 1426 ratio
788 1398 852 1434 est,
889 1396 967 1434 quia
997 1397 1038 1428 ob
1069 1397 1319 1428 incalescentem
1353 1400 1478 1437 pestem
1511 1397 1745 1429 discedendum
1771 1397 1802 1428 ei
1824 1396 1889 1428 fuit
1911 1405 1931 1427 a

149 1441 299 1472 Venetiis
324 1441 508 1481 [Benatica]
533 1442 601 1472 illis
618 1442 814 1482 Bohemicis,
838 1442 884 1472 ita
909 1443 996 1474 enim
1020 1446 1155 1475 vocatur
1180 1444 1283 1484 locus,
1308 1453 1406 1484 quem
1429 1443 1608 1485 Imperator
1631 1444 1662 1475 ei
1678 1453 1737 1485 pro
1753 1443 1931 1475 residentia

150 1485 389 1530 deputaverat).
437 1488 598 1528 Keplerus
631 1498 707 1520 vero
737 1488 823 1520 redit
855 1489 928 1528 ad,
932 1488 1181 1530 ,Harmoniam“
1211 1499 1303 1522 suam
1334 1491 1370 1522 in
1400 1490 1504 1522 literis
1535 1491 1566 1523 d-
1592 1486 1930 1524 d.14.1)00.1599
1986 1511 1988 1515 ι

149 1533 273 1623 ῗιέιὶὶΙ,
309 1535 498 1625 ῑέῗέῗὶεεη
522 1536 636 1576 paucis
661 1536 701 1567 de
724 1535 818 1568 libris
842 1537 883 1568 ab
908 1535 1079 1585 Herwarto
1103 1538 1170 1578 ipsi
1199 1538 1271 1569 loco
1295 1537 1460 1578 Tychonis
1490 1538 1701 1579 epistolarum
1730 1536 1928 1569 transmissis

168 1590 185 1612 c
269 1582 294 1614 1.

292 1641 376 1692 Ego
415 1642 489 1680 etsi
525 1641 600 1681 hoc
647 1640 972 1693 periculosissimo
1010 1646 1114 1681 statu
1151 1642 1267 1682 valde
1307 1643 1527 1693 perturbor,
1572 1642 1760 1682 adornavi
1797 1647 1929 1681 tamen

143 1697 228 1750 jam
256 1699 481 1739 methodum
511 1704 550 1739 et
579 1701 702 1753 prima
730 1699 963 1740 lineamenta
990 1700 1126 1749 libelli,
1158 1703 1220 1740 cui
1250 1701 1405 1740 titulum
1432 1701 1573 1740 faciam
1604 1701 1678 1753 „de
1696 1700 1929 1740 Harmonice

148 1757 306 1796 mundi“
341 1758 560 1798 dissertatio
592 1758 920 1810 cosmographica.
985 1758 1145 1807 Libelli‚
1175 1771 1245 1799 seu
1275 1761 1403 1811 capita
1433 1764 1544 1799 erunt
1572 1761 1770 1814 quinquesv
1810 1759 1850 1810 1)
1881 1758 1929 1798 de

147 1816 279 1866 figuris
311 1816 687 1866 demonstrabilibus,
719 1818 987 1867 geometricus.
1034 1818 1078 1867 2)
1111 1818 1170 1857 De
1187 1818 1401 1857 rationibus
1421 1818 1556 1857 solidis
1576 1841 1633 1848 —
1653 1815 1926 1858 arithmeticus.

150 1875 194 1924 3)
226 1875 286 1914 De
317 1876 444 1914 causis
474 1875 760 1914 harmoniarum
790 1898 844 1904 —
875 1877 1060 1914 musicus.
1129 1877 1174 1925 4)
1214 1876 1274 1915 De
1303 1878 1431 1915 causis
1462 1882 1685 1928 aspectuum
1717 1898 1767 1905 —
1800 1880 1927 1915 astro-

147 1931 312 1983 logicus.
360 1932 400 1982 5)
432 1933 492 1971 De
515 1935 641 1972 causis
662 1939 836 1972 motuum
853 1933 1135 1986 periodicorum
1155 1956 1209 1962 —
1227 1935 1517 1974 astronomicus.
1561 1934 1699 1986 Itaque
1719 1935 1927 1974 etiamnum

149 2003 288 2030 moneo
321 1990 367 2030 de
398 1990 614 2031 Ptolemaei
645 1991 817 2040 Musicis‚
850 2004 900 2031 an
930 1993 977 2030 iis
1002 1992 1135 2041 juvari
1165 1994 1322 2043 possim.

285 2048 400 2088 Mitto
431 2049 495 2088 hic
524 2054 562 2089 et
591 2049 899 2100 Prognosticum‚
931 2049 1040 2099 cujus
1070 2051 1347 2101 praefationem
1375 2049 1483 2100 leges
1513 2054 1552 2090 et
1580 2051 1769 2091 censebis.

286 2107 387 2147 Vale
416 2107 488 2146 Vir
516 2108 723 2159 Magnifice
752 2120 891 2159 meque
920 2108 992 2148 tibi
1029 2107 1337 2148 commendatum
1373 2108 1486 2149 habe.
1543 2108 1677 2160 Magn.
1709 2113 1748 2148 et
1776 2107 1929 2148 Nobili-

149 2167 240 2206 tatis
271 2169 362 2205 tuae
393 2165 654 2206 deditissimus
1389 2165 1446 2206 Μ.
1476 2166 1631 2207 Joann.
1663 2166 1871 2218 Keplerm.

287 2258 341 2289 Ad
371 2257 552 2290 Ptolemaei
586 2255 803 2302 „musicam“,
836 2268 852 2290 e
883 2267 947 2298 qua
977 2259 1155 2299 plurimum
1183 2259 1301 2290 auxilii
1333 2257 1509 2299 petendum
1540 2258 1605 2289 sibi
1629 2267 1699 2290 esse
1718 2238 1931 2299 ¹exspectabat

151 2304 193 2336 ad
216 2304 449 2345 perficiendam
474 2313 565 2337 suam
588 2305 695 2345 ipsius
720 2305 943 2348 Harmoniam,
969 2305 1053 2337 redit
1070 2306 1230 2346 Keplerus
1250 2306 1286 2336 in
1302 2305 1406 2336 literis
1423 2305 1465 2336 ad
1481 2304 1688 2336 Herwartum
1705 2305 1789 2337 datis
1803 2304 1932 2336 Graetii
1960 2342 1974 2346 -

151 2351 183 2384 d.
208 2349 264 2384 12.
290 2351 374 2383 Julii
402 2350 503 2392 1600,
529 2361 609 2392 quas
633 2352 842 2384 exhibuimus
866 2352 931 2383 vol.
959 2353 1018 2386 111.
1042 2361 1074 2393 p.
1100 2351 1145 2386 23
1170 2362 1229 2396 ss.‚
1264 2352 1323 2383 ubi
1345 2351 1461 2383 itidem
1485 2350 1583 2383 refert
1607 2352 1764 2391 quaedam
1790 2351 1831 2383 de
1854 2351 1935 2382 har-

151 2398 273 2430 moniis
297 2399 380 2439 suis,
412 2407 494 2438 quas
526 2402 598 2430 tum
621 2399 777 2439 temporis
801 2399 905 2438 magis
931 2399 1039 2430 animo
1064 2400 1214 2431 versabat
1237 2407 1335 2438 quam
1359 2398 1518 2430 theoriam
1545 2397 1671 2430 Martis.
1713 2398 1849 2430 Librum
1873 2397 1931 2429 diu
1985 2418 1988 2425 .

151 2444 270 2476 frustra
287 2446 471 2484 quaesitum
487 2449 640 2478 mutuum
655 2446 791 2489 accepit,
804 2455 820 2477 e
830 2444 1031 2477 bibliotheca
1042 2445 1266 2477 Monachiensi
1281 2445 1463 2476 desumtum
1480 2445 1521 2475 ab
1534 2442 1847 2487 Herwarto(cfr111.
1862 2441 1932 2487 28).

152 2491 243 2524 Hinc
266 2501 324 2533 per
347 2490 474 2532 aliquot
496 2502 598 2525 annos
625 2496 800 2533 occupatus
825 2493 944 2524 studiis
967 2502 1053 2524 mere
1076 2492 1303 2525 astronomicis
1328 2492 1438 2523 omisit
1461 2491 1621 2532 Keplerns
1646 2491 1863 2533 harmoniam,
1889 2489 1932 2522 ad
1985 2503 1988 2527 3

154 2547 253 2578 quam
277 2548 362 2571 anno
388 2539 518 2570 demum
545 2538 632 2573 1607
656 2539 771 2582 rediit,
798 2543 904 2571 motus
929 2537 980 2570 his
1004 2539 1168 2571 Herwarti
1191 2539 1318 2570 verbis:
1353 2537 1429 2580 „die
1453 2538 1650 2570 Harmonice
1673 2537 1870 2579 Ptolemaei,
1894 2545 1930 2568 so

153 2586 326 2617 lateinisch
358 2595 544 2625 ausgangen
577 2595 656 2625 seyn
695 2586 816 2627 sollen,
850 2586 913 2617 hab
946 2586 999 2617 ich
1029 2587 1080 2617 nit
1108 2587 1302 2617 bekommen
1332 2585 1475 2618 kt‘innen.
1535 2585 1625 2616 Woit
1648 2585 1695 2616 sie
1717 2593 1796 2623 gern
1820 2583 1930 2637 seben,
1985 2587 1988 2629 s

152 2633 252 2664 sowie
276 2632 357 2664 auch
384 2631 660 2664 commentarium
675 2633 858 2673 Porphyrii.
898 2633 961 2664 Am
978 2633 1119 2664 liebsten
1134 2633 1210 2664 aber
1227 2632 1283 2662 het
1306 2631 1360 2663 ich
1384 2640 1462 2670 geru
1477 2629 1712 2663 wissenschaft
1736 2638 1800 2661 von
1824 2630 1930 2661 einem
1986 2636 1988 2666 ζ

152 2680 305 2720 authore,
342 2679 399 2711 der
422 2688 456 2711 es
481 2676 687 2712 familiariter
711 2682 743 2711 et
766 2679 951 2711 methodica
976 2683 1073 2719 atque
1096 2680 1268 2720 perspicue
1292 2678 1452 2722 tractum,
1487 2678 1528 2709 da
1562 2677 1693 2709 anderst
1727 2675 1931 2716 dergleichen

153 2724 389 2766 aussgangen.“
448 2727 611 2767 Keplerus
642 2726 684 2758 ad
715 2726 893 2765 marginem
924 2726 1021 2765 hujus
1051 2726 1207 2767 epistolae
1242 2724 1288 2766 (d.
1316 2723 1369 2758 16.
1393 2725 1467 2757 Jan.
1491 2721 1599 2767 1607)
1631 2723 1711 2755 haec
1739 2723 1930 2763 adscripsitt
1984 2734 1988 2738 ·

152 2775 209 2811 Tu
232 2776 309 2823 ipse
332 2776 419 2812 mihi
442 2775 553 2813 latina
568 2775 764 2812 Ptolemaei
780 2774 995 2811 Harmonica
1020 2785 1065 2810 ex
1090 2774 1306 2811 bibliotheca
1321 2775 1494 2812 Bavarica
1516 2772 1752 2810 transmisisti.
1792 2771 1931 2808 Multus
1985 2805 1988 2806 γ

154 2828 236 2863 est
225 2839 261 2863 m
279 2828 508 2865 distinctione
532 2838 703 2875 generum
721 2827 938 2874 chromatIci‚
964 2826 1142 2873 diatonici,
1168 2827 1415 2863 enharmonii·
1405 2838 1513 2873 mque
1529 2825 1738 2863 differentiis
1755 2830 1931 2868 tonorum,

154 2884 195 2915 ut
210 2885 296 2926 puto
316 2886 371 2918 19.
413 2881 641 2928 Scripserunt
665 2881 709 2918 de
733 2879 935 2916 Harmoniis
959 2879 1037 2916 Jac.
1053 2880 1171 2916 Faber
1195 2880 1417 2927 Stapulensis
1442 2885 1478 2916 et
1493 2879 1697 2917 Jornandus
1721 2884 1757 2916 et
1773 2878 1930 2916 Boethus

154 2931 282 2978 aliqua.
329 2934 464 2970 Nostra
488 2938 606 2970 aetate
631 2933 668 2969 S.
694 2932 885 2979 Calvisius,
910 2937 1037 2969 cantor
1058 2932 1274 2980 Lipsiensis,
1298 2934 1410 2971 italus
1433 2932 1561 2979 aliquis
1584 2932 1622 2968 in
1647 2931 1806 2978 dialogis.

291 2994 331 3025 In
353 2995 568 3036 responsione
591 2993 736 3035 Kepleri‚
761 2995 853 3034 enjus
878 2996 1003 3035 partem
1025 2995 1257 3038 proposuimus
1280 2996 1345 3031 vol.
1363 2995 1424 3029 111.
1447 3003 1481 3034 p.
1499 2990 1578 3036 454,
1602 2993 1682 3025 haec
1703 2991 1869 3033 leguntur:

290 3051 352 3091 De
390 3052 634 3092 Harmonicis
671 3051 785 3093 valde
824 3053 940 3091 miror
978 3051 1109 3092 literas
1147 3053 1279 3103 Magn.
1309 3053 1418 3093 Tuae
1457 3056 1496 3091 et
1534 3052 1666 3091 nescio
1705 3049 1814 3102 qnid·
1835 3049 1930 3090 mihi

155 3107 333 3150 videatur
353 3111 643 3163 conjiciendum,
674 3109 778 3164 quod
797 3112 873 3162 ais,
895 3110 952 3154 (21.
972 3110 1187 3153 Ptolemaei
1206 3112 1440 3154 Harmonica
1468 3121 1663 3162 nunquam
1692 3114 1731 3151 te
1759 3109 1930 3150 nancisci
