<?xml version="1.0" encoding="UTF-8"?>
<!DOCTYPE html PUBLIC "-//W3C//DTD XHTML 1.0 Transitional//EN"
    "http://www.w3.org/TR/xhtml1/DTD/xhtml1-transitional.dtd">
<html xmlns="http://www.w3.org/1999/xhtml" xml:lang="en" lang="en">
 <head>
  <title>
</title>
<meta http-equiv="Content-Type" content="text/html;charset=utf-8" />
  <meta name='ocr-system' content='tesseract 3.04.00' />
  <meta name='ocr-capabilities' content='ocr_page ocr_carea ocr_par ocr_line ocrx_word'/>
</head>
<body>
  <div class='ocr_page' id='page_1' title='image "./operaomniaedidit05kepluoft_0151.png"; bbox 0 0 1994 3276; ppageno 0'>
   <div class='ocr_carea' id='block_1_1' title="bbox 727 125 1919 187">
    <p class='ocr_par' dir='ltr' id='par_1_1' title="bbox 727 125 1919 187">
     <span class='ocr_line' id='line_1_1' title="bbox 727 125 1919 187; baseline 0.007 -8"><span class='ocrx_word' id='word_1_1' title='bbox 727 142 966 181; x_wconf 59' lang='lat' dir='ltr'><strong>numm</strong></span> <span class='ocrx_word' id='word_1_2' title='bbox 1011 142 1210 181; x_wconf 65' lang='lat' dir='ltr'><strong>numm.</strong></span> <span class='ocrx_word' id='word_1_3' title='bbox 1685 125 1687 128; x_wconf 39' lang='lat'><strong>⁴</strong></span> <span class='ocrx_word' id='word_1_4' title='bbox 1795 143 1919 187; x_wconf 73' lang='lat'><strong>1⁸³.</strong></span> 
     </span>
    </p>
   </div>
   <div class='ocr_carea' id='block_1_2' title="bbox 0 232 1875 315">
    <p class='ocr_par' dir='ltr' id='par_1_2' title="bbox 0 232 1875 315">
     <span class='ocr_line' id='line_1_2' title="bbox 0 232 1875 315; baseline -0.001 -14"><span class='ocrx_word' id='word_1_5' title='bbox 0 232 2 250; x_wconf 9' lang='grc' dir='ltr'><strong>η’</strong></span> <span class='ocrx_word' id='word_1_6' title='bbox 69 271 202 301; x_wconf 75' lang='lat' dir='ltr'><strong>carum</strong></span> <span class='ocrx_word' id='word_1_7' title='bbox 229 261 580 313; x_wconf 59' lang='lat' dir='ltr'><strong>“nappin-gentem</strong></span> <span class='ocrx_word' id='word_1_8' title='bbox 609 247 833 304; x_wconf 69' lang='lat' dir='ltr'><strong>ennadavit</strong></span> <span class='ocrx_word' id='word_1_9' title='bbox 859 261 1041 313; x_wconf 82' lang='lat' dir='ltr'><strong>quidem,</strong></span> <span class='ocrx_word' id='word_1_10' title='bbox 1067 232 1141 315; x_wconf 61' lang='lat' dir='ltr'><strong>¹at&gt;</strong></span> <span class='ocrx_word' id='word_1_11' title='bbox 1160 272 1243 301; x_wconf 73' lang='lat' dir='ltr'><strong>non</strong></span> <span class='ocrx_word' id='word_1_12' title='bbox 1270 263 1428 302; x_wconf 81' lang='lat' dir='ltr'><strong>omnino</strong></span> <span class='ocrx_word' id='word_1_13' title='bbox 1457 265 1502 300; x_wconf 79' lang='lat' dir='ltr'><strong>ut</strong></span> <span class='ocrx_word' id='word_1_14' title='bbox 1529 260 1668 301; x_wconf 68' lang='lat' dir='ltr'><strong>iaham</strong></span> <span class='ocrx_word' id='word_1_15' title='bbox 1695 260 1875 311; x_wconf 80' lang='lat' dir='ltr'><strong>sustulit3</strong></span> 
     </span>
    </p>
   </div>
   <div class='ocr_carea' id='block_1_3' title="bbox 68 318 1875 371">
    <p class='ocr_par' dir='ltr' id='par_1_3' title="bbox 68 318 1875 371">
     <span class='ocr_line' id='line_1_3' title="bbox 68 318 1875 371; baseline 0.001 -14"><span class='ocrx_word' id='word_1_16' title='bbox 68 321 215 369; x_wconf 71' lang='lat' dir='ltr'><strong>quique</strong></span> <span class='ocrx_word' id='word_1_17' title='bbox 241 320 393 360; x_wconf 75' lang='lat' dir='ltr'><strong>aurium</strong></span> <span class='ocrx_word' id='word_1_18' title='bbox 416 320 611 370; x_wconf 53' lang='lat' dir='ltr'><strong>,indicium</strong></span> <span class='ocrx_word' id='word_1_19' title='bbox 636 330 735 360; x_wconf 77' lang='lat' dir='ltr'><strong>suae</strong></span> <span class='ocrx_word' id='word_1_20' title='bbox 755 320 936 371; x_wconf 73' lang='lat' dir='ltr'><strong>dignitati</strong></span> <span class='ocrx_word' id='word_1_21' title='bbox 963 321 1134 359; x_wconf 85' lang='lat' dir='ltr'><strong>restituit</strong></span> <span class='ocrx_word' id='word_1_22' title='bbox 1161 320 1292 359; x_wconf 83' lang='lat' dir='ltr'><strong>verbis</strong></span> <span class='ocrx_word' id='word_1_23' title='bbox 1320 326 1360 359; x_wconf 92' lang='lat' dir='ltr'><strong>et</strong></span> <span class='ocrx_word' id='word_1_24' title='bbox 1388 319 1582 369; x_wconf 80' lang='lat' dir='ltr'><strong>dogmate,</strong></span> <span class='ocrx_word' id='word_1_25' title='bbox 1611 318 1716 360; x_wconf 84' lang='lat' dir='ltr'><strong>idem</strong></span> <span class='ocrx_word' id='word_1_26' title='bbox 1735 324 1875 371; x_wconf 73' lang='lat' dir='ltr'><strong>,tamen</strong></span> 
     </span>
    </p>
   </div>
   <div class='ocr_carea' id='block_1_4' title="bbox 0 376 1873 430">
    <p class='ocr_par' dir='ltr' id='par_1_4' title="bbox 0 376 1873 430">
     <span class='ocr_line' id='line_1_4' title="bbox 0 376 1873 430; baseline 0.002 -17"><span class='ocrx_word' id='word_1_27' title='bbox 0 401 9 413; x_wconf 75' lang='grc'>.</span> <span class='ocrx_word' id='word_1_28' title='bbox 66 376 435 429; x_wconf 62' lang='lat' dir='ltr'><strong>munde-eruit,</strong></span> <span class='ocrx_word' id='word_1_29' title='bbox 475 378 682 419; x_wconf 80' lang='lat' dir='ltr'><strong>inhaerens</strong></span> <span class='ocrx_word' id='word_1_30' title='bbox 725 384 765 418; x_wconf 86' lang='lat' dir='ltr'><strong>et</strong></span> <span class='ocrx_word' id='word_1_31' title='bbox 805 380 890 430; x_wconf 85' lang='lat' dir='ltr'><strong>ipse</strong></span> <span class='ocrx_word' id='word_1_32' title='bbox 929 377 1248 430; x_wconf 69' lang='lat' dir='ltr'>contemplationi</span> <span class='ocrx_word' id='word_1_33' title='bbox 1290 389 1537 417; x_wconf 89' lang='lat' dir='ltr'><strong>numerorum</strong></span> <span class='ocrx_word' id='word_1_34' title='bbox 1578 377 1873 417; x_wconf 65' lang='lat' dir='ltr'><strong>emunctorum.</strong></span> 
     </span>
    </p>
   </div>
   <div class='ocr_carea' id='block_1_5' title="bbox 68 434 1874 488">
    <p class='ocr_par' dir='ltr' id='par_1_5' title="bbox 68 434 1874 488">
     <span class='ocr_line' id='line_1_5' title="bbox 68 434 1874 488; baseline 0.001 -13"><span class='ocrx_word' id='word_1_35' title='bbox 68 434 198 476; x_wconf 79' lang='lat' dir='ltr'><strong>Causa</strong></span> <span class='ocrx_word' id='word_1_36' title='bbox 223 437 327 475; x_wconf 76' lang='lat' dir='ltr'><strong>enim</strong></span> <span class='ocrx_word' id='word_1_37' title='bbox 353 438 504 475; x_wconf 85' lang='lat' dir='ltr'><strong>numeri</strong></span> <span class='ocrx_word' id='word_1_38' title='bbox 534 436 858 488; x_wconf 71' lang='lat' dir='ltr'><strong>singularumque·</strong></span> <span class='ocrx_word' id='word_1_39' title='bbox 882 439 1175 488; x_wconf 78' lang='lat' dir='ltr'><strong>proportionum</strong></span> <span class='ocrx_word' id='word_1_40' title='bbox 1213 435 1525 475; x_wconf 63' lang='lat' dir='ltr'><strong>harmonicorum</strong></span> <span class='ocrx_word' id='word_1_41' title='bbox 1554 447 1604 475; x_wconf 89' lang='lat' dir='ltr'><strong>ne</strong></span> <span class='ocrx_word' id='word_1_42' title='bbox 1630 436 1689 476; x_wconf 86' lang='lat' dir='ltr'><strong>sic</strong></span> <span class='ocrx_word' id='word_1_43' title='bbox 1717 435 1874 486; x_wconf 85' lang='lat' dir='ltr'><strong>quidem</strong></span> 
     </span>
    </p>
   </div>
   <div class='ocr_carea' id='block_1_6' title="bbox 0 491 1873 544">
    <p class='ocr_par' dir='ltr' id='par_1_6' title="bbox 0 491 1873 544">
     <span class='ocr_line' id='line_1_6' title="bbox 0 491 1873 544; baseline 0 -12"><span class='ocrx_word' id='word_1_44' title='bbox 0 512 3 521; x_wconf 77' lang='lat'>=</span> <span class='ocrx_word' id='word_1_45' title='bbox 66 497 126 532; x_wconf 76' lang='lat' dir='ltr'><strong>ent</strong></span> <span class='ocrx_word' id='word_1_46' title='bbox 153 491 374 544; x_wconf 71' lang='lat' dir='ltr'><strong>adaequata</strong></span> <span class='ocrx_word' id='word_1_47' title='bbox 401 505 475 533; x_wconf 85' lang='lat' dir='ltr'><strong>suo</strong></span> <span class='ocrx_word' id='word_1_48' title='bbox 506 495 671 544; x_wconf 78' lang='lat' dir='ltr'><strong>effectui,</strong></span> <span class='ocrx_word' id='word_1_49' title='bbox 700 494 772 534; x_wconf 84' lang='lat' dir='ltr'><strong>sed</strong></span> <span class='ocrx_word' id='word_1_50' title='bbox 800 496 839 533; x_wconf 90' lang='lat' dir='ltr'><strong>in</strong></span> <span class='ocrx_word' id='word_1_51' title='bbox 871 494 1100 534; x_wconf 77' lang='lat' dir='ltr'><strong>deliniendis</strong></span> <span class='ocrx_word' id='word_1_52' title='bbox 1129 495 1396 534; x_wconf 70' lang='lat' dir='ltr'><strong>consonantiis</strong></span> <span class='ocrx_word' id='word_1_53' title='bbox 1426 493 1575 541; x_wconf 76' lang='lat' dir='ltr'><strong>deficit,</strong></span> <span class='ocrx_word' id='word_1_54' title='bbox 1606 495 1645 532; x_wconf 88' lang='lat' dir='ltr'><strong>in</strong></span> <span class='ocrx_word' id='word_1_55' title='bbox 1674 494 1873 534; x_wconf 83' lang='lat' dir='ltr'><strong>concinnis</strong></span> 
     </span>
    </p>
   </div>
   <div class='ocr_carea' id='block_1_7' title="bbox 65 550 1873 603">
    <p class='ocr_par' dir='ltr' id='par_1_7' title="bbox 65 550 1873 603">
     <span class='ocr_line' id='line_1_7' title="bbox 65 550 1873 603; baseline 0.001 -13"><span class='ocrx_word' id='word_1_56' title='bbox 65 550 152 590; x_wconf 80' lang='lat' dir='ltr'><strong>aliis</strong></span> <span class='ocrx_word' id='word_1_57' title='bbox 180 550 346 591; x_wconf 81' lang='lat' dir='ltr'><strong>excedit.</strong></span> <span class='ocrx_word' id='word_1_58' title='bbox 403 551 533 602; x_wconf 79' lang='lat' dir='ltr'><strong>Negat</strong></span> <span class='ocrx_word' id='word_1_59' title='bbox 562 552 811 593; x_wconf 73' lang='lat' dir='ltr'><strong>Ptolemaeus</strong></span> <span class='ocrx_word' id='word_1_60' title='bbox 840 554 1064 600; x_wconf 77' lang='lat' dir='ltr'><strong>etiamnum,</strong></span> <span class='ocrx_word' id='word_1_61' title='bbox 1096 554 1230 592; x_wconf 88' lang='lat' dir='ltr'><strong>tertias</strong></span> <span class='ocrx_word' id='word_1_62' title='bbox 1248 558 1470 603; x_wconf 76' lang='lat' dir='ltr'><strong>sextaeque,</strong></span> <span class='ocrx_word' id='word_1_63' title='bbox 1501 554 1690 591; x_wconf 82' lang='lat' dir='ltr'><strong>minorem</strong></span> <span class='ocrx_word' id='word_1_64' title='bbox 1717 557 1758 591; x_wconf 90' lang='lat' dir='ltr'><strong>et</strong></span> <span class='ocrx_word' id='word_1_65' title='bbox 1785 563 1873 592; x_wconf 81' lang='lat' dir='ltr'><strong>ma-</strong></span> 
     </span>
    </p>
   </div>
   <div class='ocr_carea' id='block_1_8' title="bbox 0 608 1873 720">
    <p class='ocr_par' dir='ltr' id='par_1_8' title="bbox 0 608 1873 720">
     <span class='ocr_line' id='line_1_8' title="bbox 0 608 1873 662; baseline 0.001 -12"><span class='ocrx_word' id='word_1_66' title='bbox 0 649 2 657; x_wconf 24' lang='lat'><em>:</em></span> <span class='ocrx_word' id='word_1_67' title='bbox 59 608 186 658; x_wconf 62' lang='lat' dir='ltr'><strong>joran</strong></span> <span class='ocrx_word' id='word_1_68' title='bbox 214 608 334 660; x_wconf 68' lang='lat' dir='ltr'><strong>(quae</strong></span> <span class='ocrx_word' id='word_1_69' title='bbox 361 612 609 650; x_wconf 80' lang='lat' dir='ltr'><strong>continentur</strong></span> <span class='ocrx_word' id='word_1_70' title='bbox 635 610 698 651; x_wconf 83' lang='lat' dir='ltr'><strong>his</strong></span> <span class='ocrx_word' id='word_1_71' title='bbox 727 611 1040 662; x_wconf 74' lang='lat' dir='ltr'><strong>proportionibus</strong></span> <span class='ocrx_word' id='word_1_72' title='bbox 1069 612 1098 649; x_wconf 76' lang='lat'>4</span> <span class='ocrx_word' id='word_1_73' title='bbox 1127 623 1139 649; x_wconf 73' lang='grc' dir='ltr'><strong>ι</strong></span> <span class='ocrx_word' id='word_1_74' title='bbox 1170 611 1196 650; x_wconf 82' lang='lat'><strong>5</strong></span> <span class='ocrx_word' id='word_1_75' title='bbox 1226 616 1268 650; x_wconf 85' lang='lat' dir='ltr'><strong>et</strong></span> <span class='ocrx_word' id='word_1_76' title='bbox 1297 611 1324 648; x_wconf 74' lang='lat'>5</span> <span class='ocrx_word' id='word_1_77' title='bbox 1343 623 1355 648; x_wconf 69' lang='grc' dir='ltr'><strong><em>ε</em></strong></span> <span class='ocrx_word' id='word_1_78' title='bbox 1377 611 1402 650; x_wconf 83' lang='grc'>6</span> <span class='ocrx_word' id='word_1_79' title='bbox 1433 616 1473 649; x_wconf 90' lang='lat' dir='ltr'><strong>et</strong></span> <span class='ocrx_word' id='word_1_80' title='bbox 1503 611 1528 649; x_wconf 79' lang='lat'><strong>5</strong></span> <span class='ocrx_word' id='word_1_81' title='bbox 1558 622 1568 647; x_wconf 70' lang='grc' dir='ltr'><strong><em>ε</em></strong></span> <span class='ocrx_word' id='word_1_82' title='bbox 1600 609 1642 661; x_wconf 88' lang='lat'><strong>8)</strong></span> <span class='ocrx_word' id='word_1_83' title='bbox 1670 621 1756 650; x_wconf 82' lang='lat' dir='ltr'><strong>esse</strong></span> <span class='ocrx_word' id='word_1_84' title='bbox 1775 621 1873 651; x_wconf 83' lang='lat' dir='ltr'><strong>con-</strong></span> 
     </span>
     <span class='ocr_line' id='line_1_9' title="bbox 0 666 1872 720; baseline 0.002 -14"><span class='ocrx_word' id='word_1_85' title='bbox 0 683 1 686; x_wconf 42' lang='lat'><em>*</em></span> <span class='ocrx_word' id='word_1_86' title='bbox 62 670 191 715; x_wconf 78' lang='lat' dir='ltr'><strong>sonas,</strong></span> <span class='ocrx_word' id='word_1_87' title='bbox 221 666 334 717; x_wconf 65' lang='lat' dir='ltr'><strong>quod</strong></span> <span class='ocrx_word' id='word_1_88' title='bbox 356 668 550 709; x_wconf 77' lang='lat' dir='ltr'><strong>affirmant</strong></span> <span class='ocrx_word' id='word_1_89' title='bbox 579 679 715 709; x_wconf 80' lang='lat' dir='ltr'><strong>omnes</strong></span> <span class='ocrx_word' id='word_1_90' title='bbox 742 669 919 708; x_wconf 80' lang='lat' dir='ltr'><strong>hodierni</strong></span> <span class='ocrx_word' id='word_1_91' title='bbox 947 670 1089 708; x_wconf 78' lang='lat' dir='ltr'><strong>musici</strong></span> <span class='ocrx_word' id='word_1_92' title='bbox 1117 669 1217 709; x_wconf 85' lang='lat' dir='ltr'><strong>bene</strong></span> <span class='ocrx_word' id='word_1_93' title='bbox 1244 669 1385 718; x_wconf 80' lang='lat' dir='ltr'><strong>anriti;</strong></span> <span class='ocrx_word' id='word_1_94' title='bbox 1413 668 1552 719; x_wconf 80' lang='lat' dir='ltr'><strong>recipit</strong></span> <span class='ocrx_word' id='word_1_95' title='bbox 1578 669 1750 708; x_wconf 81' lang='lat' dir='ltr'><strong>vicissim</strong></span> <span class='ocrx_word' id='word_1_96' title='bbox 1779 679 1872 720; x_wconf 83' lang='lat' dir='ltr'><strong>pro-</strong></span> 
     </span>
    </p>
   </div>
   <div class='ocr_carea' id='block_1_9' title="bbox 63 725 1872 835">
    <p class='ocr_par' dir='ltr' id='par_1_9' title="bbox 63 725 1872 835">
     <span class='ocr_line' id='line_1_10' title="bbox 64 725 1872 777; baseline 0.001 -14"><span class='ocrx_word' id='word_1_97' title='bbox 64 726 259 776; x_wconf 77' lang='lat' dir='ltr'><strong>portiones</strong></span> <span class='ocrx_word' id='word_1_98' title='bbox 290 726 315 764; x_wconf 79' lang='lat'>6</span> <span class='ocrx_word' id='word_1_99' title='bbox 336 738 348 764; x_wconf 71' lang='grc' dir='ltr'><strong>ε</strong></span> <span class='ocrx_word' id='word_1_100' title='bbox 371 726 395 764; x_wconf 85' lang='grc'><strong>7</strong></span> <span class='ocrx_word' id='word_1_101' title='bbox 426 734 466 765; x_wconf 90' lang='lat' dir='ltr'><strong>et</strong></span> <span class='ocrx_word' id='word_1_102' title='bbox 499 730 521 765; x_wconf 88' lang='grc'><strong>7</strong></span> <span class='ocrx_word' id='word_1_103' title='bbox 543 739 554 765; x_wconf 78' lang='lat' dir='ltr'><strong><em>z</em></strong></span> <span class='ocrx_word' id='word_1_104' title='bbox 576 727 601 765; x_wconf 89' lang='lat'>8</span> <span class='ocrx_word' id='word_1_105' title='bbox 632 727 808 777; x_wconf 85' lang='lat' dir='ltr'><strong>aliasque</strong></span> <span class='ocrx_word' id='word_1_106' title='bbox 838 729 938 766; x_wconf 90' lang='lat' dir='ltr'><strong>inter</strong></span> <span class='ocrx_word' id='word_1_107' title='bbox 966 728 1158 766; x_wconf 77' lang='lat' dir='ltr'><strong>concinna</strong></span> <span class='ocrx_word' id='word_1_108' title='bbox 1176 728 1336 777; x_wconf 18' lang='lat' dir='ltr'><strong>*musica</strong></span> <span class='ocrx_word' id='word_1_109' title='bbox 1350 725 1569 772; x_wconf 86' lang='lat' dir='ltr'><strong>intervalla,</strong></span> <span class='ocrx_word' id='word_1_110' title='bbox 1599 726 1656 765; x_wconf 89' lang='lat' dir='ltr'><strong>sic</strong></span> <span class='ocrx_word' id='word_1_111' title='bbox 1684 732 1728 765; x_wconf 93' lang='lat' dir='ltr'><strong>ut</strong></span> <span class='ocrx_word' id='word_1_112' title='bbox 1756 732 1872 766; x_wconf 89' lang='lat' dir='ltr'><strong>cantu</strong></span> 
     </span>
     <span class='ocr_line' id='line_1_11' title="bbox 63 780 1870 835; baseline 0.001 -14"><span class='ocrx_word' id='word_1_113' title='bbox 63 780 294 835; x_wconf 71' lang='lat' dir='ltr'><strong>procedente</strong></span> <span class='ocrx_word' id='word_1_114' title='bbox 322 783 375 823; x_wconf 83' lang='lat' dir='ltr'><strong>ab</strong></span> <span class='ocrx_word' id='word_1_115' title='bbox 411 783 490 823; x_wconf 89' lang='lat' dir='ltr'><strong>UT</strong></span> <span class='ocrx_word' id='word_1_116' title='bbox 511 786 551 822; x_wconf 90' lang='lat' dir='ltr'><strong>in</strong></span> <span class='ocrx_word' id='word_1_117' title='bbox 581 783 679 832; x_wconf 76' lang='grc' dir='ltr'><strong>ΓΔ,</strong></span> <span class='ocrx_word' id='word_1_118' title='bbox 720 791 916 824; x_wconf 79' lang='lat' dir='ltr'><strong>statuatur</strong></span> <span class='ocrx_word' id='word_1_119' title='bbox 950 785 1084 835; x_wconf 84' lang='lat' dir='ltr'><strong>aliqua</strong></span> <span class='ocrx_word' id='word_1_120' title='bbox 1112 796 1190 824; x_wconf 82' lang='lat' dir='ltr'><strong>vox</strong></span> <span class='ocrx_word' id='word_1_121' title='bbox 1227 785 1359 825; x_wconf 86' lang='lat' dir='ltr'><strong>media</strong></span> <span class='ocrx_word' id='word_1_122' title='bbox 1396 786 1496 823; x_wconf 88' lang='lat' dir='ltr'><strong>inter</strong></span> <span class='ocrx_word' id='word_1_123' title='bbox 1528 783 1606 823; x_wconf 77' lang='lat' dir='ltr'><strong>RE</strong></span> <span class='ocrx_word' id='word_1_124' title='bbox 1633 791 1673 823; x_wconf 89' lang='lat' dir='ltr'><strong>et</strong></span> <span class='ocrx_word' id='word_1_125' title='bbox 1701 782 1790 832; x_wconf 62' lang='lat'><strong>211,</strong></span> <span class='ocrx_word' id='word_1_126' title='bbox 1831 786 1870 822; x_wconf 91' lang='lat' dir='ltr'><strong>in</strong></span> 
     </span>
    </p>
   </div>
   <div class='ocr_carea' id='block_1_10' title="bbox 0 841 1871 1069">
    <p class='ocr_par' dir='ltr' id='par_1_10' title="bbox 0 841 1871 1069">
     <span class='ocr_line' id='line_1_12' title="bbox 2 841 1869 893; baseline 0.002 -15"><span class='ocrx_word' id='word_1_127' title='bbox 2 876 4 878; x_wconf 78' lang='grc'><strong>,</strong></span> <span class='ocrx_word' id='word_1_128' title='bbox 62 842 332 891; x_wconf 85' lang='lat' dir='ltr'><strong>proportione,</strong></span> <span class='ocrx_word' id='word_1_129' title='bbox 371 853 452 892; x_wconf 89' lang='lat' dir='ltr'><strong>qua</strong></span> <span class='ocrx_word' id='word_1_130' title='bbox 482 844 505 880; x_wconf 85' lang='grc'><strong>7</strong></span> <span class='ocrx_word' id='word_1_131' title='bbox 536 842 687 882; x_wconf 91' lang='lat' dir='ltr'><strong>medius</strong></span> <span class='ocrx_word' id='word_1_132' title='bbox 722 849 783 882; x_wconf 88' lang='lat' dir='ltr'><strong>est</strong></span> <span class='ocrx_word' id='word_1_133' title='bbox 820 845 919 882; x_wconf 90' lang='lat' dir='ltr'><strong>iuter</strong></span> <span class='ocrx_word' id='word_1_134' title='bbox 949 845 973 882; x_wconf 87' lang='grc'><strong>6</strong></span> <span class='ocrx_word' id='word_1_135' title='bbox 1005 849 1043 882; x_wconf 89' lang='lat' dir='ltr'><strong>et</strong></span> <span class='ocrx_word' id='word_1_136' title='bbox 1074 843 1122 891; x_wconf 91' lang='lat'><strong>8,</strong></span> <span class='ocrx_word' id='word_1_137' title='bbox 1163 854 1266 893; x_wconf 86' lang='lat' dir='ltr'><strong>quae</strong></span> <span class='ocrx_word' id='word_1_138' title='bbox 1307 843 1522 882; x_wconf 84' lang='lat' dir='ltr'><strong>notationis</strong></span> <span class='ocrx_word' id='word_1_139' title='bbox 1560 853 1679 881; x_wconf 85' lang='lat' dir='ltr'><strong>causa</strong></span> <span class='ocrx_word' id='word_1_140' title='bbox 1714 843 1765 881; x_wconf 89' lang='lat' dir='ltr'><strong>sit</strong></span> <span class='ocrx_word' id='word_1_141' title='bbox 1793 841 1869 891; x_wconf 72' lang='grc' dir='ltr'><strong>ΠΙ,</strong></span> 
     </span>
     <span class='ocr_line' id='line_1_13' title="bbox 0 898 1871 953; baseline 0.001 -15"><span class='ocrx_word' id='word_1_142' title='bbox 0 922 10 952; x_wconf 65' lang='lat'><em>5</em></span> <span class='ocrx_word' id='word_1_143' title='bbox 62 905 102 939; x_wconf 91' lang='lat' dir='ltr'><strong>et</strong></span> <span class='ocrx_word' id='word_1_144' title='bbox 122 898 209 951; x_wconf 69' lang='lat' dir='ltr'><strong>,iam</strong></span> <span class='ocrx_word' id='word_1_145' title='bbox 239 900 327 942; x_wconf 68' lang='lat' dir='ltr'><strong>caui</strong></span> <span class='ocrx_word' id='word_1_146' title='bbox 355 901 480 952; x_wconf 87' lang='lat' dir='ltr'><strong>possit</strong></span> <span class='ocrx_word' id='word_1_147' title='bbox 515 899 598 948; x_wconf 87' lang='lat' dir='ltr'><strong>UT,</strong></span> <span class='ocrx_word' id='word_1_148' title='bbox 628 898 706 949; x_wconf 73' lang='grc' dir='ltr'><strong>ΕΙ,</strong></span> <span class='ocrx_word' id='word_1_149' title='bbox 740 898 838 953; x_wconf 71' lang='grc' dir='ltr'><strong>ΕΑ,</strong></span> <span class='ocrx_word' id='word_1_150' title='bbox 877 903 980 940; x_wconf 90' lang='lat' dir='ltr'><strong>sicut</strong></span> <span class='ocrx_word' id='word_1_151' title='bbox 1010 902 1098 940; x_wconf 89' lang='lat' dir='ltr'><strong>cani</strong></span> <span class='ocrx_word' id='word_1_152' title='bbox 1128 906 1259 952; x_wconf 88' lang='lat' dir='ltr'><strong>potest</strong></span> <span class='ocrx_word' id='word_1_153' title='bbox 1295 899 1378 948; x_wconf 86' lang='lat' dir='ltr'><strong>UT,</strong></span> <span class='ocrx_word' id='word_1_154' title='bbox 1408 898 1613 948; x_wconf 52' lang='lat' dir='ltr'><strong>Banu,</strong></span> <span class='ocrx_word' id='word_1_155' title='bbox 1645 898 1733 947; x_wconf 69' lang='grc' dir='ltr'><strong>ΕΑ,</strong></span> <span class='ocrx_word' id='word_1_156' title='bbox 1765 899 1871 950; x_wconf 90' lang='lat' dir='ltr'><strong>quod</strong></span> 
     </span>
     <span class='ocr_line' id='line_1_14' title="bbox 0 957 1870 1008; baseline 0.002 -13"><span class='ocrx_word' id='word_1_157' title='bbox 0 960 6 1008; x_wconf 74' lang='lat' dir='ltr'><strong>j</strong></span> <span class='ocrx_word' id='word_1_158' title='bbox 64 961 124 995; x_wconf 82' lang='lat' dir='ltr'><strong>est</strong></span> <span class='ocrx_word' id='word_1_159' title='bbox 150 957 201 996; x_wconf 79' lang='lat' dir='ltr'><strong>ab</strong></span> <span class='ocrx_word' id='word_1_160' title='bbox 233 958 404 996; x_wconf 88' lang='lat' dir='ltr'><strong>omnium</strong></span> <span class='ocrx_word' id='word_1_161' title='bbox 427 958 634 997; x_wconf 79' lang='lat' dir='ltr'><strong>hominum</strong></span> <span class='ocrx_word' id='word_1_162' title='bbox 664 959 824 998; x_wconf 84' lang='lat' dir='ltr'><strong>auribus</strong></span> <span class='ocrx_word' id='word_1_163' title='bbox 855 965 894 998; x_wconf 91' lang='lat' dir='ltr'><strong>et</strong></span> <span class='ocrx_word' id='word_1_164' title='bbox 934 970 1007 997; x_wconf 92' lang='lat' dir='ltr'><strong>usu</strong></span> <span class='ocrx_word' id='word_1_165' title='bbox 1038 959 1200 998; x_wconf 86' lang='lat' dir='ltr'><strong>canendi</strong></span> <span class='ocrx_word' id='word_1_166' title='bbox 1231 958 1635 1007; x_wconf 78' lang='lat' dir='ltr'><strong>abhorrentissimum3</strong></span> <span class='ocrx_word' id='word_1_167' title='bbox 1674 966 1870 1008; x_wconf 87' lang='lat' dir='ltr'><strong>utcunque</strong></span> 
     </span>
     <span class='ocr_line' id='line_1_15' title="bbox 2 1013 1870 1069; baseline 0.002 -17"><span class='ocrx_word' id='word_1_168' title='bbox 2 1035 7 1059; x_wconf 63' lang='grc' dir='ltr'>ς</span> <span class='ocrx_word' id='word_1_169' title='bbox 60 1013 226 1054; x_wconf 79' lang='lat' dir='ltr'><strong>chordae</strong></span> <span class='ocrx_word' id='word_1_170' title='bbox 254 1017 312 1055; x_wconf 90' lang='lat' dir='ltr'><strong>sic</strong></span> <span class='ocrx_word' id='word_1_171' title='bbox 340 1018 588 1068; x_wconf 80' lang='lat' dir='ltr'><strong>attemperari</strong></span> <span class='ocrx_word' id='word_1_172' title='bbox 616 1019 787 1068; x_wconf 86' lang='lat' dir='ltr'><strong>possint,</strong></span> <span class='ocrx_word' id='word_1_173' title='bbox 829 1019 974 1068; x_wconf 86' lang='lat' dir='ltr'><strong>quippe</strong></span> <span class='ocrx_word' id='word_1_174' title='bbox 1015 1029 1141 1069; x_wconf 84' lang='lat' dir='ltr'><strong>quae,</strong></span> <span class='ocrx_word' id='word_1_175' title='bbox 1179 1028 1267 1057; x_wconf 88' lang='lat' dir='ltr'><strong>cum</strong></span> <span class='ocrx_word' id='word_1_176' title='bbox 1309 1018 1389 1056; x_wconf 86' lang='lat' dir='ltr'><strong>sint</strong></span> <span class='ocrx_word' id='word_1_177' title='bbox 1428 1017 1641 1064; x_wconf 82' lang='lat' dir='ltr'><strong>inanimae,</strong></span> <span class='ocrx_word' id='word_1_178' title='bbox 1677 1015 1870 1067; x_wconf 74' lang='lat' dir='ltr'><strong>Judicium</strong></span> 
     </span>
    </p>
   </div>
   <div class='ocr_carea' id='block_1_11' title="bbox 59 1074 1866 1135">
    <p class='ocr_par' dir='ltr' id='par_1_11' title="bbox 59 1074 1866 1135">
     <span class='ocr_line' id='line_1_16' title="bbox 59 1074 1866 1135; baseline 0.002 -24"><span class='ocrx_word' id='word_1_179' title='bbox 59 1084 172 1112; x_wconf 90' lang='lat' dir='ltr'><strong>suum</strong></span> <span class='ocrx_word' id='word_1_180' title='bbox 200 1083 278 1111; x_wconf 89' lang='lat' dir='ltr'><strong>non</strong></span> <span class='ocrx_word' id='word_1_181' title='bbox 308 1074 573 1125; x_wconf 78' lang='lat' dir='ltr'><strong>interponunt,</strong></span> <span class='ocrx_word' id='word_1_182' title='bbox 605 1074 674 1115; x_wconf 86' lang='lat' dir='ltr'><strong>sed</strong></span> <span class='ocrx_word' id='word_1_183' title='bbox 703 1087 861 1115; x_wconf 83' lang='lat' dir='ltr'><strong>manum</strong></span> <span class='ocrx_word' id='word_1_184' title='bbox 889 1076 1011 1126; x_wconf 86' lang='lat' dir='ltr'><strong>inepti</strong></span> <span class='ocrx_word' id='word_1_185' title='bbox 1040 1075 1313 1127; x_wconf 80' lang='lat' dir='ltr'><strong>speculatoris,</strong></span> <span class='ocrx_word' id='word_1_186' title='bbox 1344 1074 1566 1135; x_wconf 84' lang='lat' dir='ltr'><strong>nullatenus</strong></span> <span class='ocrx_word' id='word_1_187' title='bbox 1595 1080 1866 1126; x_wconf 80' lang='lat' dir='ltr'><strong>repugnantes,</strong></span> 
     </span>
    </p>
   </div>
   <div class='ocr_carea' id='block_1_12' title="bbox 2 1135 285 1181">
    <p class='ocr_par' dir='ltr' id='par_1_12' title="bbox 2 1135 285 1181">
     <span class='ocr_line' id='line_1_17' title="bbox 2 1135 285 1181; baseline -0.004 -10"><span class='ocrx_word' id='word_1_188' title='bbox 2 1140 6 1142; x_wconf 67' lang='lat'><strong><em>‘</em></strong></span> <span class='ocrx_word' id='word_1_189' title='bbox 58 1135 285 1181; x_wconf 83' lang='lat' dir='ltr'><strong>sequuntur.</strong></span> 
     </span>
    </p>
   </div>
   <div class='ocr_carea' id='block_1_13' title="bbox 56 1187 1872 1415">
    <p class='ocr_par' dir='ltr' id='par_1_13' title="bbox 56 1187 1872 1415">
     <span class='ocr_line' id='line_1_18' title="bbox 170 1187 1869 1239; baseline 0 -10"><span class='ocrx_word' id='word_1_190' title='bbox 170 1187 391 1232; x_wconf 77' lang='lat' dir='ltr'><strong>Braeterea,</strong></span> <span class='ocrx_word' id='word_1_191' title='bbox 422 1190 456 1227; x_wconf 92' lang='lat' dir='ltr'><strong>si</strong></span> <span class='ocrx_word' id='word_1_192' title='bbox 485 1190 652 1229; x_wconf 82' lang='lat' dir='ltr'><strong>maxime</strong></span> <span class='ocrx_word' id='word_1_193' title='bbox 683 1190 870 1239; x_wconf 80' lang='lat' dir='ltr'><strong>aequales</strong></span> <span class='ocrx_word' id='word_1_194' title='bbox 899 1197 1031 1229; x_wconf 83' lang='lat' dir='ltr'><strong>esseut</strong></span> <span class='ocrx_word' id='word_1_195' title='bbox 1058 1190 1265 1230; x_wconf 82' lang='lat' dir='ltr'><strong>latitudine</strong></span> <span class='ocrx_word' id='word_1_196' title='bbox 1294 1196 1334 1230; x_wconf 89' lang='lat' dir='ltr'><strong>et</strong></span> <span class='ocrx_word' id='word_1_197' title='bbox 1362 1190 1432 1229; x_wconf 85' lang='lat' dir='ltr'><strong>illa</strong></span> <span class='ocrx_word' id='word_1_198' title='bbox 1461 1202 1593 1236; x_wconf 68' lang='lat' dir='ltr'><strong>ansa,</strong></span> <span class='ocrx_word' id='word_1_199' title='bbox 1625 1201 1672 1229; x_wconf 83' lang='lat' dir='ltr'><strong>ex</strong></span> <span class='ocrx_word' id='word_1_200' title='bbox 1700 1192 1869 1230; x_wconf 86' lang='lat' dir='ltr'><strong>numeris</strong></span> 
     </span>
     <span class='ocr_line' id='line_1_19' title="bbox 58 1246 1869 1299; baseline 0.001 -14"><span class='ocrx_word' id='word_1_201' title='bbox 58 1246 265 1286; x_wconf 70' lang='lat' dir='ltr'><strong>abstractis</strong></span> <span class='ocrx_word' id='word_1_202' title='bbox 294 1248 438 1297; x_wconf 82' lang='lat' dir='ltr'><strong>petita,</strong></span> <span class='ocrx_word' id='word_1_203' title='bbox 477 1253 518 1287; x_wconf 88' lang='lat' dir='ltr'><strong>et</strong></span> <span class='ocrx_word' id='word_1_204' title='bbox 546 1247 610 1286; x_wconf 87' lang='lat' dir='ltr'><strong>hic</strong></span> <span class='ocrx_word' id='word_1_205' title='bbox 640 1248 816 1295; x_wconf 76' lang='lat' dir='ltr'><strong>effectus,</strong></span> <span class='ocrx_word' id='word_1_206' title='bbox 857 1251 1158 1296; x_wconf 84' lang='lat' dir='ltr'><strong>consonantiae,</strong></span> <span class='ocrx_word' id='word_1_207' title='bbox 1202 1254 1412 1299; x_wconf 89' lang='lat' dir='ltr'><strong>possetque</strong></span> <span class='ocrx_word' id='word_1_208' title='bbox 1442 1260 1520 1287; x_wconf 91' lang='lat' dir='ltr'><strong>non</strong></span> <span class='ocrx_word' id='word_1_209' title='bbox 1549 1247 1717 1288; x_wconf 84' lang='lat' dir='ltr'><strong>absurde</strong></span> <span class='ocrx_word' id='word_1_210' title='bbox 1746 1248 1869 1288; x_wconf 87' lang='lat' dir='ltr'><strong>videri</strong></span> 
     </span>
     <span class='ocr_line' id='line_1_20' title="bbox 56 1303 1869 1357; baseline 0.002 -14"><span class='ocrx_word' id='word_1_211' title='bbox 56 1303 315 1356; x_wconf 78' lang='lat' dir='ltr'><strong>archetypalis</strong></span> <span class='ocrx_word' id='word_1_212' title='bbox 343 1315 488 1354; x_wconf 83' lang='lat' dir='ltr'><strong>causa,</strong></span> <span class='ocrx_word' id='word_1_213' title='bbox 519 1310 667 1344; x_wconf 85' lang='lat' dir='ltr'><strong>testans</strong></span> <span class='ocrx_word' id='word_1_214' title='bbox 697 1305 746 1345; x_wconf 87' lang='lat' dir='ltr'><strong>de</strong></span> <span class='ocrx_word' id='word_1_215' title='bbox 775 1318 846 1355; x_wconf 91' lang='lat' dir='ltr'><strong>eo,</strong></span> <span class='ocrx_word' id='word_1_216' title='bbox 877 1307 984 1357; x_wconf 88' lang='lat' dir='ltr'><strong>quod</strong></span> <span class='ocrx_word' id='word_1_217' title='bbox 1015 1307 1133 1346; x_wconf 87' lang='lat' dir='ltr'><strong>Pater</strong></span> <span class='ocrx_word' id='word_1_218' title='bbox 1160 1318 1307 1354; x_wconf 90' lang='lat' dir='ltr'><strong>rerum,</strong></span> <span class='ocrx_word' id='word_1_219' title='bbox 1338 1306 1452 1345; x_wconf 75' lang='lat' dir='ltr'><strong>Mens</strong></span> <span class='ocrx_word' id='word_1_220' title='bbox 1483 1311 1659 1354; x_wconf 83' lang='lat' dir='ltr'><strong>aeterna,</strong></span> <span class='ocrx_word' id='word_1_221' title='bbox 1689 1317 1869 1346; x_wconf 88' lang='lat' dir='ltr'><strong>numeros</strong></span> 
     </span>
     <span class='ocr_line' id='line_1_21' title="bbox 56 1360 1872 1415; baseline 0.001 -14"><span class='ocrx_word' id='word_1_222' title='bbox 56 1360 147 1401; x_wconf 87' lang='lat' dir='ltr'><strong>illos</strong></span> <span class='ocrx_word' id='word_1_223' title='bbox 178 1362 458 1414; x_wconf 81' lang='lat' dir='ltr'><strong>contemplata,</strong></span> <span class='ocrx_word' id='word_1_224' title='bbox 499 1363 627 1403; x_wconf 82' lang='lat' dir='ltr'><strong>ideam</strong></span> <span class='ocrx_word' id='word_1_225' title='bbox 672 1363 763 1403; x_wconf 89' lang='lat' dir='ltr'><strong>iude</strong></span> <span class='ocrx_word' id='word_1_226' title='bbox 808 1364 1037 1404; x_wconf 87' lang='lat' dir='ltr'><strong>desnmserit</strong></span> <span class='ocrx_word' id='word_1_227' title='bbox 1077 1376 1217 1404; x_wconf 85' lang='lat' dir='ltr'><strong>vocum</strong></span> <span class='ocrx_word' id='word_1_228' title='bbox 1257 1365 1648 1415; x_wconf 85' lang='lat' dir='ltr'><strong>intervallorumque,</strong></span> <span class='ocrx_word' id='word_1_229' title='bbox 1689 1376 1789 1415; x_wconf 90' lang='lat' dir='ltr'><strong>quae</strong></span> <span class='ocrx_word' id='word_1_230' title='bbox 1828 1371 1872 1403; x_wconf 91' lang='lat' dir='ltr'><strong>ut</strong></span> 
     </span>
    </p>
   </div>
   <div class='ocr_carea' id='block_1_14' title="bbox 6 1419 1866 1474">
    <p class='ocr_par' dir='ltr' id='par_1_14' title="bbox 6 1419 1866 1474">
     <span class='ocr_line' id='line_1_22' title="bbox 6 1419 1866 1474; baseline 0.001 -14"><span class='ocrx_word' id='word_1_231' title='bbox 6 1457 17 1467; x_wconf 68' lang='grc'><strong>,</strong></span> <span class='ocrx_word' id='word_1_232' title='bbox 54 1421 194 1460; x_wconf 77' lang='lat' dir='ltr'><strong>animis</strong></span> <span class='ocrx_word' id='word_1_233' title='bbox 222 1419 402 1459; x_wconf 86' lang='lat' dir='ltr'><strong>humanis</strong></span> <span class='ocrx_word' id='word_1_234' title='bbox 444 1421 660 1472; x_wconf 79' lang='lat' dir='ltr'><strong>placerent,</strong></span> <span class='ocrx_word' id='word_1_235' title='bbox 702 1424 1006 1463; x_wconf 80' lang='lat' dir='ltr'><strong>conformatione</strong></span> <span class='ocrx_word' id='word_1_236' title='bbox 1044 1424 1260 1462; x_wconf 89' lang='lat' dir='ltr'><strong>animorum</strong></span> <span class='ocrx_word' id='word_1_237' title='bbox 1299 1422 1582 1474; x_wconf 87' lang='lat' dir='ltr'><strong>procurandum</strong></span> <span class='ocrx_word' id='word_1_238' title='bbox 1622 1424 1695 1473; x_wconf 93' lang='lat' dir='ltr'><strong>ipsi</strong></span> <span class='ocrx_word' id='word_1_239' title='bbox 1737 1423 1866 1462; x_wconf 80' lang='lat' dir='ltr'><strong>fuerit:</strong></span> 
     </span>
    </p>
   </div>
   <div class='ocr_carea' id='block_1_15' title="bbox 9 1471 1866 1534">
    <p class='ocr_par' dir='ltr' id='par_1_15' title="bbox 9 1471 1866 1534">
     <span class='ocr_line' id='line_1_23' title="bbox 9 1471 1866 1534; baseline 0.002 -18"><span class='ocrx_word' id='word_1_240' title='bbox 9 1471 11 1473; x_wconf 38' lang='lat'><strong><em>¹</em></strong></span> <span class='ocrx_word' id='word_1_241' title='bbox 35 1477 226 1517; x_wconf 57' lang='lat' dir='ltr'><strong>»nondum</strong></span> <span class='ocrx_word' id='word_1_242' title='bbox 254 1484 384 1517; x_wconf 85' lang='lat' dir='ltr'><strong>tamen</strong></span> <span class='ocrx_word' id='word_1_243' title='bbox 412 1491 475 1518; x_wconf 90' lang='lat' dir='ltr'><strong>res</strong></span> <span class='ocrx_word' id='word_1_244' title='bbox 505 1479 604 1519; x_wconf 89' lang='lat' dir='ltr'><strong>adeo</strong></span> <span class='ocrx_word' id='word_1_245' title='bbox 635 1487 736 1519; x_wconf 89' lang='lat' dir='ltr'><strong>esset</strong></span> <span class='ocrx_word' id='word_1_246' title='bbox 766 1480 930 1531; x_wconf 89' lang='lat' dir='ltr'><strong>liquida,</strong></span> <span class='ocrx_word' id='word_1_247' title='bbox 961 1492 1029 1520; x_wconf 90' lang='lat' dir='ltr'><strong>cur</strong></span> <span class='ocrx_word' id='word_1_248' title='bbox 1057 1481 1098 1520; x_wconf 90' lang='lat' dir='ltr'><strong>hi</strong></span> <span class='ocrx_word' id='word_1_249' title='bbox 1128 1482 1276 1520; x_wconf 89' lang='lat' dir='ltr'><strong>numeri</strong></span> <span class='ocrx_word' id='word_1_250' title='bbox 1312 1483 1347 1528; x_wconf 93' lang='lat' dir='ltr'><strong>l,</strong></span> <span class='ocrx_word' id='word_1_251' title='bbox 1380 1483 1419 1530; x_wconf 84' lang='grc'><strong>2,</strong></span> <span class='ocrx_word' id='word_1_252' title='bbox 1452 1481 1492 1530; x_wconf 87' lang='grc'><strong>3,</strong></span> <span class='ocrx_word' id='word_1_253' title='bbox 1523 1483 1561 1530; x_wconf 81' lang='grc'><strong>4,</strong></span> <span class='ocrx_word' id='word_1_254' title='bbox 1595 1482 1635 1534; x_wconf 86' lang='lat'><strong>5,</strong></span> <span class='ocrx_word' id='word_1_255' title='bbox 1666 1481 1690 1520; x_wconf 87' lang='lat'><strong>6</strong></span> <span class='ocrx_word' id='word_1_256' title='bbox 1712 1486 1785 1521; x_wconf 85' lang='lat' dir='ltr'><strong>etc.</strong></span> <span class='ocrx_word' id='word_1_257' title='bbox 1814 1480 1866 1520; x_wconf 89' lang='lat' dir='ltr'><strong>ad</strong></span> 
     </span>
    </p>
   </div>
   <div class='ocr_carea' id='block_1_16' title="bbox 0 3128 5 3276">
    <p class='ocr_par' dir='ltr' id='par_1_16' title="bbox 0 3128 5 3276">
     <span class='ocr_line' id='line_1_24' title="bbox 0 3128 5 3276; baseline 0 -12"><span class='ocrx_word' id='word_1_258' title='bbox 0 3128 5 3276; x_wconf 65' lang='grc' dir='ltr'><strong>ἕ</strong></span> 
     </span>
    </p>
   </div>
   <div class='ocr_carea' id='block_1_17' title="bbox 4 1536 1870 1704">
    <p class='ocr_par' dir='ltr' id='par_1_17' title="bbox 0 1536 1870 1704">
     <span class='ocr_line' id='line_1_25' title="bbox 4 1536 1867 1587; baseline 0.002 -13"><span class='ocrx_word' id='word_1_259' title='bbox 4 1536 17 1544; x_wconf 74' lang='grc'>”</span> <span class='ocrx_word' id='word_1_260' title='bbox 54 1536 261 1575; x_wconf 81' lang='lat' dir='ltr'><strong>intervalla</strong></span> <span class='ocrx_word' id='word_1_261' title='bbox 287 1538 437 1581; x_wconf 86' lang='lat' dir='ltr'><strong>musica</strong></span> <span class='ocrx_word' id='word_1_262' title='bbox 465 1544 716 1587; x_wconf 85' lang='lat' dir='ltr'><strong>concurrant,</strong></span> <span class='ocrx_word' id='word_1_263' title='bbox 760 1545 803 1578; x_wconf 89' lang='lat' dir='ltr'><strong>at</strong></span> <span class='ocrx_word' id='word_1_264' title='bbox 846 1541 894 1587; x_wconf 85' lang='grc'><strong>7,</strong></span> <span class='ocrx_word' id='word_1_265' title='bbox 935 1541 1008 1587; x_wconf 90' lang='grc'><strong>11,</strong></span> <span class='ocrx_word' id='word_1_266' title='bbox 1052 1540 1102 1578; x_wconf 89' lang='grc'><strong>13</strong></span> <span class='ocrx_word' id='word_1_267' title='bbox 1142 1545 1181 1578; x_wconf 91' lang='lat' dir='ltr'><strong>et</strong></span> <span class='ocrx_word' id='word_1_268' title='bbox 1220 1539 1368 1578; x_wconf 86' lang='lat' dir='ltr'><strong>similes</strong></span> <span class='ocrx_word' id='word_1_269' title='bbox 1398 1550 1474 1578; x_wconf 90' lang='lat' dir='ltr'><strong>non</strong></span> <span class='ocrx_word' id='word_1_270' title='bbox 1506 1544 1752 1587; x_wconf 81' lang='lat' dir='ltr'><strong>concurrant,</strong></span> <span class='ocrx_word' id='word_1_271' title='bbox 1796 1550 1867 1578; x_wconf 91' lang='lat' dir='ltr'><strong>nec</strong></span> 
     </span>
     <span class='ocr_line' id='line_1_26' title="bbox 56 1593 1870 1647; baseline 0.002 -14.88"><span class='ocrx_word' id='word_1_272' title='bbox 56 1593 174 1644; x_wconf 83' lang='lat' dir='ltr'><strong>hujus</strong></span> <span class='ocrx_word' id='word_1_273' title='bbox 202 1595 257 1633; x_wconf 81' lang='lat' dir='ltr'><strong>rei</strong></span> <span class='ocrx_word' id='word_1_274' title='bbox 286 1605 444 1633; x_wconf 81' lang='lat' dir='ltr'><strong>causam</strong></span> <span class='ocrx_word' id='word_1_275' title='bbox 473 1607 519 1634; x_wconf 90' lang='lat' dir='ltr'><strong>ex</strong></span> <span class='ocrx_word' id='word_1_276' title='bbox 550 1608 592 1634; x_wconf 88' lang='lat' dir='ltr'><strong>se</strong></span> <span class='ocrx_word' id='word_1_277' title='bbox 632 1597 726 1647; x_wconf 90' lang='lat' dir='ltr'><strong>ipsis</strong></span> <span class='ocrx_word' id='word_1_278' title='bbox 765 1596 992 1636; x_wconf 85' lang='lat' dir='ltr'><strong>exhiberent</strong></span> <span class='ocrx_word' id='word_1_279' title='bbox 1031 1599 1181 1636; x_wconf 82' lang='lat' dir='ltr'><strong>numeri</strong></span> <span class='ocrx_word' id='word_1_280' title='bbox 1216 1603 1261 1636; x_wconf 90' lang='lat' dir='ltr'><strong>ut</strong></span> <span class='ocrx_word' id='word_1_281' title='bbox 1296 1598 1459 1637; x_wconf 88' lang='lat' dir='ltr'><strong>numeri.</strong></span> <span class='ocrx_word' id='word_1_282' title='bbox 1518 1598 1617 1636; x_wconf 80' lang='lat' dir='ltr'><strong>Nam</strong></span> <span class='ocrx_word' id='word_1_283' title='bbox 1655 1608 1773 1636; x_wconf 83' lang='lat' dir='ltr'><strong>causa</strong></span> <span class='ocrx_word' id='word_1_284' title='bbox 1803 1596 1870 1636; x_wconf 78' lang='lat' dir='ltr'><strong>illa</strong></span> 
     </span>
     <span class='ocr_line' id='line_1_27' title="bbox 55 1650 1867 1704; baseline 0.001 -12.941"><span class='ocrx_word' id='word_1_285' title='bbox 55 1651 104 1702; x_wconf 70' lang='lat' dir='ltr'><strong>de</strong></span> <span class='ocrx_word' id='word_1_286' title='bbox 132 1650 300 1691; x_wconf 84' lang='lat' dir='ltr'><strong>ternario</strong></span> <span class='ocrx_word' id='word_1_287' title='bbox 337 1653 632 1703; x_wconf 83' lang='lat' dir='ltr'><strong>principiorum,</strong></span> <span class='ocrx_word' id='word_1_288' title='bbox 677 1659 716 1692; x_wconf 91' lang='lat' dir='ltr'><strong>et</strong></span> <span class='ocrx_word' id='word_1_289' title='bbox 759 1655 907 1693; x_wconf 78' lang='lat' dir='ltr'><strong>familia</strong></span> <span class='ocrx_word' id='word_1_290' title='bbox 945 1654 1221 1704; x_wconf 84' lang='lat' dir='ltr'><strong>quadratorum</strong></span> <span class='ocrx_word' id='word_1_291' title='bbox 1257 1663 1297 1694; x_wconf 90' lang='lat' dir='ltr'><strong>et</strong></span> <span class='ocrx_word' id='word_1_292' title='bbox 1336 1656 1521 1694; x_wconf 87' lang='lat' dir='ltr'><strong>cuborum</strong></span> <span class='ocrx_word' id='word_1_293' title='bbox 1560 1654 1649 1693; x_wconf 86' lang='lat' dir='ltr'><strong>inde</strong></span> <span class='ocrx_word' id='word_1_294' title='bbox 1689 1655 1867 1703; x_wconf 84' lang='lat' dir='ltr'><strong>deducta,</strong></span> 
     </span>
    </p>
   </div>
   <div class='ocr_carea' id='block_1_18' title="bbox 55 1709 1868 1763">
    <p class='ocr_par' dir='ltr' id='par_1_18' title="bbox 55 1709 1868 1763">
     <span class='ocr_line' id='line_1_28' title="bbox 55 1709 1868 1763; baseline 0.002 -15"><span class='ocrx_word' id='word_1_295' title='bbox 55 1709 176 1748; x_wconf 73' lang='lat' dir='ltr'><strong>causa</strong></span> <span class='ocrx_word' id='word_1_296' title='bbox 204 1715 264 1748; x_wconf 82' lang='lat' dir='ltr'><strong>est</strong></span> <span class='ocrx_word' id='word_1_297' title='bbox 293 1709 412 1757; x_wconf 90' lang='lat' dir='ltr'><strong>nulla,</strong></span> <span class='ocrx_word' id='word_1_298' title='bbox 445 1722 532 1749; x_wconf 91' lang='lat' dir='ltr'><strong>eum</strong></span> <span class='ocrx_word' id='word_1_299' title='bbox 563 1712 761 1760; x_wconf 85' lang='lat' dir='ltr'><strong>quinarius</strong></span> <span class='ocrx_word' id='word_1_300' title='bbox 791 1713 842 1750; x_wconf 86' lang='lat' dir='ltr'><strong>ab</strong></span> <span class='ocrx_word' id='word_1_301' title='bbox 874 1711 942 1750; x_wconf 87' lang='lat' dir='ltr'><strong>illa</strong></span> <span class='ocrx_word' id='word_1_302' title='bbox 971 1712 1122 1761; x_wconf 80' lang='lat' dir='ltr'><strong>exalet,</strong></span> <span class='ocrx_word' id='word_1_303' title='bbox 1154 1714 1222 1763; x_wconf 90' lang='lat' dir='ltr'><strong>qui</strong></span> <span class='ocrx_word' id='word_1_304' title='bbox 1249 1713 1326 1751; x_wconf 89' lang='lat' dir='ltr'><strong>sibi</strong></span> <span class='ocrx_word' id='word_1_305' title='bbox 1354 1714 1455 1752; x_wconf 88' lang='lat' dir='ltr'><strong>inter</strong></span> <span class='ocrx_word' id='word_1_306' title='bbox 1483 1714 1717 1752; x_wconf 87' lang='lat' dir='ltr'><strong>musicorum</strong></span> <span class='ocrx_word' id='word_1_307' title='bbox 1747 1714 1868 1752; x_wconf 89' lang='lat' dir='ltr'><strong>inter-</strong></span> 
     </span>
    </p>
   </div>
   <div class='ocr_carea' id='block_1_19' title="bbox 0 1766 1119 1821">
    <p class='ocr_par' dir='ltr' id='par_1_19' title="bbox 0 1766 1119 1821">
     <span class='ocr_line' id='line_1_29' title="bbox 0 1766 1119 1821; baseline 0.002 -16"><span class='ocrx_word' id='word_1_308' title='bbox 0 1774 10 1804; x_wconf 84' lang='grc'><strong>.“</strong></span> <span class='ocrx_word' id='word_1_309' title='bbox 57 1766 247 1806; x_wconf 81' lang='lat' dir='ltr'><strong>vallorum</strong></span> <span class='ocrx_word' id='word_1_310' title='bbox 278 1773 402 1806; x_wconf 88' lang='lat' dir='ltr'><strong>ortum</strong></span> <span class='ocrx_word' id='word_1_311' title='bbox 426 1768 495 1817; x_wconf 92' lang='lat' dir='ltr'><strong>jus</strong></span> <span class='ocrx_word' id='word_1_312' title='bbox 526 1770 697 1808; x_wconf 85' lang='lat' dir='ltr'><strong>civitatis</strong></span> <span class='ocrx_word' id='word_1_313' title='bbox 727 1771 824 1820; x_wconf 88' lang='lat' dir='ltr'><strong>eripi</strong></span> <span class='ocrx_word' id='word_1_314' title='bbox 853 1781 931 1808; x_wconf 91' lang='lat' dir='ltr'><strong>non</strong></span> <span class='ocrx_word' id='word_1_315' title='bbox 960 1772 1119 1821; x_wconf 91' lang='lat' dir='ltr'><strong>patitur.</strong></span> 
     </span>
    </p>
   </div>
   <div class='ocr_carea' id='block_1_20' title="bbox 54 1824 1868 2054">
    <p class='ocr_par' dir='ltr' id='par_1_20' title="bbox 54 1824 1868 2054">
     <span class='ocr_line' id='line_1_30' title="bbox 168 1824 1865 1879; baseline 0.001 -14"><span class='ocrx_word' id='word_1_316' title='bbox 168 1824 245 1865; x_wconf 85' lang='lat' dir='ltr'><strong>Sed</strong></span> <span class='ocrx_word' id='word_1_317' title='bbox 274 1837 346 1865; x_wconf 87' lang='lat' dir='ltr'><strong>nec</strong></span> <span class='ocrx_word' id='word_1_318' title='bbox 373 1826 449 1864; x_wconf 89' lang='lat' dir='ltr'><strong>hoc</strong></span> <span class='ocrx_word' id='word_1_319' title='bbox 479 1827 667 1865; x_wconf 79' lang='lat' dir='ltr'><strong>satisfacit</strong></span> <span class='ocrx_word' id='word_1_320' title='bbox 696 1827 943 1877; x_wconf 85' lang='lat' dir='ltr'><strong>speculatori,</strong></span> <span class='ocrx_word' id='word_1_321' title='bbox 976 1827 1082 1877; x_wconf 90' lang='lat' dir='ltr'><strong>quod</strong></span> <span class='ocrx_word' id='word_1_322' title='bbox 1112 1829 1198 1875; x_wconf 89' lang='lat' dir='ltr'><strong>scit,</strong></span> <span class='ocrx_word' id='word_1_323' title='bbox 1228 1840 1409 1867; x_wconf 87' lang='lat' dir='ltr'><strong>numeros</strong></span> <span class='ocrx_word' id='word_1_324' title='bbox 1445 1831 1479 1876; x_wconf 92' lang='lat'><strong>1,</strong></span> <span class='ocrx_word' id='word_1_325' title='bbox 1513 1830 1551 1876; x_wconf 85' lang='lat'><strong>2,</strong></span> <span class='ocrx_word' id='word_1_326' title='bbox 1584 1829 1608 1867; x_wconf 88' lang='grc'><strong>3</strong></span> <span class='ocrx_word' id='word_1_327' title='bbox 1641 1840 1727 1868; x_wconf 88' lang='lat' dir='ltr'><strong>esse</strong></span> <span class='ocrx_word' id='word_1_328' title='bbox 1757 1840 1865 1879; x_wconf 83' lang='lat' dir='ltr'><strong>sym-</strong></span> 
     </span>
     <span class='ocr_line' id='line_1_31' title="bbox 58 1882 1867 1934; baseline 0.002 -13"><span class='ocrx_word' id='word_1_329' title='bbox 58 1882 151 1921; x_wconf 83' lang='lat' dir='ltr'><strong>bola</strong></span> <span class='ocrx_word' id='word_1_330' title='bbox 185 1884 482 1934; x_wconf 87' lang='lat' dir='ltr'><strong>principiorum,</strong></span> <span class='ocrx_word' id='word_1_331' title='bbox 523 1886 664 1933; x_wconf 87' lang='lat' dir='ltr'><strong>quibus</strong></span> <span class='ocrx_word' id='word_1_332' title='bbox 706 1897 767 1924; x_wconf 91' lang='lat' dir='ltr'><strong>res</strong></span> <span class='ocrx_word' id='word_1_333' title='bbox 810 1885 1007 1923; x_wconf 87' lang='lat' dir='ltr'><strong>naturales</strong></span> <span class='ocrx_word' id='word_1_334' title='bbox 1048 1891 1239 1924; x_wconf 84' lang='lat' dir='ltr'><strong>constant.</strong></span> <span class='ocrx_word' id='word_1_335' title='bbox 1299 1886 1552 1925; x_wconf 84' lang='lat' dir='ltr'><strong>Intervallum</strong></span> <span class='ocrx_word' id='word_1_336' title='bbox 1583 1888 1686 1925; x_wconf 87' lang='lat' dir='ltr'><strong>enim</strong></span> <span class='ocrx_word' id='word_1_337' title='bbox 1716 1898 1777 1925; x_wconf 89' lang='lat' dir='ltr'><strong>res</strong></span> <span class='ocrx_word' id='word_1_338' title='bbox 1807 1892 1867 1925; x_wconf 91' lang='lat' dir='ltr'><strong>est</strong></span> 
     </span>
     <span class='ocr_line' id='line_1_32' title="bbox 54 1941 1864 1994; baseline 0.002 -16"><span class='ocrx_word' id='word_1_339' title='bbox 54 1951 133 1978; x_wconf 89' lang='lat' dir='ltr'><strong>non</strong></span> <span class='ocrx_word' id='word_1_340' title='bbox 161 1941 368 1989; x_wconf 86' lang='lat' dir='ltr'><strong>naturalis,</strong></span> <span class='ocrx_word' id='word_1_341' title='bbox 404 1942 473 1981; x_wconf 89' lang='lat' dir='ltr'><strong>sed</strong></span> <span class='ocrx_word' id='word_1_342' title='bbox 510 1944 768 1991; x_wconf 84' lang='lat' dir='ltr'><strong>geometrica3</strong></span> <span class='ocrx_word' id='word_1_343' title='bbox 812 1945 887 1981; x_wconf 87' lang='lat' dir='ltr'><strong>nisi</strong></span> <span class='ocrx_word' id='word_1_344' title='bbox 922 1944 1041 1992; x_wconf 86' lang='lat' dir='ltr'><strong>igitur</strong></span> <span class='ocrx_word' id='word_1_345' title='bbox 1080 1943 1121 1981; x_wconf 82' lang='lat' dir='ltr'><strong>hi</strong></span> <span class='ocrx_word' id='word_1_346' title='bbox 1151 1946 1298 1982; x_wconf 86' lang='lat' dir='ltr'><strong>numeri</strong></span> <span class='ocrx_word' id='word_1_347' title='bbox 1337 1944 1443 1982; x_wconf 84' lang='lat' dir='ltr'><strong>aliud</strong></span> <span class='ocrx_word' id='word_1_348' title='bbox 1474 1944 1623 1994; x_wconf 84' lang='lat' dir='ltr'><strong>aliquid</strong></span> <span class='ocrx_word' id='word_1_349' title='bbox 1653 1951 1864 1992; x_wconf 87' lang='lat' dir='ltr'><strong>numerent,</strong></span> 
     </span>
     <span class='ocr_line' id='line_1_33' title="bbox 55 1998 1868 2054; baseline 0.002 -17"><span class='ocrx_word' id='word_1_350' title='bbox 55 1998 160 2047; x_wconf 90' lang='lat' dir='ltr'><strong>quod</strong></span> <span class='ocrx_word' id='word_1_351' title='bbox 189 2001 314 2048; x_wconf 85' lang='lat' dir='ltr'><strong>magis</strong></span> <span class='ocrx_word' id='word_1_352' title='bbox 343 2005 550 2047; x_wconf 74' lang='lat' dir='ltr'><strong>cognatum</strong></span> <span class='ocrx_word' id='word_1_353' title='bbox 579 2002 630 2039; x_wconf 89' lang='lat' dir='ltr'><strong>sit</strong></span> <span class='ocrx_word' id='word_1_354' title='bbox 658 2001 885 2048; x_wconf 85' lang='lat' dir='ltr'><strong>intervallis,</strong></span> <span class='ocrx_word' id='word_1_355' title='bbox 916 2001 1063 2039; x_wconf 84' lang='lat' dir='ltr'><strong>nullam</strong></span> <span class='ocrx_word' id='word_1_356' title='bbox 1083 2002 1198 2052; x_wconf 84' lang='lat' dir='ltr'><strong>fidem</strong></span> <span class='ocrx_word' id='word_1_357' title='bbox 1228 2002 1484 2053; x_wconf 87' lang='lat' dir='ltr'><strong>philosophus</strong></span> <span class='ocrx_word' id='word_1_358' title='bbox 1513 2003 1698 2042; x_wconf 89' lang='lat' dir='ltr'><strong>adhibere</strong></span> <span class='ocrx_word' id='word_1_359' title='bbox 1728 2004 1868 2054; x_wconf 89' lang='lat' dir='ltr'><strong>poterit</strong></span> 
     </span>
    </p>
   </div>
   <div class='ocr_carea' id='block_1_21' title="bbox 2 2055 1391 2110">
    <p class='ocr_par' dir='ltr' id='par_1_21' title="bbox 2 2055 1391 2110">
     <span class='ocr_line' id='line_1_34' title="bbox 2 2055 1391 2110; baseline 0.003 -16"><span class='ocrx_word' id='word_1_360' title='bbox 2 2067 8 2071; x_wconf 73' lang='grc'>’</span> <span class='ocrx_word' id='word_1_361' title='bbox 56 2055 147 2095; x_wconf 84' lang='lat' dir='ltr'><strong>huic</strong></span> <span class='ocrx_word' id='word_1_362' title='bbox 175 2068 330 2107; x_wconf 81' lang='lat' dir='ltr'><strong>causae,</strong></span> <span class='ocrx_word' id='word_1_363' title='bbox 359 2057 427 2095; x_wconf 89' lang='lat' dir='ltr'><strong>sed</strong></span> <span class='ocrx_word' id='word_1_364' title='bbox 458 2069 556 2105; x_wconf 88' lang='lat' dir='ltr'><strong>eam,</strong></span> <span class='ocrx_word' id='word_1_365' title='bbox 588 2064 631 2096; x_wconf 89' lang='lat' dir='ltr'><strong>ut</strong></span> <span class='ocrx_word' id='word_1_366' title='bbox 660 2070 737 2096; x_wconf 91' lang='lat' dir='ltr'><strong>non</strong></span> <span class='ocrx_word' id='word_1_367' title='bbox 768 2071 939 2102; x_wconf 83' lang='lat' dir='ltr'><strong>causam,</strong></span> <span class='ocrx_word' id='word_1_368' title='bbox 970 2067 1189 2110; x_wconf 84' lang='lat' dir='ltr'><strong>suspectam</strong></span> <span class='ocrx_word' id='word_1_369' title='bbox 1220 2060 1391 2098; x_wconf 86' lang='lat' dir='ltr'><strong>habebit.</strong></span> 
     </span>
    </p>
   </div>
   <div class='ocr_carea' id='block_1_22' title="bbox 168 2113 1864 2166">
    <p class='ocr_par' dir='ltr' id='par_1_22' title="bbox 168 2113 1864 2166">
     <span class='ocr_line' id='line_1_35' title="bbox 168 2113 1864 2166; baseline 0.002 -14"><span class='ocrx_word' id='word_1_370' title='bbox 168 2113 245 2152; x_wconf 87' lang='lat' dir='ltr'><strong>His</strong></span> <span class='ocrx_word' id='word_1_371' title='bbox 273 2116 390 2164; x_wconf 85' lang='lat' dir='ltr'><strong>igitur</strong></span> <span class='ocrx_word' id='word_1_372' title='bbox 421 2115 467 2154; x_wconf 91' lang='lat' dir='ltr'><strong>de</strong></span> <span class='ocrx_word' id='word_1_373' title='bbox 497 2118 625 2154; x_wconf 86' lang='lat' dir='ltr'><strong>causis</strong></span> <span class='ocrx_word' id='word_1_374' title='bbox 657 2128 729 2166; x_wconf 86' lang='lat' dir='ltr'><strong>ego</strong></span> <span class='ocrx_word' id='word_1_375' title='bbox 760 2119 817 2155; x_wconf 86' lang='lat' dir='ltr'><strong>ab</strong></span> <span class='ocrx_word' id='word_1_376' title='bbox 842 2119 955 2156; x_wconf 82' lang='lat' dir='ltr'><strong>annis</strong></span> <span class='ocrx_word' id='word_1_377' title='bbox 983 2119 1124 2166; x_wconf 81' lang='lat' dir='ltr'><strong>viginti</strong></span> <span class='ocrx_word' id='word_1_378' title='bbox 1164 2119 1204 2155; x_wconf 91' lang='lat' dir='ltr'><strong>in</strong></span> <span class='ocrx_word' id='word_1_379' title='bbox 1234 2117 1309 2156; x_wconf 88' lang='lat' dir='ltr'><strong>hoc</strong></span> <span class='ocrx_word' id='word_1_380' title='bbox 1338 2117 1618 2157; x_wconf 85' lang='lat' dir='ltr'><strong>elaborandum</strong></span> <span class='ocrx_word' id='word_1_381' title='bbox 1646 2118 1742 2156; x_wconf 86' lang='lat' dir='ltr'><strong>mihi</strong></span> <span class='ocrx_word' id='word_1_382' title='bbox 1771 2129 1864 2157; x_wconf 88' lang='lat' dir='ltr'><strong>cen-</strong></span> 
     </span>
    </p>
   </div>
   <div class='ocr_carea' id='block_1_23' title="bbox 16 2172 1865 2283">
    <p class='ocr_par' dir='ltr' id='par_1_23' title="bbox 16 2172 1865 2283">
     <span class='ocr_line' id='line_1_36' title="bbox 16 2172 1865 2226; baseline 0.002 -15"><span class='ocrx_word' id='word_1_383' title='bbox 16 2193 21 2226; x_wconf 68' lang='lat'>3</span> <span class='ocrx_word' id='word_1_384' title='bbox 57 2172 140 2222; x_wconf 75' lang='lat' dir='ltr'><strong>sui,</strong></span> <span class='ocrx_word' id='word_1_385' title='bbox 174 2177 219 2210; x_wconf 88' lang='lat' dir='ltr'><strong>ut</strong></span> <span class='ocrx_word' id='word_1_386' title='bbox 246 2172 346 2217; x_wconf 76' lang='lat' dir='ltr'><strong>hanc</strong></span> <span class='ocrx_word' id='word_1_387' title='bbox 374 2173 665 2213; x_wconf 85' lang='lat' dir='ltr'><strong>mathematices</strong></span> <span class='ocrx_word' id='word_1_388' title='bbox 695 2175 953 2225; x_wconf 86' lang='lat' dir='ltr'><strong>physicesque</strong></span> <span class='ocrx_word' id='word_1_389' title='bbox 983 2181 1132 2225; x_wconf 82' lang='lat' dir='ltr'><strong>partem</strong></span> <span class='ocrx_word' id='word_1_390' title='bbox 1162 2176 1409 2215; x_wconf 87' lang='lat' dir='ltr'><strong>illustriorem</strong></span> <span class='ocrx_word' id='word_1_391' title='bbox 1437 2176 1656 2224; x_wconf 87' lang='lat' dir='ltr'><strong>redderem,</strong></span> <span class='ocrx_word' id='word_1_392' title='bbox 1698 2177 1865 2216; x_wconf 86' lang='lat' dir='ltr'><strong>inventis</strong></span> 
     </span>
     <span class='ocr_line' id='line_1_37' title="bbox 17 2229 1863 2283; baseline 0.003 -16"><span class='ocrx_word' id='word_1_393' title='bbox 17 2251 23 2267; x_wconf 53' lang='grc' dir='ltr'><em>κ</em></span> <span class='ocrx_word' id='word_1_394' title='bbox 57 2230 187 2274; x_wconf 75' lang='lat' dir='ltr'><strong>causis</strong></span> <span class='ocrx_word' id='word_1_395' title='bbox 216 2229 380 2276; x_wconf 80' lang='lat' dir='ltr'><strong>talibus,</strong></span> <span class='ocrx_word' id='word_1_396' title='bbox 409 2243 512 2279; x_wconf 88' lang='lat' dir='ltr'><strong>quae</strong></span> <span class='ocrx_word' id='word_1_397' title='bbox 541 2244 589 2271; x_wconf 85' lang='lat' dir='ltr'><strong>ex</strong></span> <span class='ocrx_word' id='word_1_398' title='bbox 619 2243 698 2271; x_wconf 87' lang='lat' dir='ltr'><strong>una</strong></span> <span class='ocrx_word' id='word_1_399' title='bbox 727 2239 836 2283; x_wconf 82' lang='lat' dir='ltr'><strong>parte</strong></span> <span class='ocrx_word' id='word_1_400' title='bbox 868 2238 907 2271; x_wconf 90' lang='lat' dir='ltr'><strong>et</strong></span> <span class='ocrx_word' id='word_1_401' title='bbox 941 2233 1091 2282; x_wconf 87' lang='lat' dir='ltr'><strong>judicio</strong></span> <span class='ocrx_word' id='word_1_402' title='bbox 1122 2236 1273 2273; x_wconf 83' lang='lat' dir='ltr'><strong>aurium</strong></span> <span class='ocrx_word' id='word_1_403' title='bbox 1303 2234 1574 2273; x_wconf 78' lang='lat' dir='ltr'><strong>satisfacerent</strong></span> <span class='ocrx_word' id='word_1_404' title='bbox 1603 2235 1641 2272; x_wconf 92' lang='lat' dir='ltr'><strong>in</strong></span> <span class='ocrx_word' id='word_1_405' title='bbox 1671 2235 1863 2272; x_wconf 84' lang='lat' dir='ltr'><strong>constitu-</strong></span> 
     </span>
    </p>
   </div>
   <div class='ocr_carea' id='block_1_24' title="bbox 57 2285 1865 2343">
    <p class='ocr_par' dir='ltr' id='par_1_24' title="bbox 57 2285 1865 2343">
     <span class='ocr_line' id='line_1_38' title="bbox 57 2285 1865 2343; baseline 0.002 -16"><span class='ocrx_word' id='word_1_406' title='bbox 57 2285 158 2327; x_wconf 70' lang='lat' dir='ltr'><strong>endo</strong></span> <span class='ocrx_word' id='word_1_407' title='bbox 196 2290 531 2328; x_wconf 82' lang='lat' dir='ltr'><strong>consonantiarum</strong></span> <span class='ocrx_word' id='word_1_408' title='bbox 572 2295 862 2339; x_wconf 87' lang='lat' dir='ltr'><strong>ceterorumque</strong></span> <span class='ocrx_word' id='word_1_409' title='bbox 902 2292 1175 2330; x_wconf 84' lang='lat' dir='ltr'><strong>concinnomm</strong></span> <span class='ocrx_word' id='word_1_410' title='bbox 1206 2303 1387 2339; x_wconf 87' lang='lat' dir='ltr'><strong>numero,</strong></span> <span class='ocrx_word' id='word_1_411' title='bbox 1427 2303 1499 2331; x_wconf 91' lang='lat' dir='ltr'><strong>nec</strong></span> <span class='ocrx_word' id='word_1_412' title='bbox 1528 2291 1631 2330; x_wconf 87' lang='lat' dir='ltr'><strong>ultra</strong></span> <span class='ocrx_word' id='word_1_413' title='bbox 1660 2291 1720 2343; x_wconf 81' lang='lat' dir='ltr'><strong>id,</strong></span> <span class='ocrx_word' id='word_1_414' title='bbox 1759 2291 1865 2340; x_wconf 82' lang='lat' dir='ltr'><strong>quod</strong></span> 
     </span>
    </p>
   </div>
   <div class='ocr_carea' id='block_1_25' title="bbox 16 2344 1864 2459">
    <p class='ocr_par' dir='ltr' id='par_1_25' title="bbox 16 2344 1864 2459">
     <span class='ocr_line' id='line_1_39' title="bbox 16 2344 1864 2400; baseline 0.003 -18"><span class='ocrx_word' id='word_1_415' title='bbox 16 2344 26 2355; x_wconf 67' lang='lat'>⁴</span> <span class='ocrx_word' id='word_1_416' title='bbox 57 2355 170 2383; x_wconf 84' lang='lat' dir='ltr'><strong>aures</strong></span> <span class='ocrx_word' id='word_1_417' title='bbox 199 2345 345 2396; x_wconf 83' lang='lat' dir='ltr'><strong>ferunt,</strong></span> <span class='ocrx_word' id='word_1_418' title='bbox 385 2353 647 2397; x_wconf 81' lang='lat' dir='ltr'><strong>excurrerent3</strong></span> <span class='ocrx_word' id='word_1_419' title='bbox 686 2360 735 2388; x_wconf 87' lang='lat' dir='ltr'><strong>ex</strong></span> <span class='ocrx_word' id='word_1_420' title='bbox 769 2348 892 2387; x_wconf 86' lang='lat' dir='ltr'><strong>altera</strong></span> <span class='ocrx_word' id='word_1_421' title='bbox 930 2360 1022 2387; x_wconf 88' lang='lat' dir='ltr'><strong>vero</strong></span> <span class='ocrx_word' id='word_1_422' title='bbox 1059 2355 1169 2399; x_wconf 87' lang='lat' dir='ltr'><strong>parte</strong></span> <span class='ocrx_word' id='word_1_423' title='bbox 1209 2350 1355 2388; x_wconf 83' lang='lat' dir='ltr'><strong>clarum</strong></span> <span class='ocrx_word' id='word_1_424' title='bbox 1385 2354 1424 2388; x_wconf 91' lang='lat' dir='ltr'><strong>et</strong></span> <span class='ocrx_word' id='word_1_425' title='bbox 1453 2355 1631 2400; x_wconf 88' lang='lat' dir='ltr'><strong>apertum</strong></span> <span class='ocrx_word' id='word_1_426' title='bbox 1660 2349 1864 2389; x_wconf 87' lang='lat' dir='ltr'><strong>discrimen</strong></span> 
     </span>
     <span class='ocr_line' id='line_1_40' title="bbox 20 2405 1863 2459; baseline 0.003 -18"><span class='ocrx_word' id='word_1_427' title='bbox 20 2453 27 2459; x_wconf 23' lang='lat'><strong>⁷.</strong></span> <span class='ocrx_word' id='word_1_428' title='bbox 57 2407 270 2449; x_wconf 69' lang='lat' dir='ltr'><strong>statuerent</strong></span> <span class='ocrx_word' id='word_1_429' title='bbox 298 2405 396 2442; x_wconf 87' lang='lat' dir='ltr'><strong>inter</strong></span> <span class='ocrx_word' id='word_1_430' title='bbox 423 2416 624 2453; x_wconf 89' lang='lat' dir='ltr'><strong>numeros,</strong></span> <span class='ocrx_word' id='word_1_431' title='bbox 663 2408 729 2455; x_wconf 86' lang='lat' dir='ltr'><strong>qui</strong></span> <span class='ocrx_word' id='word_1_432' title='bbox 764 2407 931 2445; x_wconf 80' lang='lat' dir='ltr'><strong>formant</strong></span> <span class='ocrx_word' id='word_1_433' title='bbox 972 2407 1179 2445; x_wconf 79' lang='lat' dir='ltr'><strong>intervalla</strong></span> <span class='ocrx_word' id='word_1_434' title='bbox 1213 2408 1382 2455; x_wconf 82' lang='lat' dir='ltr'><strong>musica,</strong></span> <span class='ocrx_word' id='word_1_435' title='bbox 1421 2409 1596 2457; x_wconf 89' lang='lat' dir='ltr'><strong>interque</strong></span> <span class='ocrx_word' id='word_1_436' title='bbox 1633 2407 1782 2446; x_wconf 86' lang='lat' dir='ltr'><strong>alienos</strong></span> <span class='ocrx_word' id='word_1_437' title='bbox 1813 2407 1863 2446; x_wconf 86' lang='lat' dir='ltr'><strong>ab</strong></span> 
     </span>
    </p>
   </div>
   <div class='ocr_carea' id='block_1_26' title="bbox 57 2456 1863 2571">
    <p class='ocr_par' dir='ltr' id='par_1_26' title="bbox 57 2456 1863 2571">
     <span class='ocr_line' id='line_1_41' title="bbox 58 2456 1863 2515; baseline 0.003 -17"><span class='ocrx_word' id='word_1_438' title='bbox 58 2456 135 2507; x_wconf 71' lang='lat' dir='ltr'><strong>hoc</strong></span> <span class='ocrx_word' id='word_1_439' title='bbox 162 2462 341 2509; x_wconf 80' lang='lat' dir='ltr'><strong>negoti03</strong></span> <span class='ocrx_word' id='word_1_440' title='bbox 371 2473 472 2509; x_wconf 84' lang='lat' dir='ltr'><strong>quae</strong></span> <span class='ocrx_word' id='word_1_441' title='bbox 501 2462 669 2512; x_wconf 90' lang='lat' dir='ltr'><strong>denique</strong></span> <span class='ocrx_word' id='word_1_442' title='bbox 699 2470 876 2515; x_wconf 87' lang='lat' dir='ltr'><strong>respectu</strong></span> <span class='ocrx_word' id='word_1_443' title='bbox 904 2470 984 2502; x_wconf 86' lang='lat' dir='ltr'><strong>tam</strong></span> <span class='ocrx_word' id='word_1_444' title='bbox 1012 2464 1225 2515; x_wconf 81' lang='lat' dir='ltr'><strong>archetypi,</strong></span> <span class='ocrx_word' id='word_1_445' title='bbox 1256 2477 1372 2514; x_wconf 85' lang='lat' dir='ltr'><strong>quam</strong></span> <span class='ocrx_word' id='word_1_446' title='bbox 1395 2467 1560 2511; x_wconf 83' lang='lat' dir='ltr'><strong>mentis,</strong></span> <span class='ocrx_word' id='word_1_447' title='bbox 1592 2477 1694 2514; x_wconf 89' lang='lat' dir='ltr'><strong>quae</strong></span> <span class='ocrx_word' id='word_1_448' title='bbox 1724 2465 1863 2504; x_wconf 87' lang='lat' dir='ltr'><strong>arche-</strong></span> 
     </span>
     <span class='ocr_line' id='line_1_42' title="bbox 57 2518 1863 2571; baseline 0.003 -16"><span class='ocrx_word' id='word_1_449' title='bbox 57 2521 152 2567; x_wconf 76' lang='lat' dir='ltr'><strong>typo</strong></span> <span class='ocrx_word' id='word_1_450' title='bbox 191 2520 312 2556; x_wconf 86' lang='lat' dir='ltr'><strong>utitur</strong></span> <span class='ocrx_word' id='word_1_451' title='bbox 349 2518 398 2556; x_wconf 83' lang='lat' dir='ltr'><strong>ad</strong></span> <span class='ocrx_word' id='word_1_452' title='bbox 438 2520 733 2559; x_wconf 79' lang='lat' dir='ltr'><strong>conformandas</strong></span> <span class='ocrx_word' id='word_1_453' title='bbox 770 2522 828 2560; x_wconf 92' lang='lat' dir='ltr'><strong>illi</strong></span> <span class='ocrx_word' id='word_1_454' title='bbox 857 2533 939 2568; x_wconf 88' lang='lat' dir='ltr'><strong>res,</strong></span> <span class='ocrx_word' id='word_1_455' title='bbox 980 2523 1251 2571; x_wconf 84' lang='lat' dir='ltr'><strong>cognationem</strong></span> <span class='ocrx_word' id='word_1_456' title='bbox 1291 2534 1379 2560; x_wconf 89' lang='lat' dir='ltr'><strong>cum</strong></span> <span class='ocrx_word' id='word_1_457' title='bbox 1420 2522 1637 2567; x_wconf 83' lang='lat' dir='ltr'><strong>intervallis</strong></span> <span class='ocrx_word' id='word_1_458' title='bbox 1677 2523 1863 2561; x_wconf 86' lang='lat' dir='ltr'><strong>haberent</strong></span> 
     </span>
    </p>
   </div>
   <div class='ocr_carea' id='block_1_27' title="bbox 23 2574 1874 2623">
    <p class='ocr_par' dir='ltr' id='par_1_27' title="bbox 23 2574 1874 2623">
     <span class='ocr_line' id='line_1_43' title="bbox 23 2574 1874 2623; baseline 0.002 -10"><span class='ocrx_word' id='word_1_459' title='bbox 23 2574 33 2594; x_wconf 41' lang='grc' dir='ltr'><em>Γ</em></span> <span class='ocrx_word' id='word_1_460' title='bbox 57 2585 184 2623; x_wconf 62' lang='lat' dir='ltr'><strong>eoque</strong></span> <span class='ocrx_word' id='word_1_461' title='bbox 214 2576 548 2615; x_wconf 84' lang='lat' dir='ltr'><strong>verisimilitudine</strong></span> <span class='ocrx_word' id='word_1_462' title='bbox 588 2578 800 2618; x_wconf 84' lang='lat' dir='ltr'><strong>clarissima</strong></span> <span class='ocrx_word' id='word_1_463' title='bbox 834 2582 1057 2618; x_wconf 87' lang='lat' dir='ltr'><strong>niterentur.</strong></span> <span class='ocrx_word' id='word_1_464' title='bbox 1116 2580 1212 2618; x_wconf 90' lang='lat' dir='ltr'><strong>Cum</strong></span> <span class='ocrx_word' id='word_1_465' title='bbox 1254 2582 1357 2618; x_wconf 88' lang='lat' dir='ltr'><strong>enim</strong></span> <span class='ocrx_word' id='word_1_466' title='bbox 1395 2581 1690 2619; x_wconf 84' lang='lat' dir='ltr'><strong>intervallorum</strong></span> <span class='ocrx_word' id='word_1_467' title='bbox 1721 2591 1874 2619; x_wconf 13' lang='lat' dir='ltr'><strong>conso-e</strong></span> 
     </span>
    </p>
   </div>
   <div class='ocr_carea' id='block_1_28' title="bbox 57 2635 1863 2688">
    <p class='ocr_par' dir='ltr' id='par_1_28' title="bbox 57 2635 1863 2688">
     <span class='ocr_line' id='line_1_44' title="bbox 57 2635 1863 2688; baseline 0.003 -18"><span class='ocrx_word' id='word_1_468' title='bbox 57 2642 193 2679; x_wconf 72' lang='lat' dir='ltr'><strong>norum</strong></span> <span class='ocrx_word' id='word_1_469' title='bbox 223 2635 373 2672; x_wconf 88' lang='lat' dir='ltr'><strong>termini</strong></span> <span class='ocrx_word' id='word_1_470' title='bbox 403 2636 481 2671; x_wconf 87' lang='lat' dir='ltr'><strong>sint</strong></span> <span class='ocrx_word' id='word_1_471' title='bbox 510 2637 743 2683; x_wconf 86' lang='lat' dir='ltr'><strong>quantitates</strong></span> <span class='ocrx_word' id='word_1_472' title='bbox 774 2639 992 2685; x_wconf 77' lang='lat' dir='ltr'><strong>continuae,</strong></span> <span class='ocrx_word' id='word_1_473' title='bbox 1023 2649 1161 2676; x_wconf 77' lang='lat' dir='ltr'><strong>causas</strong></span> <span class='ocrx_word' id='word_1_474' title='bbox 1182 2650 1351 2687; x_wconf 86' lang='lat' dir='ltr'><strong>quoque,</strong></span> <span class='ocrx_word' id='word_1_475' title='bbox 1382 2650 1484 2688; x_wconf 90' lang='lat' dir='ltr'><strong>quae</strong></span> <span class='ocrx_word' id='word_1_476' title='bbox 1514 2638 1582 2677; x_wconf 89' lang='lat' dir='ltr'><strong>illa</strong></span> <span class='ocrx_word' id='word_1_477' title='bbox 1600 2642 1809 2688; x_wconf 84' lang='lat' dir='ltr'><strong>segregant</strong></span> <span class='ocrx_word' id='word_1_478' title='bbox 1838 2649 1863 2676; x_wconf 82' lang='lat' dir='ltr'><strong>a</strong></span> 
     </span>
    </p>
   </div>
   <div class='ocr_carea' id='block_1_29' title="bbox 18 2688 1862 3091">
    <p class='ocr_par' dir='ltr' id='par_1_29' title="bbox 18 2688 1862 3091">
     <span class='ocr_line' id='line_1_45' title="bbox 28 2688 1862 2745; baseline 0.003 -16"><span class='ocrx_word' id='word_1_479' title='bbox 28 2707 33 2740; x_wconf 71' lang='lat'><strong>³:</strong></span> <span class='ocrx_word' id='word_1_480' title='bbox 60 2688 238 2737; x_wconf 76' lang='lat' dir='ltr'><strong>dissonis,</strong></span> <span class='ocrx_word' id='word_1_481' title='bbox 267 2697 419 2742; x_wconf 88' lang='lat' dir='ltr'><strong>oportet</strong></span> <span class='ocrx_word' id='word_1_482' title='bbox 446 2703 495 2730; x_wconf 80' lang='lat' dir='ltr'><strong>ex</strong></span> <span class='ocrx_word' id='word_1_483' title='bbox 522 2692 667 2732; x_wconf 81' lang='lat' dir='ltr'><strong>familia</strong></span> <span class='ocrx_word' id='word_1_484' title='bbox 696 2697 776 2744; x_wconf 85' lang='lat' dir='ltr'><strong>peti</strong></span> <span class='ocrx_word' id='word_1_485' title='bbox 805 2697 1073 2734; x_wconf 87' lang='lat' dir='ltr'><strong>continuarum</strong></span> <span class='ocrx_word' id='word_1_486' title='bbox 1103 2698 1374 2745; x_wconf 87' lang='lat' dir='ltr'><strong>quantitatum,</strong></span> <span class='ocrx_word' id='word_1_487' title='bbox 1404 2708 1483 2735; x_wconf 88' lang='lat' dir='ltr'><strong>non</strong></span> <span class='ocrx_word' id='word_1_488' title='bbox 1514 2708 1561 2734; x_wconf 85' lang='lat' dir='ltr'><strong>ex</strong></span> <span class='ocrx_word' id='word_1_489' title='bbox 1590 2697 1757 2734; x_wconf 85' lang='lat' dir='ltr'><strong>numeris</strong></span> <span class='ocrx_word' id='word_1_490' title='bbox 1787 2696 1862 2734; x_wconf 84' lang='lat' dir='ltr'><strong>ab·</strong></span> 
     </span>
     <span class='ocr_line' id='line_1_46' title="bbox 18 2743 1862 2804; baseline 0.004 -19"><span class='ocrx_word' id='word_1_491' title='bbox 18 2743 231 2804; x_wconf 49' lang='lat' dir='ltr'><strong>ssj&#39;mctis,</strong></span> <span class='ocrx_word' id='word_1_492' title='bbox 270 2755 314 2787; x_wconf 87' lang='lat' dir='ltr'><strong>ut</strong></span> <span class='ocrx_word' id='word_1_493' title='bbox 343 2751 561 2798; x_wconf 85' lang='lat' dir='ltr'><strong>quantitate</strong></span> <span class='ocrx_word' id='word_1_494' title='bbox 590 2747 852 2800; x_wconf 67' lang='lat' dir='ltr'><strong>discreta3⁴et</strong></span> <span class='ocrx_word' id='word_1_495' title='bbox 892 2764 979 2791; x_wconf 91' lang='lat' dir='ltr'><strong>cum</strong></span> <span class='ocrx_word' id='word_1_496' title='bbox 1007 2765 1116 2792; x_wconf 89' lang='lat' dir='ltr'><strong>mens</strong></span> <span class='ocrx_word' id='word_1_497' title='bbox 1146 2755 1219 2800; x_wconf 89' lang='lat' dir='ltr'><strong>sit,</strong></span> <span class='ocrx_word' id='word_1_498' title='bbox 1260 2765 1360 2802; x_wconf 85' lang='lat' dir='ltr'><strong>quae</strong></span> <span class='ocrx_word' id='word_1_499' title='bbox 1398 2755 1549 2792; x_wconf 88' lang='lat' dir='ltr'><strong>animos</strong></span> <span class='ocrx_word' id='word_1_500' title='bbox 1585 2753 1775 2792; x_wconf 88' lang='lat' dir='ltr'><strong>humanos</strong></span> <span class='ocrx_word' id='word_1_501' title='bbox 1803 2754 1862 2792; x_wconf 83' lang='lat' dir='ltr'><strong>sie</strong></span> 
     </span>
     <span class='ocr_line' id='line_1_47' title="bbox 61 2805 1860 2864; baseline 0.004 -20.837"><span class='ocrx_word' id='word_1_502' title='bbox 61 2805 327 2858; x_wconf 49' lang='lat' dir='ltr'><strong>§nnsormaviss</strong></span> <span class='ocrx_word' id='word_1_503' title='bbox 357 2812 399 2845; x_wconf 87' lang='lat' dir='ltr'><strong>ut</strong></span> <span class='ocrx_word' id='word_1_504' title='bbox 429 2807 502 2845; x_wconf 88' lang='lat' dir='ltr'><strong>hoc</strong></span> <span class='ocrx_word' id='word_1_505' title='bbox 523 2808 729 2854; x_wconf 80' lang='lat' dir='ltr'><strong>intervallo</strong></span> <span class='ocrx_word' id='word_1_506' title='bbox 747 2809 1027 2849; x_wconf 83' lang='lat' dir='ltr'><strong>delectarentur</strong></span> <span class='ocrx_word' id='word_1_507' title='bbox 1058 2808 1181 2864; x_wconf 83' lang='lat' dir='ltr'><strong>(quae</strong></span> <span class='ocrx_word' id='word_1_508' title='bbox 1212 2817 1271 2849; x_wconf 85' lang='lat' dir='ltr'><strong>est</strong></span> <span class='ocrx_word' id='word_1_509' title='bbox 1299 2812 1469 2859; x_wconf 88' lang='lat' dir='ltr'><strong>genuina</strong></span> <span class='ocrx_word' id='word_1_510' title='bbox 1498 2811 1670 2849; x_wconf 81' lang='lat' dir='ltr'><strong>definitio</strong></span> <span class='ocrx_word' id='word_1_511' title='bbox 1698 2812 1860 2850; x_wconf 87' lang='lat' dir='ltr'><strong>consoni</strong></span> 
     </span>
     <span class='ocr_line' id='line_1_48' title="bbox 61 2861 1860 2917; baseline 0.004 -17.826"><span class='ocrx_word' id='word_1_512' title='bbox 61 2867 101 2916; x_wconf 73' lang='lat' dir='ltr'><strong>et</strong></span> <span class='ocrx_word' id='word_1_513' title='bbox 127 2861 300 2914; x_wconf 85' lang='lat' dir='ltr'><strong>dissoni),</strong></span> <span class='ocrx_word' id='word_1_514' title='bbox 332 2863 564 2904; x_wconf 77' lang='lat' dir='ltr'><strong>differentias</strong></span> <span class='ocrx_word' id='word_1_515' title='bbox 593 2876 748 2914; x_wconf 86' lang='lat' dir='ltr'><strong>quoque</strong></span> <span class='ocrx_word' id='word_1_516' title='bbox 778 2870 891 2906; x_wconf 87' lang='lat' dir='ltr'><strong>unius</strong></span> <span class='ocrx_word' id='word_1_517' title='bbox 921 2869 972 2907; x_wconf 87' lang='lat' dir='ltr'><strong>ab</strong></span> <span class='ocrx_word' id='word_1_518' title='bbox 1003 2869 1146 2915; x_wconf 87' lang='lat' dir='ltr'><strong>altero,</strong></span> <span class='ocrx_word' id='word_1_519' title='bbox 1179 2875 1217 2907; x_wconf 88' lang='lat' dir='ltr'><strong>et</strong></span> <span class='ocrx_word' id='word_1_520' title='bbox 1247 2880 1407 2915; x_wconf 79' lang='lat' dir='ltr'><strong>causas,</strong></span> <span class='ocrx_word' id='word_1_521' title='bbox 1439 2869 1580 2917; x_wconf 87' lang='lat' dir='ltr'><strong>quibus</strong></span> <span class='ocrx_word' id='word_1_522' title='bbox 1610 2868 1709 2908; x_wconf 84' lang='lat' dir='ltr'><strong>haec</strong></span> <span class='ocrx_word' id='word_1_523' title='bbox 1738 2870 1860 2907; x_wconf 85' lang='lat' dir='ltr'><strong>inter-</strong></span> 
     </span>
     <span class='ocr_line' id='line_1_49' title="bbox 60 2918 1855 2977; baseline 0.004 -19.874"><span class='ocrx_word' id='word_1_524' title='bbox 60 2918 165 2967; x_wconf 53' lang='lat' dir='ltr'><strong>ualla</strong></span> <span class='ocrx_word' id='word_1_525' title='bbox 191 2920 288 2959; x_wconf 89' lang='lat' dir='ltr'><strong>fiunt</strong></span> <span class='ocrx_word' id='word_1_526' title='bbox 316 2921 563 2971; x_wconf 80' lang='lat' dir='ltr'><strong>harmonica,</strong></span> <span class='ocrx_word' id='word_1_527' title='bbox 602 2923 810 2963; x_wconf 84' lang='lat' dir='ltr'><strong>mentalem</strong></span> <span class='ocrx_word' id='word_1_528' title='bbox 851 2931 891 2964; x_wconf 89' lang='lat' dir='ltr'><strong>et</strong></span> <span class='ocrx_word' id='word_1_529' title='bbox 924 2925 1224 2965; x_wconf 86' lang='lat' dir='ltr'><strong>intellectualem</strong></span> <span class='ocrx_word' id='word_1_530' title='bbox 1259 2927 1467 2964; x_wconf 86' lang='lat' dir='ltr'><strong>essentiam</strong></span> <span class='ocrx_word' id='word_1_531' title='bbox 1506 2927 1650 2964; x_wconf 83' lang='lat' dir='ltr'><strong>habere</strong></span> <span class='ocrx_word' id='word_1_532' title='bbox 1681 2920 1855 2977; x_wconf 74' lang='lat' dir='ltr'><strong>oportet:</strong></span> 
     </span>
     <span class='ocr_line' id='line_1_50' title="bbox 39 2971 1855 3033; baseline 0.006 -20"><span class='ocrx_word' id='word_1_533' title='bbox 39 2971 238 3016; x_wconf 65' lang='lat' dir='ltr'><strong>“n&#39;imirum</strong></span> <span class='ocrx_word' id='word_1_534' title='bbox 266 2979 387 3030; x_wconf 82' lang='lat' dir='ltr'><strong>hanc,</strong></span> <span class='ocrx_word' id='word_1_535' title='bbox 430 2979 535 3029; x_wconf 88' lang='lat' dir='ltr'><strong>quod</strong></span> <span class='ocrx_word' id='word_1_536' title='bbox 573 2982 722 3019; x_wconf 87' lang='lat' dir='ltr'><strong>termini</strong></span> <span class='ocrx_word' id='word_1_537' title='bbox 747 2993 1015 3029; x_wconf 10' lang='lat' dir='ltr'><strong>,consonomm</strong></span> <span class='ocrx_word' id='word_1_538' title='bbox 1054 2983 1342 3022; x_wconf 83' lang='lat' dir='ltr'><strong>intervallorum</strong></span> <span class='ocrx_word' id='word_1_539' title='bbox 1381 2985 1533 3033; x_wconf 87' lang='lat' dir='ltr'><strong>proprie</strong></span> <span class='ocrx_word' id='word_1_540' title='bbox 1569 2983 1855 3032; x_wconf 83' lang='lat' dir='ltr'><strong>scibilessunt,</strong></span> 
     </span>
     <span class='ocr_line' id='line_1_51' title="bbox 30 3031 1856 3091; baseline 0.001 -13"><span class='ocrx_word' id='word_1_541' title='bbox 30 3067 37 3078; x_wconf 32' lang='lat' dir='ltr'><em>z</em></span> <span class='ocrx_word' id='word_1_542' title='bbox 62 3031 303 3077; x_wconf 61' lang='lat' dir='ltr'><strong>&amp;nouorum</strong></span> <span class='ocrx_word' id='word_1_543' title='bbox 331 3042 401 3075; x_wconf 88' lang='lat' dir='ltr'><strong>aut</strong></span> <span class='ocrx_word' id='word_1_544' title='bbox 428 3039 632 3089; x_wconf 87' lang='lat' dir='ltr'><strong>improprie</strong></span> <span class='ocrx_word' id='word_1_545' title='bbox 661 3038 817 3079; x_wconf 80' lang='lat' dir='ltr'><strong>scibiles</strong></span> <span class='ocrx_word' id='word_1_546' title='bbox 846 3045 915 3079; x_wconf 81' lang='lat' dir='ltr'><strong>aut</strong></span> <span class='ocrx_word' id='word_1_547' title='bbox 942 3042 1150 3082; x_wconf 85' lang='lat' dir='ltr'><strong>inscibiles.</strong></span> <span class='ocrx_word' id='word_1_548' title='bbox 1209 3042 1311 3079; x_wconf 85' lang='lat' dir='ltr'><strong>Nam</strong></span> <span class='ocrx_word' id='word_1_549' title='bbox 1330 3042 1364 3078; x_wconf 87' lang='lat' dir='ltr'><strong>si</strong></span> <span class='ocrx_word' id='word_1_550' title='bbox 1392 3041 1548 3080; x_wconf 87' lang='lat' dir='ltr'><strong>scibiles</strong></span> <span class='ocrx_word' id='word_1_551' title='bbox 1577 3040 1647 3091; x_wconf 88' lang='lat' dir='ltr'><strong>illi,</strong></span> <span class='ocrx_word' id='word_1_552' title='bbox 1675 3043 1716 3081; x_wconf 91' lang='lat' dir='ltr'><strong>in</strong></span> <span class='ocrx_word' id='word_1_553' title='bbox 1743 3049 1856 3082; x_wconf 85' lang='lat' dir='ltr'><strong>men-</strong></span> 
     </span>
    </p>
   </div>
   <div class='ocr_carea' id='block_1_30' title="bbox 64 3093 1855 3152">
    <p class='ocr_par' dir='ltr' id='par_1_30' title="bbox 64 3093 1855 3152">
     <span class='ocr_line' id='line_1_52' title="bbox 64 3093 1855 3152; baseline 0.007 -22"><span class='ocrx_word' id='word_1_554' title='bbox 64 3093 140 3130; x_wconf 73' lang='lat' dir='ltr'><strong>tem</strong></span> <span class='ocrx_word' id='word_1_555' title='bbox 169 3093 284 3143; x_wconf 83' lang='lat' dir='ltr'><strong>igitur</strong></span> <span class='ocrx_word' id='word_1_556' title='bbox 311 3096 443 3134; x_wconf 80' lang='lat' dir='ltr'><strong>venire</strong></span> <span class='ocrx_word' id='word_1_557' title='bbox 471 3101 511 3135; x_wconf 90' lang='lat' dir='ltr'><strong>et</strong></span> <span class='ocrx_word' id='word_1_558' title='bbox 540 3094 590 3135; x_wconf 83' lang='lat' dir='ltr'><strong>ad</strong></span> <span class='ocrx_word' id='word_1_559' title='bbox 619 3095 932 3137; x_wconf 81' lang='lat' dir='ltr'><strong>conformandum</strong></span> <span class='ocrx_word' id='word_1_560' title='bbox 951 3099 1201 3152; x_wconf 85' lang='lat' dir='ltr'><strong>archetypum</strong></span> <span class='ocrx_word' id='word_1_561' title='bbox 1228 3098 1393 3139; x_wconf 85' lang='lat' dir='ltr'><strong>adscisci</strong></span> <span class='ocrx_word' id='word_1_562' title='bbox 1423 3103 1608 3150; x_wconf 74' lang='lat' dir='ltr'><strong>possunt3</strong></span> <span class='ocrx_word' id='word_1_563' title='bbox 1634 3100 1696 3140; x_wconf 83' lang='lat' dir='ltr'><strong>sin</strong></span> <span class='ocrx_word' id='word_1_564' title='bbox 1725 3105 1855 3142; x_wconf 71' lang='lat' dir='ltr'><strong>autem</strong></span> 
     </span>
    </p>
   </div>
  </div>
 </body>
</html>
