1994 3276
137 51 220 90 avo
321 42 323 44 ’
355 30 358 32 ’
543 22 545 25 ’
577 36 579 38 ’
809 23 1019 86 'Palmae
1042 47 1245 88 normania.

134 171 304 204 mentum
337 167 420 202 Est
451 174 538 202 sane
563 167 762 204 communis
794 168 964 214 utrinque
987 174 1122 204 motus.
1154 170 1217 205 sed
1251 169 1287 204 id
1312 169 1382 205 hoc
1405 169 1625 218 discrimine,
1659 177 1702 209 ut
1724 173 1786 211 ille
1808 175 1845 211 in
1869 185 1930 213 ex·

134 212 330 265 primendis
361 217 539 254 sonitibus
572 219 715 255 incedat
745 220 946 260 saltuatim,
979 221 1016 255 in
1041 221 1220 258 sideribus
1251 223 1298 258 sit
1322 223 1524 260 continuus.
1573 218 1691 261 Multo
1713 226 1824 272 igitur
1845 238 1929 264 con-

133 272 273 309 cinnius
299 275 559 316 componentur
582 276 710 308 cantus
736 282 816 308 cum
841 272 984 309 incessu
1008 274 1164 309 humano
1190 274 1391 320 gradum-io,
1417 283 1524 321 quam
1549 287 1631 314 cum
1655 282 1754 314 motu
1777 278 1927 326 alicuius

134 325 271 362 sideris.
320 322 425 378 Quod
450 335 533 361 vero
559 324 790 361 Ptolemaeus
814 336 859 361 ex
884 336 926 361 eo
953 326 1022 362 vim
1047 326 1215 370 intendit,
1251 325 1347 372 quod
1370 334 1490 364 motus
1512 328 1639 367 localis
1669 330 1859 378 utrobique
1883 334 1929 368 sit

133 379 243 424 solus,
259 378 303 414 id
328 387 471 416 rursum
480 379 601 423 longe
625 377 775 422 petitum
801 378 991 423 minusque
1015 377 1185 424 generale
1207 383 1263 416 est
1286 385 1536 425 argumentum
1559 383 1838 429 comparationis
1863 395 1930 421 nec

132 432 202 467 vim
228 432 338 468 ullam
362 431 483 468 habet.
532 430 623 467 Nam
649 434 713 466 aut
735 440 808 465 non
835 436 892 466 est
915 431 1081 468 absolute
1105 443 1226 467 verum
1259 422 1304 467 de
1326 432 1535 470 harmonico
1564 438 1682 480 motu,
1718 441 1782 472 aut
1804 437 1842 472 in
1865 437 1928 473 illo
1991 471 1994 477 Α

131 484 209 520 solo
231 484 304 521 ιιοίι
320 489 387 530 est,
413 495 479 520 nec
495 493 562 529 pro
579 492 618 518 re
635 481 781 518 coelesti
806 483 930 519 haberi
956 484 1074 528 debet,
1099 495 1179 520 cum
1205 485 1252 521 sit
1276 485 1422 532 vulgare
1447 485 1492 522 de
1515 487 1638 524 multis
1661 487 1837 526 localibus
1854 501 1928 526 mo·

129 537 238 575 tibus.
287 537 381 582 Quid
404 538 502 582 quod
527 546 644 581 neque
668 535 713 571 de
737 536 839 572 coelo
864 541 1001 572 certum
1027 543 1093 583 est,
1118 541 1238 573 motus
1255 537 1414 574 siderum
1438 537 1574 576 locales
1597 539 1735 576 nullam
1757 542 1929 588 consequi

130 589 392 626 alterationem
441 589 546 625 Certe
570 592 705 624 motum
731 586 839 624 unius
863 588 1008 634 sideris,
1034 594 1074 625 ut
1099 589 1298 650 Copernico
1324 590 1460 636 placet,
1486 590 1643 628 Telluris
1667 602 1814 640 nempe,
1845 605 1928 630 con-

131 642 294 690 sequitur
317 641 527 678 vicissitudo
553 642 703 677 aestatis
729 645 766 676 et
789 640 928 676 hiemis.
977 642 1071 679 Esse
1096 647 1131 678 et
1155 643 1191 677 in
1218 642 1357 689 1eliquo
1381 643 1483 680 coelo
1507 643 1749 692 alterationes,
1774 651 1929 692 arguunt

131 694 294 731 maculae
317 692 428 738 Solis,
465 700 626 730 cometae
659 698 695 729 et
725 693 813 738 alia,
846 692 1040 739 incertum,
1075 706 1121 731 an
1155 705 1200 730 ex
1225 700 1330 740 parte
1356 696 1414 731 vel
1446 698 1524 733 toto
1554 696 1638 733 illae
1663 699 1860 744 sequantur
1883 708 1929 735 ex

130 746 287 783 motibus
311 746 499 784 localibus.
549 747 611 783 Sin
636 747 681 782 de
706 757 749 782 eo
772 746 962 792 loquimur,
989 748 1085 792 quod
1110 753 1272 783 veterum
1296 747 1523 793 planetarum
1547 749 1668 786 nullus
1684 749 1790 796 perit,
1815 758 1929 787 novus

130 798 253 835 nullus
277 798 453 845 nascitur,
487 799 581 835 idem
607 804 643 835 et
667 798 712 834 de
737 798 850 834 Terra
875 809 996 836 verum
1022 805 1086 837 est.
1136 801 1261 837 Posito
1285 811 1369 837 vero
1400 801 1469 837 hoc
1499 801 1704 838 discrimine
1732 802 1826 838 inter
1848 808 1927 838 coe·

128 854 241 889 lestes
274 856 512 898 terrenosque
547 856 684 896 motus,
722 862 794 887 non
824 851 906 887 ideo
941 852 1132 897 quicquam
1168 858 1398 899 promovetur
1428 852 1624 889 similitudo
1657 854 1929 900 proportionum

130 903 341 941 coelestium
365 916 445 941 cum
469 903 698 947 harmonicis,
723 915 790 940 nec
813 905 969 941 vicissim
982 906 1254 951 impedirentur,
1279 907 1347 942 etsi
1371 905 1408 940 in
1424 905 1527 942 coelo
1545 912 1669 943 essent
1685 906 1928 955 alterationes,

130 967 202 992 uon
226 957 340 1002 magis
365 968 472 1002 quam
505 968 525 992 e
549 961 658 994 cantu
690 957 847 994 humano
878 957 1017 994 tollitur
1051 959 1255 1005 proportio,
1290 957 1320 994 si
1345 968 1414 993 vox
1449 959 1542 994 inter
1566 959 1767 996 canendum
1801 958 1929 997 debilis
1991 991 1994 1002 ,

128 1008 309 1052 reddatur.
357 1010 441 1055 Ipse
464 1019 529 1055 per
554 1019 593 1045 se
625 1014 744 1046 motus
769 1009 895 1046 localis
929 1011 1039 1046 trahit
1064 1021 1184 1047 secum
1210 1010 1370 1046 rationes
1395 1020 1497 1056 suas,
1529 1010 1698 1056 quicquid
1727 1011 1804 1056 jam
1827 1022 1929 1059 prae·
1990 1022 1994 1063 j

127 1066 229 1098 terea
251 1061 404 1099 accidat.

222 1115 428 1151 Secundum
458 1120 728 1161 argumentum,
767 1127 839 1163 qua
869 1118 905 1152 in
929 1121 1034 1161 parte
1060 1116 1203 1152 deficiat
1226 1117 1476 1161 Ptolemaeus,
1508 1116 1588 1162 ipse
1618 1125 1684 1162 per
1716 1116 1929 1163 objectionis

129 1167 287 1215 speciem
311 1167 464 1214 detexit3
499 1168 637 1204 valeret
660 1174 782 1206 tamen
807 1170 853 1206 ad
877 1168 1167 1215 probabilitatem
1193 1169 1449 1206 adstruendam
1474 1168 1737 1206 accidentariae
1767 1168 1941 1216 ejusdem·
1984 1172 1994 1203 ι

1984 1204 1994 1272 ,ἔ

127 1221 371 1259 similitudinis
396 1222 444 1266 (in
469 1231 577 1266 quam
601 1221 768 1258 rhetoras
791 1222 925 1268 potius,
940 1232 1058 1266 quam
1084 1221 1322 1268 philosophos
1345 1220 1552 1259 incumbere
1575 1231 1643 1267 par
1666 1223 1771 1268 erat),
1801 1222 1832 1258 si
1855 1231 1927 1260 non

126 1275 240 1322 magis
265 1276 311 1312 ad
335 1280 444 1321 capnt
469 1284 625 1319 sequens
650 1275 857 1320 pertineret.
906 1273 1020 1311 Nimis
1045 1275 1137 1310 enim
1164 1275 1300 1310 recedit
1325 1275 1551 1311 Ptolemaeus
1576 1275 1613 1310 in
1638 1279 1795 1321 utroque
1818 1285 1921 1323 argu-

126 1334 248 1366 mento
279 1339 301 1364 a
331 1329 517 1374 proposito
547 1327 918 1369 zodiaca-delabens
954 1327 1000 1363 ad
1024 1333 1160 1364 motum
1197 1329 1355 1364 siderum
1384 1329 1453 1365 sub
1477 1339 1536 1373 e0,
1571 1328 1615 1364 de
1639 1340 1712 1374 quo
1742 1334 1848 1366 erunt
1872 1340 1946 1375 se-⁸

127 1383 275 1428 quentia
299 1381 430 1427 capita.
480 1380 575 1416 Illud
610 1390 655 1416 ne
675 1381 911 1423 obliviscare,
947 1380 1044 1424 quod
1070 1381 1227 1417 reversio
1253 1381 1452 1427 specierum
1482 1381 1589 1427 unius
1621 1381 1797 1428 diapason
1826 1381 1925 1418 nullo

127 1436 233 1472 modo
259 1445 405 1472 causam
429 1433 564 1469 habeat
588 1443 705 1479 neque
730 1434 964 1479 archetypum
989 1433 1212 1470 identitatem
1244 1434 1412 1480 principii
1435 1433 1590 1479 finisque
1616 1445 1680 1470 seu
1707 1436 1743 1470 in
1766 1434 1926 1479 zodiaco,
1975 1463 1977 1466 Α

131 1499 195 1525 seu
219 1489 256 1529 in
280 1487 499 1525 motionibus
525 1486 593 1522 snb
619 1497 680 1529 ee,
706 1497 788 1523 nam
814 1486 883 1522 hoc
908 1491 1047 1523 tantum
1075 1486 1187 1531 abest,
1215 1491 1256 1522 ut
1280 1487 1310 1522 si
1335 1486 1372 1522 in
1397 1485 1533 1522 chorda
1558 1487 1609 1522 sic
1625 1484 1839 1532 principium
1863 1487 1927 1523 fini
1976 1499 1977 1503 ¹

129 1551 334 1587 connexum
359 1545 467 1584 esset,
501 1539 702 1585 specierum
728 1539 911 1575 distinctio
945 1537 1043 1573 nulla
1075 1539 1198 1574 futura
1221 1538 1330 1575 fuerit
1363 1539 1477 1585 ipsius
1505 1539 1690 1585 diapason.
1739 1540 1925 1585 Quomodo

125 1603 210 1636 vero
233 1591 457 1629 instituenda
482 1592 530 1627 sit.
554 1592 644 1627 haec
669 1591 906 1637 comparatio,
942 1594 981 1624 ιιι
1006 1596 1043 1626 et
1067 1590 1271 1627 articulatio
1296 1591 1343 1627 sit
1375 1597 1412 1627 et
1435 1591 1482 1627 ad
1507 1602 1639 1638 causae
1670 1593 1925 1630 necessitatem

124 1646 276 1691 propius
309 1644 526 1690 adducatur,
562 1640 677 1680 dicam
709 1646 744 1680 in
778 1644 872 1680 notis
905 1644 949 1679 ad
984 1648 1094 1688 caput
1125 1653 1292 1688 sequens.
1341 1643 1447 1690 Quod
1481 1639 1574 1680 item*
1601 1649 1638 1680 et
1667 1642 1712 1680 de
1742 1646 1851 1682 tertio
1889 1650 1925 1681 et
1973 1669 1976 1672 «

127 1702 256 1744 quarto
282 1702 493 1743 argumento
519 1697 726 1742 dicendum,
761 1707 854 1743 quae
884 1696 981 1741 haud
1006 1695 1115 1741 paulo
1147 1701 1231 1731 sunt
1254 1696 1403 1732 meliora
1435 1695 1636 1742 prioribus,
1672 1707 1752 1732 cum
1777 1702 1926 1734 naturae
1974 1731 1975 1735 ,

126 1750 326 1797 penetralia
349 1750 528 1796 referant,
562 1750 607 1786 ad
634 1760 790 1796 sequens
816 1749 909 1785 enim
937 1754 1047 1794 caput
1080 1753 1117 1784 et
1149 1749 1229 1794 ipsa
1261 1749 1458 1794 pertinent.
1505 1749 1583 1785 Nec
1606 1749 1700 1785 enim
1733 1750 1826 1786 ideo’
1850 1749 1924 1786 dia·
1971 1766 1973 1768 ·

125 1814 241 1850 pason
266 1804 503 1840 consonantia
526 1803 722 1849 respondet
745 1802 813 1847 ipsi
839 1800 1041 1836 diametrali
1066 1801 1357 1846 configurationi,
1384 1801 1469 1846 quia
1492 1810 1537 1836 ex
1561 1805 1757 1847 systemate
1780 1801 1924 1847 quidam
1989 1819 1994 1831 f

125 1856 224 1892 velut
253 1857 422 1893 zodiacus
455 1855 611 1891 efficitur
645 1855 789 1899 (accidit
814 1853 883 1890 hoc
908 1852 960 1888 illi
985 1853 1177 1898 aptationi,
1214 1859 1254 1889 ut
1278 1854 1434 1890 chordae
1468 1854 1643 1899 diapason
1675 1853 1848 1892 facientes
1871 1854 1932 1891 in··
1965 1851 1966 1854 ’
1993 1851 1994 1854 ’

129 1909 252 1946 cidant
272 1910 326 1944 in·
336 1909 416 1944 loca
441 1907 565 1944 circuli
591 1907 783 1953 opposita),
808 1906 871 1942 sed
897 1907 932 1942 in
958 1915 1100 1951 genere,
1126 1907 1209 1951 quia
1235 1911 1272 1941 et
1296 1906 1358 1942 illa
1382 1906 1618 1942 consonantia
1643 1911 1699 1942 est
1722 1906 1864 1963 aliqua,
1889 1912 1925 1944 et

124 1961 216 1996 haec
240 1966 411 2007 aspectus
443 1960 583 2006 aliquis.
632 1959 775 1995 Accidit
804 1958 891 1996 illud
919 1959 1062 2004 quidem
1088 1959 1272 2004 systemati
1295 1958 1457 2003 perfecto
1491 1957 1656 2003 pulchre;
1690 1964 1728 1995 at
1761 1952 1833 1995 hoe
1866 1969 1923 1996 ac-

115 2013 219 2062 ‚cidit
235 2013 341 2050 simul
365 2012 510 2048 minime
534 2012 698 2057 pulchre,
724 2018 764 2047 ut
789 2012 883 2048 duae
908 2012 1065 2047 chordae
1089 2010 1249 2046 incidant
1272 2010 1309 2046 in
1334 2010 1428 2046 idem
1452 2015 1637 2056 punctum,
1663 2022 1756 2058 quae
1771 2013 1866 2048 inter
1882 2021 1922 2048 se

124 2058 358 2110 disdiapason
381 2064 529 2101 faciunt.
556 2073 637 2100 cum
654 2065 929 2111 configurationi
946 2063 1134 2109 corporali,
1161 2062 1195 2097 id
1215 2068 1269 2098 est
1286 2062 1542 2107 conjunctioni,
1567 2064 1688 2108 potius
1704 2063 1922 2110 respondeat
1958 2083 1969 2111 .3

126 2117 310 2163 unisonus,
336 2116 509 2162 diapason
536 2126 619 2152 vero
644 2117 863 2162 respondeat
888 2116 1163 2160 configurationi
1189 2115 1487 2161 quadrangulari,
1513 2119 1554 2152 ut
1582 2115 1780 2152 audiemus.

1987 1081 1994 1171 si

1963 1944 1982 2062 ἶ

1961 2075 1975 2101 ,4

240 2168 345 2214 Quod
370 2171 574 2214 oppositum
602 2175 789 2215 aspectum
814 2170 968 2205 siderum
995 2173 1031 2202 et
1057 2167 1327 2203 consonantiam
1360 2167 1533 2213 diapason
1559 2167 1828 2206 efficacissimos
1858 2180 1920 2215 ap·

124 2222 257 2267 pellat,
290 2221 328 2258 id
352 2222 423 2257 hoc
448 2232 555 2258 sensu
582 2233 702 2258 verum
730 2232 810 2258 esse
829 2221 974 2266 judico,
1004 2221 1033 2255 si
1057 2220 1135 2265 pari
1161 2227 1351 2265 utrumque
1374 2231 1486 2265 passu
1513 2221 1560 2256 sit
1584 2219 1731 2268 efficax,
1758 2221 1921 2260 efficacia
1956 2215 1967 2248 ἕ

123 2275 263 2310 scilicet
286 2285 359 2310 non
383 2274 518 2319 activa,
555 2274 617 2310 sed
645 2274 842 2319 objectiva,
869 2274 904 2309 id
931 2280 1002 2318 est,
1038 2284 1130 2319 quae
1160 2284 1233 2308 non
1257 2274 1458 2318 materiam,
1493 2274 1557 2310 sed
1588 2273 1744 2310 animam
1764 2274 1919 2320 aliquam

123 2331 282 2372 moveat,
315 2332 356 2361 ut
381 2327 523 2370 objecta
548 2333 693 2363 movent
717 2336 855 2363 sensus.
906 2327 974 2361 Est
999 2326 1092 2361 cuim
1119 2325 1479 2370 subintelligendum,
1514 2326 1651 2362 animas
1675 2326 1774 2372 ipsas
1798 2327 1919 2376 potius
1950 2344 1966 2381 ὲ

120 2380 352 2425 perceptione
378 2379 504 2415 harum
529 2379 823 2425 proportionum,
849 2382 921 2414 tam
949 2378 1134 2422 vocalium,
1161 2389 1268 2423 quam
1295 2377 1512 2423 sideralium,
1538 2379 1635 2416 circa
1650 2380 1744 2416 hanc
1767 2381 1804 2417 in
1821 2385 1918 2417 utro-
1947 2380 1971 2414 ῗτέ

123 2443 195 2477 que
219 2442 351 2478 genere
375 2431 522 2477 duplam
547 2432 816 2478 proportionem
842 2431 1115 2477 operosissimas
1141 2442 1236 2476 esse,
1272 2432 1326 2465 vel
1352 2432 1414 2467 illa
1438 2432 1748 2473 vehementissime
1778 2429 1962 2486 incitari}

122 2484 169 2520 ad
194 2494 305 2529 opera
328 2494 404 2520 sua.
454 2486 534 2529 Qua
559 2485 603 2520 de
628 2496 665 2519 re
691 2484 783 2520 infra
805 2485 921 2530 plura.

239 2537 309 2573 Hic
334 2537 440 2573 etiam
467 2537 584 2574 obiter
606 2539 821 2582 notandum,
847 2538 1093 2573 Ptolemaeum
1114 2538 1189 2582 jam
1216 2549 1287 2573 non
1315 2537 1466 2573 obscure
1491 2549 1512 2573 a
1536 2538 1713 2584 numeris,
1737 2538 1774 2574 in
1799 2537 1916 2587 causis

122 2589 442 2626 consonantiarum
462 2590 743 2633 constituendis,
769 2589 814 2625 ad
838 2599 937 2625 meas
962 2590 1085 2625 circuli
1109 2589 1300 2626 divisiones
1325 2589 1529 2626 desciscere
1559 2595 1595 2625 et
1620 2600 1761 2626 mecum
1784 2589 1916 2630 sentire
1939 2618 1942 2619 γ

121 2643 296 2689 incipere,
328 2641 413 2678 dum
439 2653 483 2679 ex
508 2643 576 2679 hac
601 2642 743 2678 demum
767 2641 1010 2687 applicatione
1035 2641 1240 2687 systematis
1271 2640 1316 2677 ad
1340 2641 1527 2678 zodiacum
1559 2641 1755 2687 legitimam
1779 2637 1914 2683 invenit

122 2694 386 2740 probationem,
411 2706 476 2731 cur
499 2695 674 2741 diapason
699 2695 746 2731 sit
770 2695 1023 2740 operosissima
1049 2694 1382 2740 consonantiarum,
1415 2693 1554 2731 scilicet
1577 2698 1728 2740 propter
1749 2698 1918 2743 naturum
1941 2732 1947 2738 ,

122 2745 305 2785 divisionis
330 2746 455 2785 circuli
478 2758 545 2794 per
571 2748 792 2784 diametrum.
