1988 3276
115 126 173 165 32
613 121 803 169 Epistolae
825 122 975 170 Kepiesi
997 122 1222 171 alterumque
1245 126 1392 161 mutuae

116 243 259 283 Tendit
287 246 418 283 autem
449 242 633 282 circulum
663 242 823 283 durities
850 244 1056 294 materiae,
1096 249 1242 284 rectam
1277 255 1372 284 vero
1403 242 1604 295 chordam,
1646 244 1800 284 etiamsi
1829 254 1908 290 non

117 304 174 342 ita
204 301 301 341 dura
330 303 399 351 sit,
430 301 500 341 sed
527 301 707 342 flexibilis
738 314 1070 353 quaquaversum,
1110 304 1234 343 tendit
1264 305 1434 354 capitum
1466 302 1635 343 violenta
1666 303 1837 342 diductio
1867 304 1908 340 in

115 361 255 412 plagas
287 361 497 411 oppositas.
559 360 618 400 Sit
647 371 739 412 ergo
769 360 934 400 circulus
964 361 1108 412 aliquis
1135 362 1474 412 aequabilissimus
1503 373 1551 401 ex
1578 361 1706 402 solido
1735 360 1908 410 metallo,

116 421 301 468 tinniens,
343 420 408 469 qui
444 430 522 464 non
558 423 710 458 tantum
741 420 781 458 in
812 431 891 458 uno
920 421 1033 471 signo
1062 420 1235 459 firmatus
1265 422 1415 470 tinniat,
1446 419 1516 459 sed
1545 421 1662 460 etiam
1691 422 1725 460 si
1755 419 1909 459 derebus

116 481 238 529 signis
268 478 420 528 figatur,
452 477 603 516 divisus
633 479 673 515 in
701 479 901 528 portiones
932 478 1042 527 duas,
1073 480 1214 525 tinniat
1241 479 1378 530 pulsus
1407 478 1457 517 ab
1486 483 1650 529 utraque
1679 483 1802 530 parte.

260 559 535 599 Axiomata.
596 558 627 597 Ι.
672 559 769 599 Pars
810 559 940 600 circuli
977 560 1132 599 brevior
1169 560 1331 601 celerius
1369 565 1548 599 movetur
1585 572 1610 600 a
1637 560 1771 612 pulsa,
1816 559 1910 610 quia

119 619 244 659 tensio
275 619 462 669 majorem
494 617 615 656 habet
642 619 933 669 proportionem
963 618 1013 658 ad
1043 623 1193 669 partem
1218 620 1444 668 breviorem,
1477 630 1592 676 quam
1613 618 1663 658 ad
1683 619 1908 674 longiorem.

117 677 286 718 celerior
323 682 454 723 autem
490 682 617 716 motus
660 687 798 716 sonum
841 677 960 717 habet
999 678 1221 717 acutiorem.
1291 677 1429 719 Brevis
1459 678 1592 728 itaque
1620 689 1710 729 pars
1740 675 1909 727 acutum,

115 736 235 789 longa
263 747 423 789 gravem
454 734 522 774 dat
551 746 703 785 sonum,
735 741 774 774 et
803 741 931 792 partes
961 736 1145 787 aequales
1176 735 1379 787 aequalem
1410 734 1505 775 dant
1533 747 1682 776 sonum.

260 806 312 847 11.
343 806 440 849 Pars
471 805 603 845 circuli
633 805 820 862 aliquota,
853 817 953 859 quae
984 819 1008 846 a
1039 806 1130 846 dato
1162 806 1293 846 circuli
1321 811 1466 860 puncto
1497 807 1650 858 incepta
1678 805 1911 856 geometrice

117 867 294 915 inveniri,
338 865 592 912 demonstrari
632 869 670 904 et
711 865 895 912 constitui
932 870 1082 916 potest,
1114 870 1303 906 consonat
1332 877 1420 909 cum
1449 870 1546 907 toto.
1590 861 1657 914 *Et
1685 870 1816 924 partes
1847 863 1911 905 vel

118 924 304 973 chordae,
351 935 452 981 quae
482 929 571 962 sunt
603 922 651 967 ad
682 923 848 965 invicem
878 927 921 963 ut
949 929 1055 969 totus
1086 924 1249 965 circulus
1291 929 1330 964 et
1365 924 1449 976 ejus
1488 923 1663 974 aliquota
1700 935 1812 981 pars,
1854 923 1911 970 sic

118 984 351 1036 geometrice
384 981 706 1032 demonstrabilis,
737 982 913 1021 similiter
941 984 1041 1028 inter
1069 995 1111 1024 se
1143 987 1369 1026 consonant.
1712 980 1715 982 ’

261 1050 335 1094 ΙΙΙ.
368 1051 552 1091 Vicissim
574 1063 663 1102 pars
695 1051 825 1108 circuli
847 1051 1033 1104 aliquota,
1064 1065 1165 1104 quae
1186 1055 1236 1092 sit
1256 1050 1554 1106 ἀγεωμετρητος,
1585 1050 1912 1101 demonstratione

120 1123 254 1157 carens
298 1115 437 1162 suapte
480 1116 636 1159 natura,
681 1110 856 1155 dissonat
896 1123 920 1150 a
959 1116 1042 1158 toto
1086 1113 1242 1157 circulo.
1301 1112 1352 1158 Et
1392 1113 1451 1158 sic
1492 1112 1609 1158 etiam
1655 1121 1910 1162 quaeeunque

118 1169 380 1222 longitudines
410 1181 574 1214 sonorae
604 1171 644 1208 in
674 1169 744 1208 tali
772 1171 1020 1220 proportione
1051 1171 1102 1215 ad
1132 1183 1174 1216 se
1204 1175 1339 1217 mutuo
1370 1171 1617 1217 constitutae.

261 1239 372 1278 Haec
402 1238 480 1278 duo
511 1240 709 1278 axiomata
739 1240 936 1279 insinuant
965 1241 1078 1280 nobis
1118 1239 1384 1280 admirabilem
1414 1250 1572 1287 causam
1601 1238 1910 1287 harmoniarum:

119 1303 163 1338 ut
194 1297 379 1349 quicquid
410 1299 448 1336 in
478 1299 690 1348 geometria
721 1300 898 1348 congruit
926 1299 1146 1349 abstracte,
1191 1303 1377 1350 congruat
1412 1299 1530 1344 etiam
1566 1299 1607 1336 in
1637 1302 1836 1346 concreto,
1878 1298 1913 1335 si

120 1359 355 1396 materietur.
426 1356 488 1396 Ita
524 1356 608 1404 fiet,
649 1360 694 1395 ut
734 1357 947 1407 geometria
984 1359 1035 1397 sit
1072 1357 1306 1409 archetypus
1346 1356 1497 1406 mundi,
1541 1355 1647 1406 quod
1687 1357 1804 1396 etiam
1843 1366 1912 1406 pen

119 1416 263 1466 figuras
293 1414 451 1464 solidas,
483 1416 653 1465 quinque
684 1426 847 1466 corpora
877 1414 1012 1465 dictas,
1043 1417 1083 1454 in
1114 1416 1416 1456 conformatione
1435 1415 1695 1466 proportionis
1716 1414 1912 1454 coelorum

124 1474 427 1514 demonstratum
457 1479 516 1512 est
544 1486 570 1512 a
598 1485 659 1512 me
689 1474 731 1512 in
767 1485 853 1518 meo
884 1473 1099 1514 Prodromo
1140 1486 1212 1514 seu
1241 1474 1429 1526 Mysterio
1461 1473 1802 1524 cosmographico.
1862 1471 1913 1515 Et

123 1545 211 1573 cum
240 1533 476 1584 geometrica
504 1532 609 1571 entia
637 1533 677 1569 in
706 1537 835 1572 mente
864 1533 1089 1583 subsistant,
1119 1538 1210 1574 sunt
1239 1534 1356 1584 igitur
1387 1532 1462 1571 duo
1494 1538 1711 1580 coaeterna.
1762 1530 1911 1571 Archon

123 1596 239 1643 typus
269 1592 387 1641 igitur
416 1590 549 1629 mundi
579 1595 757 1630 aeternus
788 1595 828 1630 et
857 1602 958 1641 quae
988 1591 1068 1631 alia
1095 1592 1307 1639 mirabilia,
1337 1592 1477 1641 partim
1505 1595 1546 1630 et
1574 1590 1791 1641 paradoxa,
1821 1588 1912 1629 inde

125 1651 270 1689 exstrui
308 1654 483 1700 possunt.
544 1648 718 1699 Cumque
749 1649 921 1689 infinitae
961 1651 1038 1688 sint
1073 1655 1202 1700 partes
1243 1649 1374 1688 circuli
1413 1648 1751 1698 demonstrabiles,
1789 1648 1912 1688 tribus
1984 1661 1988 1681 ε

124 1708 321 1748 ordinibus
342 1712 564 1758 surgentes:
595 1708 821 1756 bisectione,
843 1709 1076 1757 trisectione,
1099 1709 1391 1758 quinisectione‚
1420 1707 1582 1758 singulis
1601 1719 1670 1759 per
1689 1707 1913 1747 continuam
1984 1728 1988 1753 ς

122 1768 377 1806 bisectionem
420 1767 460 1804 in
499 1765 689 1804 infinitum
729 1767 979 1816 abeuntibus,
1024 1766 1196 1807 infinitae
1236 1768 1353 1807 etiam
1390 1766 1484 1806 fient
1513 1765 1811 1807 concordantiae
1840 1776 1909 1816 per
1984 1788 1988 1794 ·

125 1830 284 1865 octavas
320 1836 390 1864 seu
429 1828 633 1864 διαπασων
668 1829 908 1875 propagatae
919 1830 931 1875 '3
975 1829 1018 1864 ut
1052 1826 1151 1865 ratio
1189 1825 1287 1865 haec
1326 1826 1378 1864 sit
1416 1825 1640 1867 certissima.
1697 1822 1788 1864 Una
1825 1822 1913 1864 sola
1985 1827 1988 1834 ’

122 1884 308 1922 instantia
347 1883 503 1922 affertur
542 1893 609 1932 per
651 1882 1003 1933 quindecangulum
1044 1896 1114 1924 seu
1151 1889 1303 1934 partem
1339 1883 1470 1923 circuli
1508 1882 1696 1924 decimam
1724 1881 1912 1933 quintam,

124 1953 225 1993 quae
268 1941 359 1980 licet
395 1942 628 1991 geometrice
671 1943 946 1990 constituatur,
991 1953 1069 1981 non
1113 1948 1301 1982 consonat
1338 1947 1465 1983 tamen
1505 1952 1592 1983 cum
1633 1941 1788 1981 circulo.
1848 1939 1913 1981 Ad
1985 1967 1988 1971 ι

123 1999 352 2039 solvendam
394 2000 511 2050 igitur
553 1998 654 2038 hanc
698 1999 956 2049 objectionem
999 1999 1261 2040 consideretur
1305 1999 1444 2039 modus
1489 1998 1828 2039 demonstrationis
1874 2003 1914 2039 et

124 2057 426 2109 quindecanguli
463 2061 502 2096 et
545 2062 758 2097 ceterorum
800 2059 982 2098 omnium.
1057 2059 1272 2108 Apparebit
1314 2059 1622 2108 quinisectionis,
1668 2059 1911 2106 trisectionis,
1985 2061 1988 2113 j

123 2118 349 2156 bisentionis
379 2115 484 2166 leges
517 2126 601 2154 esse
630 2117 826 2166 proprias,
869 2116 1078 2166 cujuslibet
1115 2118 1154 2157 in
1195 2128 1266 2156 suo
1298 2115 1432 2157 ordine
1461 2117 1502 2156 in
1531 2115 1743 2164 infinitum,
1784 2117 1840 2154 sic
1869 2119 1913 2154 ut
1983 2124 1988 2156 ἢ

123 2181 275 2226 praeter
312 2175 583 2223 bisectionem,
629 2175 806 2214 omnibus
845 2175 966 2218 tribus
1008 2174 1208 2216 ordinibus
1248 2186 1507 2223 communem,
1552 2174 1650 2215 nihil
1690 2178 1913 2217 exnaneum
1981 2184 1988 2221 ξ

124 2234 373 2285 ingrediatur.
431 2232 531 2271 Nam
573 2232 737 2273 circulus
775 2234 814 2270 in
855 2232 932 2273 duo
969 2238 1120 2274 secatur
1149 2233 1265 2274 ducta
1305 2232 1490 2274 diametro
1522 2232 1599 2275 ΑΗ
1628 2244 1698 2283 per
1727 2237 1912 2279 centrum.

401 2295 468 2329 Εἰς.
489 2293 515 2322 1.
818 2290 868 2330 Et
897 2290 1034 2333 exinde
1065 2294 1189 2333 omnis
1218 2302 1329 2332 arcus
1360 2292 1398 2333 in
1429 2291 1507 2333 duo,
1536 2296 1700 2340 secatur,
1731 2290 1848 2333 ducta
1865 2301 1914 2333 ex

239 2355 547 2471 KfA—
620 2452 626 2466 Α
721 2432 750 2464 0
814 2419 883 2448 sex
914 2420 1006 2451 vero
1037 2413 1187 2450 secatur
1209 2408 1373 2449 circulus
1398 2408 1594 2459 applicata
1627 2407 1912 2457 semidiametro

185 2400 603 2608 Dr}
814 2465 886 2506 AL
929 2466 980 2507 ad
1022 2467 1365 2509 circumferentiam
1405 2468 1443 2508 in
1474 2468 1511 2507 A
1549 2472 1588 2506 et
1615 2466 1662 2509 Β.
1731 2463 1843 2507 Unde
1874 2469 1915 2507 et

164 2531 194 2567 0

288 2793 290 2795 ’
367 2819 408 2851 11

813 2583 878 2623 Sic
898 2584 1060 2623 circulus
1080 2586 1119 2622 in
1144 2585 1194 2622 10
1216 2590 1367 2623 secatur
1385 2585 1463 2623 sic:
1494 2583 1703 2634 quadretur
1726 2581 1913 2625 semidia-

813 2647 935 2682 meter
975 2641 1061 2690 AL,
1111 2647 1155 2680 ut
1194 2642 1277 2692 ejus
1319 2642 1550 2693 quadratum
1594 2642 1645 2684 sit
1681 2639 1757 2689 AI,
1808 2638 1912 2691 quod

815 2704 966 2740 secetur
999 2699 1188 2750 parallela
1225 2699 1311 2743 MN
1349 2702 1424 2750 sic,
1465 2705 1509 2742 ut
1546 2699 1704 2751 planum
1735 2698 1808 2741 AN
1845 2697 1916 2741 fiat

183 2708 217 2743 1:

817 2815 922 2869 quod
951 2817 1002 2859 sit
1031 2814 1106 2860 10.
1165 2815 1211 2859 Id
1240 2822 1373 2857 autem
1401 2816 1632 2868 geometrice
1661 2814 1744 2856 fieri
1772 2818 1913 2865 potest.

130 2877 174 2912 ut
204 2874 362 2916 docetur
389 2875 488 2915 libro
519 2877 572 2917 Π.
603 2877 787 2918 Euclidis.
858 2874 969 2917 Tune
998 2878 1058 2917 eet
1089 2873 1158 2916 AL
1187 2879 1271 2918 tota
1300 2875 1350 2917 ad
1379 2875 1456 2919 ΒΜ
1495 2873 1620 2923 maius
1660 2878 1912 2924 segmentum,
1971 2872 1973 2874 ’

130 2937 174 2970 ut
204 2933 278 2972 LM
308 2935 359 2975 ad
388 2934 468 2975 MA
499 2936 706 2976 residuum.
776 2933 899 2985 Igitur
928 2931 1006 2972 LM
1036 2931 1232 2982 applicata
1271 2933 1321 2977 ad
1358 2932 1702 2977 circumferentiam
1731 2929 1915 2977 rescindit

130 2997 278 3043 partem
320 2995 508 3034 decimam
548 2995 636 3034 ΑΚ.
696 2994 745 3034 Et
783 2993 857 3033 hac
896 2990 1221 3034 demonstratione
1259 2993 1395 3042 quinta
1435 3002 1543 3041 pare,
1586 2994 1630 3029 ut
1659 2994 1698 3035 et,
1727 2989 1916 3034 vicesima

132 3055 171 3090 et
202 3056 349 3093 ceterae
379 3064 511 3095 omnes
543 3055 839 3094 communicant.
909 3049 1145 3100 Habentque
1174 3050 1265 3097 inde
1293 3050 1462 3102 partium
1489 3059 1562 3094 seu
1588 3059 1747 3093 arcuum
1775 3046 1914 3093 horum

130 3110 338 3156 subtensae
366 3123 457 3153 suas
487 3111 539 3152 ad
569 3111 796 3153 diametrum
824 3108 1086 3161 aequationes.

815 2354 944 2390 centro
989 2355 1094 2390 recta
1136 2351 1176 2391 in
1220 2350 1446 2391 subtensam
1489 2348 1807 2400 perpendiculari.
1866 2348 1914 2389 Iu
1979 2383 1985 2401 .;

813 2537 903 2576 pars
933 2526 1047 2566 tertia
1073 2531 1112 2564 et
1131 2525 1361 2567 duodecima
1386 2529 1425 2565 et
1445 2526 1535 2569 2442
1562 2530 1634 2568 etc.
1663 2527 1912 2574 propagatur.
1980 2519 1981 2522 ’

816 2757 979 2809 aequale
1020 2757 1209 2809 quadrato
1249 2758 1405 2808 majoris
1447 2759 1567 2810 partis
1606 2756 1696 2799 ML
1734 2755 1799 2799 vel
1836 2755 1913 2805 NI,
