1994 3276
180 134 259 172 190
834 157 836 161 .
883 130 938 166 De
961 129 1258 176 Proportionibus

173 250 361 299 superius,
396 248 586 288 excitatur
613 249 733 287 etiam
762 254 802 288 et
830 250 1006 289 elevatur
1037 256 1189 299 cantus,
1216 252 1443 301 praesertim
1471 252 1507 289 si
1534 251 1588 291 ad
1617 257 1799 292 octavam
1827 265 1964 293 excur-

172 314 253 355 rat,
295 307 422 357 qualis
453 307 572 345 fuisse
602 306 752 346 videtur
793 323 906 356 ἰνομος
935 307 1071 359 ὀρθιος
1091 314 1296 358 ·veterum;
1335 311 1369 348 si
1401 308 1568 360 denique
1609 312 1710 351 circa
1740 312 1895 351 tertiam
1924 317 1963 351 et

171 373 340 413 sextam,
385 371 426 404 ut
457 365 697 404 diatessaron
732 365 931 406 redactum
971 369 1021 406 sit
1050 369 1089 405 in
1118 368 1308 415 medium,
1347 367 1454 417 quod
1491 370 1532 406 in
1563 371 1686 419 primo
1723 375 1763 408 et
1792 370 1963 409 secundo

171 424 406 473 frequentius
436 423 480 462 fit
509 435 626 473 quam
656 425 696 461 in
715 426 880 475 septimo
903 432 942 464 et
962 431 1125 474 octavo,
1158 426 1308 464 medius
1329 427 1448 464 etiam
1471 428 1763 477 promovebitur
1787 428 1961 469 affectus.

173 482 315 520 Crebro
345 488 477 521 autem
507 484 604 520 inter
632 494 674 521 se
706 485 983 533 permiscentur
1011 484 1086 523 hae
1116 485 1289 523 sceleton
1320 485 1624 534 articulationes,
1657 492 1700 524 ut
1730 488 1771 525 in
1801 486 1966 525 diversis

172 542 345 591 partibus
377 546 513 580 cantus
541 543 620 579 siut
649 541 825 581 diversae
857 554 923 593 pro
958 545 1145 582 varietate
1176 549 1304 582 textus
1335 548 1374 583 et
1403 544 1559 594 ingenio
1588 544 1772 593 artificis,
1817 550 1965 584 textum

173 605 288 638 cantu
320 601 526 650 pingentis.
1508 629 1515 637 ,

284 657 340 696 Χ.
373 657 524 707 Quodsi
554 668 687 695 verum
717 662 787 704 est,
819 658 925 707 quod
955 658 1116 708 quidam
1146 660 1302 710 imparis
1323 661 1472 698 numeri
1502 665 1619 698 tonos
1637 660 1671 709 Ι,
1700 660 1773 709 ΙΙΙ,
1807 660 1854 708 V,
1888 660 1965 698 VII

170 716 316 755 faciunt
345 716 514 763 altiores,
547 717 651 766 paris
679 715 731 763 11,
762 715 834 764 IV,
866 717 934 762 VI,
967 716 1068 755 VIII
1099 717 1334 766 humiliores,
1367 719 1485 757 etiam
1513 725 1693 769 respectu
1722 719 1864 758 radicis
1894 729 1962 758 oc-

173 780 310 820 tavae,
342 781 444 814 certe
474 774 640 813 altitudo
670 774 880 825 respondet
909 777 1134 814 excitationi
1164 778 1294 823 animi,
1328 776 1570 827 profunditas
1599 776 1842 816 demissioni:
1876 783 1965 816 tunc

171 845 264 871 sane
297 833 520 872 distribuere
550 834 762 883 poterimus
794 839 961 883 quatuor
992 834 1175 872 classium
1203 835 1366 874 affectus
1397 837 1437 872 in
1468 834 1612 874 classes
1636 840 1725 874 octo
1756 835 1966 875 secundum

174 898 287 930 tonos
319 891 503 941 totidem,
544 897 588 929 ut
626 890 770 930 habeat
799 894 988 942 septimus
1029 893 1145 940 iram,
1189 893 1438 942 violentiam,
1474 893 1762 942 fortitudinem,
1805 899 1966 933 octavus

173 949 429 998 hilaritatem,
460 950 715 998 alacritatem,
748 949 988 1001 voluptatem
1018 960 1193 998 acutam,
1225 954 1360 990 tertius
1393 951 1567 991 dolorem
1595 957 1781 999 acutum,
1809 951 1964 992 deside-

168 1010 285 1056 rium,
327 1015 488 1058 quartus
518 1009 668 1055 fletum,
708 1020 899 1057 amorem,
932 1011 1079 1059 primus
1106 1010 1382 1059 festivitatem,
1423 1012 1603 1061 nuptias,
1644 1012 1959 1059 comessationes,

170 1067 363 1106 secundus
393 1067 609 1106 modestam
638 1066 887 1115 hilaritatem,
918 1067 1126 1117 colloquia,
1159 1069 1426 1120 narrationes,
1454 1070 1613 1118 quintus
1635 1080 1862 1119 panegyres,
1894 1081 1970 1108 ex-·

171 1125 442 1173 clamationes,
475 1125 679 1173 fiduciam,
710 1137 836 1175 spem,
869 1132 1001 1164 sextus
1032 1125 1304 1175 devotionem,
1339 1127 1512 1166 dolorem
1541 1132 1829 1178 magnum-etc.

285 1184 333 1222 Et
358 1185 441 1234 jam
472 1189 624 1234 tempus
655 1188 731 1232 est,
774 1189 816 1222 ut
846 1183 896 1222 ad
926 1186 1156 1235 principium
1186 1191 1402 1224 revertatur
1433 1187 1574 1224 oratio.
1630 1186 1733 1225 Nam
1763 1185 1859 1224 illud
1881 1185 1962 1225 'ad-

170 1242 384 1281 monendus
415 1248 474 1282 est
502 1243 624 1282 lector
653 1242 923 1292 philosophus,
956 1243 1062 1292 quod
1082 1245 1219 1282 musici
1238 1245 1371 1290 nostrix
1396 1256 1530 1284 omnes
1558 1246 1778 1294 promiscue
1799 1244 1961 1283 affectus

171 1301 210 1338 in
248 1302 426 1340 omnibus
464 1302 566 1340 tonis
603 1302 839 1350 exprimunt,
878 1301 917 1338 id
944 1303 1062 1351 -ipsos
1101 1303 1157 1340 ita
1194 1307 1232 1341 et
1260 1302 1406 1350 facere,
1452 1304 1544 1352 quia
1586 1305 1710 1341 omnis
1741 1304 1961 1353 promiscue

170 1364 306 1398 cantus
342 1360 584 1410 voluptatem
620 1361 722 1409 parit
759 1359 946 1408 auditori,
990 1360 1230 1399 alacritatem
1270 1362 1430 1410 requirit
1471 1363 1510 1399 in
1546 1366 1727 1409 auctore,
1772 1366 1813 1400 et
1848 1373 1961 1411 posse

166 1417 314 1466 facere,
346 1420 447 1467 quia·
468 1420 724 1456 instrumenta
754 1417 900 1457 ciendis
931 1418 1132 1457 affectibus
1163 1419 1275 1468 plura
1303 1426 1413 1467 sunt,
1445 1421 1586 1469 partim
1618 1421 1728 1458 initio
1757 1421 1960 1467 recensita,

169 1487 269 1525 quae
299 1479 444 1526 passim
475 1488 542 1526 per
573 1488 706 1515 omnes
736 1478 953 1526 promiscue
993 1482 1106 1516 tonos
1136 1477 1311 1523 adhiberi
1348 1485 1524 1527 possunt.
1585 1477 1628 1516 Si
1659 1484 1788 1517 tamen
1829 1480 1959 1517 omnia

167 1535 362 1584 praesidia
391 1535 608 1573 studuerint
638 1534 834 1583 adhibere,
867 1534 918 1573 ad
947 1534 1049 1574 idem
1079 1538 1269 1574 intentum
1297 1535 1494 1588 facientia,
1525 1547 1601 1575 non
1630 1536 1743 1575 facile
1764 1536 1960 1587 negligent

167 1599 343 1631 tonorum
374 1593 546 1632 delectus
576 1593 626 1632 ad
657 1593 866 1632 affectuum
896 1593 1130 1644 hypothesin
1167 1588 1340 1633 idoneos.
1401 1594 1550 1633 Verum
1578 1596 1607 1632 ii
1631 1594 1797 1635 viderint
1826 1594 1876 1634 de
1897 1606 1957 1642 eo,

167 1651 271 1701 quod
294 1657 352 1692 est
371 1652 526 1691 illorum
547 1653 657 1702 praxi
676 1654 928 1702 permissum3
958 1652 1054 1690 mihi
1074 1652 1261 1692 hacteuus
1282 1653 1493 1692 theoretice
1522 1655 1759 1712 processisse
1780 1652 1958 1693 sufficiat.

899 1807 1086 1855 CAPUT
1124 1807 1232 1855 XVI.

451 1905 568 1951 Quid
594 1906 656 1942 sit
681 1910 844 1942 cantus
870 1916 948 1951 per
971 1905 1268 1948 harmoniam,
1305 1914 1383 1941 seu
1405 1905 1661 1950 figuratus.

280 2003 363 2041 Etsi
394 2015 472 2041 vox
502 2003 706 2041 harmonia
738 2003 935 2042 veteribus
966 2007 1174 2052 usurpatur
1204 2014 1273 2052 pro
1305 2007 1444 2049 cantu,
1487 2014 1564 2041 non
1595 2007 1654 2041 est
1685 2007 1814 2042 tamen
1843 2003 1959 2041 intel-

164 2061 322 2111 ligenda
351 2062 424 2100 sub
453 2061 528 2099 hoc
558 2063 714 2100 nomine
746 2061 960 2100 modulatio
990 2073 1059 2111 per
1088 2061 1218 2110 plures
1251 2072 1385 2108 voces,
1430 2060 1654 2099 harmonice
1685 2068 1954 2100 consonantes.

164 2119 367 2159 Novitium
397 2121 499 2159 enim
530 2122 729 2158 inventum
761 2131 846 2158 esse
880 2120 1152 2168 veteribusque
1197 2118 1311 2168 plane
1349 2120 1588 2168 incognitum
1627 2124 1836 2159 concentus
1865 2120 1955 2170 plu-

164 2179 264 2216 rium
295 2190 435 2216 vocum
466 2180 505 2215 in
535 2184 723 2229 perpetua
752 2177 1039 2216 harmoniarum
1070 2177 1354 2222 vicissitudine,
1395 2176 1433 2214 id
1465 2178 1694 2227 probatione
1724 2178 1848 2216 multa
1877 2189 1953 2216 non

167 2236 324 2287 indiget.
386 2236 575 2275 Videatur
616 2236 690 2274 hac
728 2235 776 2274 de
806 2247 846 2274 re
877 2235 1106 2274 Vincentius
1138 2234 1338 2274 Galilaeus
1380 2236 1418 2272 in
1451 2246 1566 2285 opere
1597 2235 1774 2274 Musices
1801 2235 1951 2275 Italico.

163 2294 273 2333 Solet
310 2295 469 2345 quidem
507 2295 624 2344 objici
664 2294 851 2344 relegatio
895 2301 1031 2332 cantus
1071 2305 1138 2342 per
1179 2293 1419 2331 harmoniam
1449 2307 1473 2332 a
1502 2293 1704 2344 republica
1732 2293 1951 2343 Platonica,

164 2355 276 2402 quasi
301 2354 384 2403 jam
413 2358 506 2392 tunc
535 2353 601 2392 ille
632 2353 768 2391 suisset
797 2353 836 2390 in
868 2364 959 2401 usu3
991 2357 1032 2390 at
1062 2351 1287 2401 intelligitur
1309 2351 1418 2390 locus
1440 2351 1487 2390 de
1516 2353 1682 2402 organis,
1712 2351 1764 2390 de
1781 2354 1950 2403 syringe,

163 2411 341 2461 utriculo,
373 2406 589 2459 testudine,
622 2422 709 2450 cum
739 2422 818 2449 una
848 2421 925 2448 vox
956 2417 1024 2448 aut
1052 2415 1240 2459 perpetuo
1270 2410 1421 2449 intonat
1451 2417 1519 2448 aut
1548 2411 1786 2459 intermittit,
1822 2410 1951 2449 locum

162 2470 300 2508 cedens
330 2471 657 2520 appropinquanti
689 2469 881 2507 dissonae.
943 2469 987 2506 In
1019 2468 1087 2506 illo
1118 2479 1223 2506 more
1254 2468 1403 2506 nullum
1435 2474 1517 2506 erat
1548 2468 1652 2519 apud
1683 2474 1834 2507 veteres
1864 2481 1951 2507 ma-

157 2528 223 2576 jus
253 2528 468 2576 artificium,
501 2540 617 2577 quam
647 2527 750 2578 apud
783 2533 935 2565 nostros
967 2525 1220 2565 utricularios.
1280 2526 1354 2564 His
1384 2525 1527 2565 ultimis
1548 2527 1689 2566 seculis
1720 2527 1818 2566 haec
1848 2529 1946 2565 ratio

164 2586 327 2625 canendi
356 2586 523 2635 figurata
558 2585 646 2624 ideo
685 2585 760 2623 dici
791 2585 939 2636 coepit,
980 2586 1073 2634 quia
1114 2586 1227 2633 primi
1257 2591 1434 2623 auctores
1474 2585 1754 2634 diagrammata
1784 2587 1949 2623 nonita

160 2645 352 2694 simplicia
389 2645 578 2690 fecerunt,
620 2648 663 2681 ut
703 2648 792 2681 sunt
832 2644 870 2680 in
909 2642 1055 2681 chorali
1097 2647 1232 2690 cantu,
1274 2642 1342 2681 sed
1374 2645 1493 2681 variis
1533 2644 1592 2681 usi
1624 2648 1714 2681 sunt
1743 2642 1877 2692 figuris
1907 2649 1947 2682 et

163 2703 357 2741 coloribus
388 2708 426 2741 et
455 2703 628 2753 punctis,
662 2712 825 2751 quorum
853 2702 1049 2750 signorum
1079 2699 1212 2749 aliqua
1241 2700 1456 2745 silentium,
1491 2701 1624 2751 aliqua
1652 2712 1791 2739 sonum
1821 2702 1945 2752 impe-

161 2767 259 2813 rant,
290 2761 483 2811 quaedam
511 2760 683 2810 longum,
713 2759 791 2797 alia
821 2759 996 2807 brevem3
1028 2757 1161 2807 aliqua
1191 2758 1240 2796 ad
1272 2764 1397 2807 tonos,
1429 2759 1562 2809 aliqua
1592 2758 1642 2796 ad
1670 2758 1806 2798 modos
1835 2771 1946 2798 men-

160 2820 311 2858 surales
341 2818 684 2866 discriminandos,
715 2817 766 2856 ad
795 2817 930 2866 fugas,
962 2816 1012 2854 ad
1042 2818 1290 2865 repetitiones
1321 2823 1360 2856 et
1389 2817 1531 2855 similia
1563 2816 1750 2856 adhibita.

274 2878 399 2916 Nobis
431 2879 547 2926 igitur
577 2876 785 2915 concentus
816 2875 1060 2913 harmonicus
1091 2876 1147 2912 sic
1179 2874 1406 2926 definiatur,
1447 2874 1553 2924 quod
1584 2876 1661 2913 sint
1692 2875 1815 2920 duae,
1854 2880 1942 2922 tres,

161 2940 327 2983 quatuor
357 2935 418 2974 vel
450 2935 580 2985 plures
610 2946 726 2974 voces
756 2944 824 2972 seu
855 2933 1046 2971 melodiae
1078 2935 1289 2972 concinnae
1321 2939 1359 2972 et
1389 2939 1516 2983 aptae,
1551 2933 1687 2982 quales
1717 2935 1842 2983 capite
1879 2935 1941 2971 13.
1991 2935 1994 2939 '

161 2992 449 3042 descripsimus,
490 3005 622 3032 omnes
660 2992 832 3042 ejusdem
862 2992 1011 3041 generis
1054 2991 1305 3041 ejusdemque
1345 2996 1414 3029 aut
1443 2997 1696 3040 cognatorum
1724 2991 1941 3042 modorum,

160 3051 216 3088 sic
246 3052 359 3089 simul
390 3051 625 3099 incedentes,
656 3056 699 3089 ut
729 3048 1020 3089 concordantias
1051 3054 1118 3087 ant
1148 3061 1271 3088 meras
1302 3054 1370 3087 aut
1401 3049 1629 3087 brevissimo
1669 3052 1941 3087 concinnatum

161 3106 487 3148 dissonantiamm
516 3111 761 3159 interpunctu
789 3109 1035 3147 fermentatas
1064 3107 1219 3156 faciant,
1250 3118 1327 3145 non
1359 3118 1425 3146 eas
1445 3111 1573 3146 tamen
1595 3112 1781 3157 perpetuo
1809 3113 1940 3146 tenore
