1994 3276
348 116 421 163 ,ne
443 115 604 154 mouens
626 112 858 160 runem
881 114 1120 153 amonius.
1168 110 1280 153 Liber
1301 115 1345 153 v.
1366 115 1604 152 Prooanim
1790 116 1874 157 2⁶9

91 238 268 285 conveni,
298 235 467 287 Pragam
497 235 631 275 sedem
660 234 780 286 elegi,
810 234 851 272 id
880 233 1049 283 tandem,
1082 234 1168 275 Deo
1189 233 1281 286 Opt.
1300 235 1488 283 Maximo,
1519 236 1587 285 qni
1614 231 1783 272 mentem
1812 235 1876 271 in-

90 296 328 346 spiraverat,
373 294 605 333 desiderium
641 293 779 343 ingens
809 294 1060 340 excitaverat,
1092 295 1213 332 vitam
1243 295 1359 333 etiam
1397 298 1437 332 et
1467 293 1568 331 vires
1606 292 1751 342 ingenii
1780 302 1874 342 pro-

89 358 251 404 rogante
279 352 485 403 mediaque
503 360 631 391 cetera
659 363 728 404 per
747 351 910 390 duorum
928 350 1211 401 Imperatorum
1234 352 1428 402 hujusque
1447 351 1672 403 provinciae
1691 349 1875 389 Austriae

89 410 411 462 Supr-Anisanae
449 410 658 455 Procerum
698 403 972 448 liberalitatem
1010 409 1304 461 suppeditante,
1349 409 1552 448 defunctus
1595 408 1702 459 prius
1741 413 1869 447 astro-

88 470 241 509 nomica
269 469 471 520 provincia
500 473 686 518 quantum
706 466 936 516 sufficiebat,
967 467 1134 516 tandem,
1165 468 1336 517 inquam,
1366 469 1405 505 in
1426 466 1554 506 lucem
1571 465 1715 519 protuli
1736 477 1875 518 supra-

90 528 167 578 que
196 539 313 578 quam
351 537 507 579 sperare
543 537 715 576 unquam
744 527 852 578 potui
896 527 1136 565 verissimum
1173 525 1430 576 deprehendi,
1467 531 1591 564 totam
1632 524 1875 564 harmonicen

88 591 285 633 naturam,
326 590 621 636 quantaquanta
649 590 729 632 est,
771 595 858 623 cum
889 584 1070 628 omnibus
1098 585 1179 623 suis
1208 585 1385 635 partibus
1421 584 1521 623 libro
1551 582 1626 622 ΠΙ.
1658 582 1873 633 explicatis,

89 645 188 682 inter
215 649 345 682 motus
375 643 564 682 coelestes
593 642 769 693 reperiri;
807 653 884 679 non
915 652 963 680 eo
1003 641 1158 692 quidem
1187 641 1328 694 modo,
1370 654 1487 693 quem
1516 653 1589 692 ego
1625 652 1875 692 conceperam

88 704 218 740 animo
248 699 360 756 (pars
387 702 485 740 haec
515 707 574 739 est
599 703 680 738 'non
708 705 907 750 postrema
934 702 1011 738 mei
1041 697 1220 753 gaudii),
1251 701 1321 740 sed
1341 700 1604 740 diversissimo
1625 699 1704 738 alio
1735 699 1874 739 simul-

88 771 165 811 que
194 756 234 799 et
261 760 592 811 praestantissimo
622 763 662 796 et
690 757 979 808 perfectissimo.
1040 758 1218 798 Accessit
1239 758 1313 798 boc
1333 757 1559 798 intermedio
1579 763 1765 809 tempore,
1796 768 1874 807 quo

89 829 151 857 me
180 829 410 870 suspensum
439 818 564 856 tenuit
582 817 767 855 'motuum
795 817 988 854 restitutio
1018 815 1337 866 laboriosissima,
1369 818 1620 869 praecipuum
1651 815 1690 855 et
1720 815 1898 867 cupidi-.

88 877 181 915 tatis
210 887 319 916 meac
348 877 625 914 incrementum
655 879 694 913 et
722 875 911 923 propositi
940 875 1244 923 incitamentum,
1277 875 1393 914 lectio
1422 874 1747 923 Harmonicorum
1777 873 1874 912 Pto-

0 970 16 983 „
88 933 246 983 lemaei,
291 945 394 987 quae
433 933 695 983 manuscripta
731 931 825 970 mihi
862 934 1072 971 transmisit
1110 935 1171 971 vir
1210 935 1372 972 eximius
1416 933 1546 984 adque
1584 931 1873 983 philosophiam

16 1040 18 1042 Ξ
89 1003 280 1043 omneque
310 991 413 1043 adeo,
439 1002 562 1041 genus
592 990 816 1029 eruditionis
847 991 1154 1040 promovendum
1178 999 1304 1039 natus,
1334 991 1539 1030 Jobannes
1560 989 1754 1041 Georgius
1770 989 1874 1028 Her·
1897 992 1902 998 '

87 1050 255 1100 wardus,
286 1050 480 1090 Bavariae
511 1048 788 1095 Cancellarius‚
818 1049 887 1086 ubi
916 1055 1067 1099 praeter
1087 1050 1417 1100 exspectationem
1446 1055 1485 1089 et
1504 1060 1655 1088 summa
1684 1060 1771 1087 cnm
1800 1048 1874 1086 ad-

88 1104 291 1148 miratione
319 1109 452 1146 inveni
481 1112 605 1145 totum
635 1109 712 1145 sere
740 1105 882 1144 librum
904 1107 988 1156 ejus
1021 1109 1174 1146 tertium
1205 1108 1242 1144 in
1264 1107 1400 1147 eadem
1420 1107 1747 1158 contemplatione
1780 1106 1873 1144 har-

11 1187 14 1194 *
84 1164 238 1205 moniae
267 1165 451 1205 eoelestis
483 1166 691 1203 insumtum
721 1171 810 1202 ante
830 1164 935 1203 mille
966 1170 1006 1204 et
1036 1167 1269 1215 quingentos
1290 1177 1425 1220 annos.
1488 1165 1631 1204 Verum
1661 1165 1703 1203 id
1732 1166 1871 1204 aetatis

14 1256 17 1258 .
84 1222 249 1264 multum
279 1223 407 1263 adhuc
439 1222 571 1261 deerat
599 1223 857 1261 astronomiae
888 1225 1091 1273 potuitque
1123 1223 1384 1272 Ptolemaeus,
1416 1235 1455 1262 re
1478 1223 1679 1263 infeliciter
1708 1227 1872 1271 tentata,

0 1287 22 1301 ’·
85 1281 402 1333 desperationem,
428 1281 515 1320 aliis
556 1280 746 1330 objicere,
785 1286 829 1318 ut
865 1282 931 1330 qui
970 1292 1056 1319 cum
1085 1281 1267 1332 Scipione
1299 1281 1553 1322 Ciceroniano
1591 1283 1720 1333 potius
1750 1290 1871 1320 suave

16 1383 19 1387 ,
86 1339 282 1391 quoddam
298 1335 503 1378 'somnium
531 1337 835 1388 Pythagoricum
865 1340 1068 1386 recitasse,
1110 1351 1226 1390 quam
1258 1339 1544 1392 philosophiam
1571 1340 1778 1390 ‚adjuvisse
1810 1340 1872 1376 vi-

86 1397 259 1447 deretur;
289 1403 331 1436 at
360 1410 422 1436 me
451 1408 540 1435 cum
570 1395 638 1435 illa
667 1398 809 1435 veteris
839 1399 1099 1435 astronomiae
1131 1397 1298 1446 ruditas,
1331 1404 1412 1437 tum
1442 1398 1506 1436 hic
1534 1399 1618 1448 ipse
1647 1397 1872 1436 meditatio·

85 1466 179 1494 num
208 1457 408 1505 utriusque
441 1467 488 1493 ex
519 1454 738 1504 quindecim
767 1455 985 1493 seculorum
1016 1456 1223 1494 intervallo
1254 1467 1463 1495 consensus
1502 1456 1554 1494 ad
1585 1458 1770 1498 amussim
1801 1467 1871 1494 ex-

86 1520 207 1561 actus,
241 1514 487 1553 vehementer
517 1512 758 1551 confirmavit
788 1515 826 1549 in
858 1513 1277 1565 urgendo-proposito.
1337 1515 1438 1553 Nam
1468 1514 1561 1564 quid
1590 1514 1721 1552 multis
1743 1513 1871 1564 opus?

85 1570 178 1623 Ipsa
206 1583 333 1610 rerum
361 1576 499 1609 natura
527 1582 613 1609 sese
643 1570 837 1619 proditum
868 1572 950 1609 ibat
981 1571 1202 1610 hominibus
1240 1585 1307 1623 per
1338 1573 1512 1612 diversos
1551 1572 1775 1611 distantium
1805 1583 1871 1610 se-

21 1673 24 1675 ,
79 1629 259 1683 ‚culorum
290 1631 530 1680 interpretes,
560 1627 703 1677 digitus
734 1628 809 1666 Dei
840 1635 947 1676 erat,
978 1635 1021 1667 ut
1050 1641 1137 1668 cum
1165 1629 1355 1669 Hebraeis
1387 1632 1536 1680 loquar,
1570 1631 1632 1669 hic
1663 1632 1701 1667 in
1732 1631 1871 1668 animis

18 1685 33 1723 '.
88 1686 272 1735 duorum,
311 1688 378 1736 qui
418 1698 460 1725 se
496 1692 598 1724 totos
639 1686 956 1736 contemplationi
985 1694 1146 1726 naturae
1178 1688 1436 1735 dedidissent,
1480 1689 1527 1726 de
1568 1689 1871 1726 conformatione

87 1745 220 1783 mundi
249 1750 459 1794 conceptus
489 1744 612 1791 idem,
652 1755 738 1781 cum
768 1749 903 1782 neuter
931 1743 1040 1783 alteri
1072 1745 1150 1783 dux
1181 1746 1316 1784 suisset
1356 1747 1406 1784 ad
1438 1746 1511 1784 hoc
1541 1748 1612 1784 iter
1650 1745 1871 1795 ingredien—

88 1801 191 1841 dum.
248 1801 340 1841 Jam
370 1808 575 1854 postquam
611 1814 636 1838 a
664 1803 861 1839 mensibus
892 1802 1104 1840 octodecim
1144 1805 1266 1853 prima
1295 1804 1380 1851 lux,
1423 1817 1446 1842 a
1476 1805 1598 1842 tribus
1641 1803 1723 1842 dies
1748 1804 1869 1853 justa,

1 1863 30 1889 '2
87 1872 113 1898 a
140 1862 385 1910 paucissimis
418 1871 509 1898 vero
541 1855 677 1897 diebus
707 1858 773 1897 Sol
807 1861 888 1910 ipse
920 1872 1047 1898 merus
1079 1861 1206 1899 illuxit
1237 1862 1571 1913 contemplationis
1612 1861 1872 1900 admirabilis-

22 1941 33 1966 ,
88 1918 219 1974 simae,
250 1918 344 1956 nihil
373 1930 435 1956 me
465 1919 616 1965 retinet,
646 1917 754 1955 lubet
783 1918 982 1967 indulgere
1013 1930 1123 1957 sacro
1143 1920 1273 1967 furori,
1304 1920 1412 1958 lubet
1438 1920 1621 1959 insultare
1642 1920 1870 1958 mortalibus

6 1974 32 2016 3
90 1976 328 2015 consessione
359 1978 544 2025 ingenua,
585 1987 647 2013 me
677 1986 773 2013 vasa
803 1987 921 2014 aurea
952 1978 1233 2027 Aegyptiorum
1263 1979 1401 2026 furari,
1433 1985 1477 2017 ut
1506 1979 1592 2018 Deo
1622 1989 1709 2016 meo
1739 1978 1870 2016 taber-

0 2035 48 2088 3
89 2031 270 2074 naculum
311 2046 359 2074 ex
402 2035 450 2072 iis
494 2039 735 2077 construam,
778 2032 1002 2083 longissime
1046 2036 1096 2073 ab
1140 2036 1308 2085 Aegypti
1353 2036 1507 2075 finibus.
1567 2036 1609 2075 Si
1654 2037 1868 2086 ignoscitis,

89 2092 285 2143 gaudebo,
313 2093 347 2130 si
375 2092 621 2139 succensetis,
652 2091 790 2140 seram3
817 2092 923 2141 jacio
954 2104 1000 2130 en
1032 2093 1157 2132 aleam
1189 2095 1404 2144 librumque
1429 2095 1556 2133 scribo
1587 2105 1654 2132 seu
1685 2106 1870 2144 praesen-

7 2149 41 2205 ’Ξ
90 2149 194 2188 tibus
223 2161 292 2188 seu
321 2152 485 2199 posteris
515 2149 744 2199 legendum,
783 2150 875 2187 nihil
908 2152 1083 2199 interest;
1122 2158 1318 2203 exspectet
1348 2153 1415 2191 ille
1445 2164 1558 2191 suum
1589 2152 1772 2190 lectorem
1803 2163 1871 2201 per

17 2217 51 2247 ⁴3
90 2213 212 2303 ωιίοε
241 2212 419 2258 centum,
459 2209 492 2246 si
522 2207 629 2246 Deus
658 2209 740 2257 ipse
781 2220 848 2258 per
878 2220 1065 2248 annorum
1096 2222 1190 2248 sena
1219 2210 1342 2249 millia
1382 2210 1724 2260 contemplatorem
1753 2221 1869 2260 prae-

8 2273 12 2298 ?
89 2270 150 2304 sto
166 2270 255 2304 atus
274 2269 352 2304 est.

558 2399 740 2448 Capita
777 2399 926 2449 huJus
962 2399 1087 2438 libri
1122 2404 1242 2439 sunt
1275 2403 1399 2440 ista:

237 2500 265 2536 I.
291 2499 346 2534 De
372 2499 526 2546 quinque
549 2500 672 2535 solidis
695 2499 819 2543 figuris
844 2500 1081 2543 regularibus.

217 2552 264 2587 Π.
288 2552 344 2586 De
368 2552 580 2595 cognatione
603 2563 685 2587 cum
708 2552 751 2587 iis
775 2552 1048 2596 proportionum
1071 2553 1369 2589 harmonicarum.

61 2627 63 2629 »
202 2604 267 2639 ΙΠ.
292 2604 438 2638 Summa
459 2602 643 2639 doctrinae
659 2604 930 2648 astronomicae,
956 2605 1158 2640 necessaria
1181 2605 1228 2640 ad
1248 2605 1583 2651 contemplationem
1601 2606 1867 2644 harmoniarum

91 2655 309 2696 coelestium.

21 2742 31 2754 „
63 2733 65 2735 ·
199 2707 263 2742 lv.
289 2707 427 2751 Quibus
456 2706 494 2741 in
517 2706 623 2742 rebus
655 2708 702 2743 ad
724 2707 947 2752 planetarum
971 2712 1090 2744 motus
1121 2710 1384 2754 pertinentibus
1418 2720 1610 2754 expressae
1635 2710 1706 2745 sint
1728 2711 1868 2747 harmo-

18 2755 60 2798 ῗῖ*
90 2757 172 2794 niae
195 2758 375 2804 simplices
400 2763 436 2794 et
460 2758 556 2803 quod
580 2769 703 2795 omnes
726 2760 809 2795 illae
832 2761 869 2795 in
894 2761 994 2795 coelo
1019 2763 1261 2806 reperiantur,
1287 2772 1379 2805 quae
1408 2762 1443 2796 in
1468 2767 1577 2796 cantu
1601 2762 1736 2799 insunt.

43 2846 66 2856 „
203 2812 245 2846 V.
272 2811 398 2846 claves
422 2810 540 2846 scalae
563 2811 737 2853 musicae,
769 2823 834 2847 seu
856 2813 936 2848 loca
962 2814 1183 2860 systematis,
1216 2818 1251 2848 et
1275 2823 1408 2858 genera
1433 2812 1715 2859 harmoniarum,
1740 2814 1867 2851 durum

92 2866 130 2898 et
149 2863 277 2909 molle,
302 2874 324 2898 a
346 2864 452 2898 certis
476 2864 632 2898 motibus
654 2873 826 2907 expressa
848 2875 942 2903 esse.
1163 2886 1174 2889 >

31 2910 55 2914 Ἀ
171 2951 174 2953 ,
204 2914 266 2949 VI.
291 2914 413 2950 Tonos
437 2926 502 2950 seu
525 2915 650 2949 modos
673 2915 829 2952 musicos
855 2917 1016 2963 singulos
1042 2918 1304 2962 quodammodo
1331 2927 1352 2951 a
1372 2917 1520 2961 singulis
1533 2918 1688 2962 planetis
1705 2919 1866 2964 exprimi.

25 2989 39 3013 ⁴.
203 2966 282 3002 VII.
312 2967 575 3012 Contrapuncta
598 2977 663 3001 seu
685 2966 889 3004 harmonias
913 2969 1133 3005 universales
1158 2970 1314 3005 omnium
1341 2969 1565 3013 planetarum
1596 2980 1731 3015 easque
1751 2971 1865 3009 diver-

19 3025 169 3077 Ξίιι,
191 3019 298 3054 aliam
322 3019 459 3054 scilicet
482 3029 527 3054 ex
552 3019 637 3063 alia,
663 3020 816 3054 existere
839 3031 959 3066 posse.

30 3073 36 3076 “’
205 3070 301 3106 vm.
325 3070 368 3105 In
383 3070 538 3115 planetis
550 3081 738 3115 expressas
752 3080 831 3106 esse
843 3076 988 3108 naturas
1000 3078 1154 3118 quatuor
1166 3084 1302 3119 vocum,
1322 3073 1483 3120 discanti,
1501 3074 1575 3116 alti,
1594 3075 1741 3120 tenoris,
1754 3075 1864 3115 bassi.
