1994 3276
114 91 198 130 444
735 89 956 136 Appendicis
979 87 1275 126 Harmonicorum

113 208 300 247 concinna
339 206 536 246 dividatur
574 211 613 247 et
652 208 854 258 quaelibet
892 207 1161 250 denominetur
1201 223 1225 249 a
1264 222 1440 260 numero,
1467 211 1764 258 concinnerum,
1809 220 1910 260 quae

111 267 248 316 recipit
276 267 426 305 unitate
457 270 584 314 aucta,
617 268 710 316 quia
740 279 811 317 pro
841 269 1057 308 intervallis
1088 271 1271 308 terminos
1311 269 1618 320 unitateplures
1648 279 1910 308 numeramus.

227 324 314 372 His,
346 326 487 374 inquis,
519 325 778 364 consideratis
807 337 917 365 more
946 330 1193 376 yeometrico.
1255 327 1289 366 Ο
1320 327 1807 378 geometraeconcurrite,
1848 327 1911 364 in-

113 383 264 432 quirite,
295 384 326 421 si
360 383 568 433 quisquam
593 395 618 421 e
648 389 777 423 vestro
810 396 966 424 numero
997 388 1057 433 sit,
1090 389 1156 436 qui
1187 385 1495 437 praecedentem
1501 385 1662 425 Roberti
1694 386 1911 425 orationem

111 440 316 489 intelligat.
378 442 515 488 Patet,
554 443 718 480 minora
749 444 967 482 intervalla
998 456 1074 483 esse
1103 446 1314 495 simplicia.
1374 445 1457 484 Nec
1495 444 1570 483 hoc
1605 449 1711 495 patet
1748 455 1796 482 ex
1833 444 1910 482 tuis

113 499 511 547 considerationibus,
551 511 622 538 nec
652 512 725 549 ego
757 504 897 550 negavi
931 514 1119 554 unquam,
1160 510 1310 554 partem
1341 503 1557 542 formalem'
1581 514 1665 542 esse
1695 501 1910 552 simplicio·
1962 524 1973 536 ·

111 569 192 597 rem
224 563 305 596 toto
337 569 429 606 suo,
471 557 540 596 sed
571 557 644 597 hoc
676 558 808 598 docui:
848 560 1045 610 simplices
1076 561 1147 601 has
1180 567 1328 612 partes,
1372 573 1472 611 quas
1502 563 1692 600 concinna
1734 560 1909 608 dicimus,

112 623 197 655 ortu
237 618 470 667 posteriores
511 628 594 655 esse
635 619 897 656 consonantiis
938 621 1053 669 ipsis,
1094 622 1149 659 ita
1181 626 1221 658 ut
1262 621 1560 667 consonantiae,
1602 630 1720 658 causa
1751 617 1910 668 quidem

111 687 205 715 suae
237 676 476 725 quantitatis,
509 686 585 712 non
617 686 736 714 causa
767 676 979 726 qualitatis,
1011 679 1048 715 in
1081 678 1149 717 illa
1180 680 1370 718 concinna
1399 683 1540 717 natura
1565 677 1663 716 duce
1683 675 1909 716 dissolvan-

113 740 174 772 tur
204 746 273 773 seu
307 733 606 782 distinguantur.
620 729 672 785 ⁵⁰)

227 791 331 840 Quid
363 804 436 841 ego
468 803 571 830 nunc
602 791 728 830 dicam
760 792 806 830 de
838 794 1115 843 sequentibus,
1147 796 1213 833 ubi
1245 795 1368 834 videri
1402 795 1510 843 dicis,
1541 794 1643 833 hanc
1673 805 1759 835 esse
1788 767 1910 838 ratio-

113 861 201 887 nem
234 862 359 888 meam
390 850 655 900 productionis
689 852 962 889 concinnorum
993 864 1017 890 a
1048 855 1242 902 consonis,
1277 853 1382 903 quod
1414 853 1561 892 scilicet
1593 853 1733 891 cubum
1765 863 1910 902 agnos—

114 920 198 947 cam
229 910 521 958 primigenium,
561 907 678 957 idque
707 909 807 947 libro
841 909 887 946 V.
950 911 1010 948 An
1043 918 1101 950 est
1138 911 1219 949 ulla
1257 914 1381 961 magis
1421 913 1555 961 iniqua
1592 913 1788 962 perversio
1821 922 1910 948 ver-

112 968 267 1010 borum,
310 968 438 1017 scopi,
486 966 691 1005 methodi?
751 967 854 1017 Quid
895 969 994 1006 cubo
1038 982 1126 1008 cum
1167 976 1252 1008 ortu
1299 969 1606 1009 concinnerum‘?
1666 968 1769 1018 Quid
1810 968 1909 1007 libro

112 1037 197 1063 meo
229 1025 277 1073 V,
309 1026 374 1064 ubi
407 1027 595 1064 musicam
627 1026 664 1062 in
697 1027 827 1065 coelos
860 1027 1018 1075 induco,
1058 1041 1144 1067 cum
1174 1029 1274 1067 libro
1306 1029 1386 1076 III,
1426 1029 1493 1066 ubi
1524 1028 1710 1067 musicam
1750 1039 1796 1066 ex
1829 1027 1909 1071 suis

112 1085 307 1134 principiis
338 1084 488 1134 gigno?
549 1082 729 1131 Omnino,
763 1084 945 1133 Roberte,
979 1086 1047 1124 tibi
1081 1089 1168 1137 quis
1201 1087 1331 1126 credat
1360 1086 1609 1135 methodum,
1640 1087 1675 1124 si
1706 1086 1792 1135 quis
1825 1096 1910 1124 me-

69 1182 72 1184 .
112 1142 276 1181 thodum
307 1143 405 1181 bene
437 1146 608 1180 curatam
641 1142 765 1181 velit?
825 1142 935 1192 Quae
967 1145 1084 1194 igitur
1115 1151 1155 1183 tu
1188 1152 1321 1184 contra
1341 1147 1532 1184 rationem
1561 1144 1662 1183 hanc
1693 1143 1792 1182 falso
1813 1143 1908 1182 mihi

112 1202 292 1240 tributam
325 1201 512 1251 disputas,
546 1212 592 1239 ea
622 1203 841 1240 transmitto
873 1202 960 1240 aliis
993 1203 1242 1252 excutienda,
1276 1205 1420 1255 quippe
1452 1205 1500 1242 iis
1530 1203 1624 1241 mihi
1653 1214 1781 1252 neque
1811 1203 1910 1241 seri-

112 1264 173 1297 tur
202 1271 328 1309 neque
358 1261 526 1298 metitur.

230 1317 411 1367 Sequitur
441 1318 546 1356 linea
582 1317 646 1355 15.
678 1329 725 1355 ex
756 1329 872 1367 puro,
905 1323 948 1356 ut
979 1320 1048 1367 ais,
1081 1325 1241 1359 naturae
1272 1320 1376 1358 fonte
1399 1319 1651 1369 longissimus
1673 1317 1908 1357 inductionis

109 1377 216 1414 rivus
242 1388 310 1426 per
340 1381 417 1415 tres
448 1377 623 1426 paginas,
656 1376 767 1425 cujus
799 1378 924 1414 exitus
957 1389 1043 1428 pag.
1074 1380 1149 1416 24:
1179 1379 1267 1429 fieri
1296 1381 1342 1416 in
1363 1379 1635 1425 consonantiis
1661 1377 1909 1427 promessio-

109 1446 200 1473 nem
231 1447 258 1472 a
287 1436 438 1473 minori
468 1434 522 1472 ad
549 1435 700 1483 majus,
731 1446 815 1472 non
845 1447 870 1473 α
902 1437 1052 1483 maj0ri
1080 1436 1136 1474 ad
1162 1439 1311 1475 minus.

227 1491 278 1531 Ut
308 1494 423 1542 igitur
453 1505 477 1530 a
507 1491 755 1531 conclusione
786 1493 893 1542 prius
927 1495 1118 1543 incipiam,
1153 1496 1270 1534 velim
1303 1500 1339 1533 te
1363 1491 1598 1542 meminisse,
1629 1493 1810 1540 Roberte,
1844 1504 1906 1531 me

109 1550 194 1600 hoc,
229 1550 334 1601 quod
364 1546 406 1590 tu
437 1550 645 1598 concludis,
678 1562 805 1601 neque
836 1563 1000 1599 negasse
1032 1564 1159 1603 neque
1189 1553 1425 1603 affirmasse3
1460 1552 1530 1592 sed
1560 1552 1637 1591 hoc
1668 1551 1777 1600 dico,
1810 1562 1906 1599 con-

109 1611 322 1657 sonantias,
356 1611 612 1660 quantitatem
643 1609 849 1659 maj0rem,
883 1609 1029 1649 definiri
1060 1613 1191 1660 prius,
1224 1614 1414 1651 concinna
1443 1610 1673 1657 intervalla,
1707 1614 1750 1648 ut
1779 1620 1907 1659 quan-

109 1669 241 1706 titates
273 1670 460 1716 minores,
508 1668 656 1706 definiri
686 1669 902 1718 posterius,
945 1670 1095 1708 scilicet
1127 1682 1193 1720 per
1224 1672 1396 1720 ipsarum
1438 1669 1780 1709 consonantiarum
1810 1669 1910 1706 inter

111 1738 151 1764 se
183 1729 524 1777 comparationem.
587 1726 750 1764 Definiri
781 1732 913 1765 autem
946 1727 1021 1766 hoc
1051 1728 1140 1767 loco
1172 1735 1231 1767 est
1262 1728 1386 1776 idem,
1429 1727 1535 1778 quod
1566 1727 1726 1766 induere
1764 1730 1909 1765 certam

110 1786 362 1834 qualitatem,
403 1797 505 1835 quae
536 1786 586 1823 sit
615 1784 872 1833 jucunditatis
904 1787 944 1823 in
975 1786 1110 1825 auditu
1143 1798 1275 1828 causa.
1335 1786 1428 1826 Jam
1469 1791 1537 1825 tua
1566 1785 1635 1824 illa
1663 1785 1908 1823 ratiocinatio

110 1854 189 1881 non
220 1844 382 1902 refertur
419 1843 467 1881 ad
500 1843 708 1892 qualitates
740 1843 877 1892 hasce,
921 1845 990 1883 sed
1032 1845 1081 1883 ad
1113 1845 1187 1883 hoc
1228 1845 1375 1884 solum:
1422 1846 1454 1882 si
1493 1845 1593 1883 duae
1623 1842 1790 1882 chordae
1831 1843 1910 1880 siut

111 1902 329 1951 aequaliter
360 1908 492 1940 tensae
523 1913 732 1950 earumque
765 1901 886 1940 altera
918 1908 1030 1942 sonet
1061 1903 1281 1942 invariabili
1309 1915 1419 1949 sono,
1450 1903 1600 1951 reliqua
1630 1903 1727 1939 inter
1745 1900 1908 1950 pulsan-

114 1959 205 1998 dum
236 1962 460 1999 successive
491 1961 685 1997 minuatur
714 1958 833 2011 (quod
866 1966 925 1999 est
955 1966 1084 2006 παθος
1126 1959 1463 2011 quantitativum),
1506 1966 1599 1999 tunc
1628 1958 1805 2009 quidem,
1848 1958 1908 1996 his

113 2020 264 2068 positis,
299 2031 434 2058 verum
467 2023 544 2065 est,
577 2019 728 2055 transiri
760 2020 889 2056 omnia
919 2021 1077 2058 minima
1109 2020 1315 2059 intervalla
1345 2021 1544 2066 concinna,
1581 2020 1804 2069 priusquam
1836 2028 1908 2055 ve-

111 2077 323 2116 niatur⁴ad
355 2078 507 2115 tertiam
538 2076 744 2121 minorem,
788 2088 887 2125 quae
920 2083 978 2116 est
1016 2080 1175 2116 minima
1207 2079 1556 2116 consonantiarum.
1619 2077 1670 2114 At
1710 2077 1742 2115 si
1775 2086 1909 2114 casum

113 2135 257 2186 fingere
288 2131 397 2183 licet,
438 2135 580 2183 fingam
613 2146 686 2183 ego
719 2136 970 2174 contrarium:
1009 2148 1136 2185 neque
1173 2138 1274 2174 enim
1305 2138 1430 2174 minus
1462 2135 1603 2185 poterit
1641 2134 1763 2173 altera
1793 2132 1907 2172 chor-

112 2194 247 2233 darum
278 2192 500 2233 sonantium
531 2194 648 2231 etiam
679 2194 812 2241 augeri
843 2196 1076 2242 successive,
1110 2196 1220 2232 initio
1254 2195 1355 2232 facto
1387 2206 1411 2232 a
1440 2199 1596 2243 puncto,
1630 2191 1798 2231 chordae
1827 2198 1908 2236 tere

112 2255 235 2302 mino,
277 2264 355 2302 quo
385 2253 513 2302 posito
544 2256 745 2300 sequetur,
788 2255 830 2289 ut
870 2253 1067 2290 minimum
1107 2254 1398 2290 concinnorunv
1420 2251 1555 2289 ultimo
1599 2252 1771 2288 omnium
1811 2260 1907 2288 con-

113 2311 273 2350 ficiatur.
306 2339 307 2342 η
333 2311 470 2359 Neque
502 2314 630 2348 tamen
662 2310 831 2356 interest,
864 2321 990 2360 neque
1021 2311 1083 2349 hic
1113 2322 1238 2360 neque
1269 2311 1360 2358 illic,
1393 2309 1486 2359 quid
1507 2310 1566 2347 his
1583 2310 1721 2359 positis
1752 2308 1907 2346 casibus

112 2371 257 2420 primo,
291 2369 385 2419 quid
416 2368 553 2406 ultimo
586 2369 744 2415 existat,
787 2367 853 2409 sed
887 2368 1081 2418 quodnam
1113 2381 1263 2416 eorum,
1303 2381 1404 2418 qnae
1436 2370 1626 2416 existunt,
1666 2367 1717 2405 ab
1748 2366 1907 2404 auribus

113 2429 348 2479 approbetur
390 2439 459 2465 seu
497 2431 539 2463 ut
583 2428 812 2465 concinnum
856 2439 924 2465 seu
966 2431 1008 2464 ut
1039 2438 1272 2474 consonum,
1315 2427 1389 2465 hoc
1427 2427 1597 2464 interest.
1657 2425 1745 2463 Hoc
1789 2425 1906 2462 etiam

113 2488 281 2533 interest,
314 2491 357 2524 ut
387 2496 632 2534 quaeramus,
665 2497 781 2535 quam
816 2485 864 2523 ob
898 2497 1054 2523 causam
1087 2497 1198 2524 aures
1230 2491 1272 2524 ut
1303 2487 1490 2523 concinna
1520 2484 1736 2534 approbent
1766 2494 1811 2521 ex
1843 2482 1907 2518 in-

112 2544 285 2583 tervallis
325 2543 457 2582 ordine
498 2544 784 2590 emergentibus
821 2543 888 2582 illa
929 2545 1174 2593 potissimum
1221 2556 1336 2592 qnam
1373 2545 1468 2594 ista,
1510 2548 1547 2581 et
1579 2554 1657 2591 qua
1687 2541 1733 2580 de
1765 2551 1905 2588 causa3

111 2614 204 2640 num
236 2603 285 2641 ob
317 2612 576 2641 consonorum
610 2603 949 2650 comparationem,
983 2613 1052 2639 seu
1084 2603 1175 2650 quia
1207 2608 1295 2639 sunt
1321 2613 1501 2640 excessus
1533 2611 1788 2638 consonorum
1819 2609 1906 2636 ma-

108 2661 236 2709 jorum
268 2672 385 2711 supra
416 2671 588 2697 consona
621 2661 786 2706 minora,
819 2665 861 2696 ut
892 2672 964 2710 ego
997 2659 1104 2707 dico,
1138 2672 1185 2697 an
1219 2660 1267 2698 ob
1300 2671 1437 2698 causas
1468 2659 1639 2708 aliquas,
1685 2668 1785 2708 quae
1816 2660 1906 2697 sunt

113 2720 349 2768 antiquiores
382 2720 475 2767 ipsis
508 2720 710 2766 consonis,
742 2729 838 2767 quas
872 2724 910 2755 te
942 2718 1112 2756 nondum
1143 2720 1339 2756 invenisse
1371 2723 1514 2755 certum
1546 2722 1617 2754 est,

227 2777 319 2816 Jam
351 2776 454 2825 quod
489 2776 750 2815 inductionem
781 2777 906 2824 ipsam
939 2777 1076 2814 attinet
1108 2776 1153 2814 de
1185 2778 1310 2821 sonis,
1354 2778 1426 2814 etsi
1457 2775 1618 2812 multum
1650 2779 1691 2811 tu
1723 2773 1904 2811 tenebra-

112 2845 195 2872 rum
229 2841 266 2874 et
297 2835 537 2872 locutionum
570 2836 838 2884 ambiguarum
869 2834 1023 2882 ingeris,
1056 2834 1151 2871 illud
1173 2839 1301 2872 tamen
1332 2835 1476 2884 passim
1508 2845 1554 2871 ex
1580 2834 1627 2870 iis
1658 2832 1787 2871 elucet
1814 2827 1904 2879 pul—

114 2891 244 2930 chrum
277 2898 315 2931 et
346 2892 656 2932 consideratione
689 2893 844 2941 dignum
877 2891 1088 2940 problema,
1122 2904 1221 2941 quae
1243 2894 1292 2930 sit
1322 2899 1459 2930 natura
1472 2902 1659 2934 ,sonorum
1691 2891 1729 2927 in
1750 2898 1902 2937 genere,

114 2950 205 2997 quid
238 2962 376 3002 sonus,
419 2962 521 3000 quae
553 2963 672 2990 causa
703 2951 890 2991 acuminis
921 2955 960 3001 et
989 2951 1195 2998 gravitatis
1233 2962 1300 2999 per
1332 2961 1464 2988 omnes
1496 2950 1714 2986 sonantium
1747 2947 1901 2984 formas.

114 3006 285 3045 Materia
317 3008 611 3058 disceptationis
643 3014 702 3047 est
731 3009 903 3059 physica,
929 3009 1130 3056 ‘pertinens
1162 3008 1211 3045 ad
1242 3008 1414 3046 libellum
1448 3006 1666 3050 Aristotelis
1699 3004 1745 3042 de
1777 3003 1903 3040 Audi-

114 3063 258 3102 bilibus
297 3066 423 3115 adque
467 3072 655 3116 cognatas
697 3067 781 3116 ejus
822 3065 1103 3116 problematum
1145 3067 1349 3104 sectiones.
1409 3064 1486 3103 Hic
1527 3063 1644 3101 multa
1693 3066 1821 3100 essent
1863 3061 1901 3097 in
