1988 3276
690 99 1014 142 mafline-
1057 101 1222 140 Libet
1802 102 1856 144 8⁷

73 221 606 278 putnhuhsequales,
643 224 716 262 aut
751 221 995 261 conferantur
1034 231 1083 260 ex
1123 219 1287 260 duamm
1326 170 1861 267 taliumseetionibusduae

73 292 328 335 quacunque
354 287 507 333 partes,
557 278 625 320 vel
655 280 895 331 compositae
925 290 975 319 ex
1001 278 1191 347 partibus,
1224 277 1286 318 vel
1309 277 1547 329 eompositns
1574 278 1771 330 potentias
1800 277 1863 317 di·-

73 341 294 380 ων.
319 351 369 380 ex
397 339 542 379 talibus
572 337 784 387 babentes,
827 336 929 378 duae
957 337 1118 388 inquam
1145 338 1187 376 iu
1214 347 1357 388 genere
1386 334 1635 387 inaequales.
1671 335 1767 376 illae
1794 342 1864 376 aut

74 401 187 439 oeuut
220 396 464 449 Imgitudine
504 395 876 437 commutabiles
910 396 1013 436 inter
1049 406 1112 446 se,
1150 399 1222 435 aut
1258 393 1670 435 incommensurabiles
1705 393 1863 445 quidem

74 453 328 508 louffldine,
358 453 729 496 commensmabiles
758 464 853 494 vero
883 453 1072 506 potentia.
1119 451 1199 493 Hie
1226 455 1408 504 quamvis
1436 465 1462 492 a
1491 453 1863 493 commensuratione

72 513 189 566 pl—'s
215 518 457 554 recesserunt
484 512 680 565 singulae,
718 517 762 552 at
795 512 957 563 junctae
996 515 1127 552 tamen
1167 510 1378 551 nonnullae
1406 510 1538 551 adbuc
1563 510 1631 552 vel
1660 510 1861 562 quadratis

73 574 114 611 in
139 580 260 612 unam
287 583 478 612 sumam
518 569 692 620 eollatis,
732 570 797 610 vel
832 569 1061 621 rectangulo
1099 570 1356 610 communiter
1389 568 1575 618 formato,
1621 570 1861 608 constituunt

71 617 209 683 plana⁰
217 629 404 670 baetenm
434 627 647 681 explicata,
684 639 765 668 non
793 629 920 668 minus
961 639 1079 679 quam
1107 627 1212 668 idem
1238 627 1388 668 faciunt
1427 632 1467 666 et
1495 625 1605 676 illae,
1642 638 1744 678 quae
1773 632 1864 666 sunt

72 689 171 728 inter
197 698 243 728 ss
276 685 653 728 comnensurabiles.
712 685 892 727 Ceterum
931 697 1020 726 eum
1056 685 1261 738 multiplex
1298 686 1351 725 sit
1378 683 1517 724 talium
1554 683 1719 725 duarum
1745 685 1862 736 plane

73 745 520 786 immutabilium
540 743 749 796 copulatio,
779 743 861 785 alia
879 743 959 785 alia
987 743 1217 795 ignobilior.
1246 754 1325 784 non
1354 743 1568 796 poterimus
1586 754 1721 783 omnes
1749 744 1864 795 bigas

74 805 115 844 in
141 814 263 844 unum
290 803 454 855 gradum
483 803 636 844 referre.

192 871 330 916 XVII.
359 872 630 914 Definitio.
689 870 749 912 Sit
786 883 879 923 ergo
916 873 1077 924 quintus
1109 873 1298 914 scientiae
1325 869 1492 923 gradus,
1533 881 1622 911 eum
1660 869 1764 911 duae
1791 882 1865 911 nee

74 929 248 972 affabiles
274 931 414 972 ambae
442 941 515 971 nec
543 941 673 971 mesae
702 930 946 982 ampliusque
990 932 1090 970 inter
1115 941 1159 970 se
1186 930 1304 982 plane
1339 928 1762 970 incommensurabiles
1797 934 1864 968 ut-

76 1000 239 1040 rumque
276 988 426 1030 fuciunt
463 988 628 1038 effabile,
667 994 708 1028 et
735 999 926 1028 summam
963 987 1239 1039 quadratorum
1276 994 1318 1028 et
1346 998 1551 1028 commune
1587 987 1865 1037 rectangulum,

74 1049 291 1088 nonminus
304 1059 420 1100 quam
434 1052 638 1098 utrumque
654 1046 793 1087 borum
811 1046 958 1087 faciunt
978 1046 1079 1087 duae
1091 1045 1335 1098 longitudine
1363 1045 1540 1086 effabiles
1557 1043 1685 1097 (Euel.
1710 1045 1769 1094 X,
1780 1044 1863 1098 20),

77 1103 141 1144 vel
170 1106 289 1146 etiam
319 1105 420 1146 duae
448 1106 535 1145 sola
562 1106 740 1156 potentia
768 1103 963 1155 affabiles,
1002 1104 1075 1146 sed
1111 1106 1212 1145 inter
1247 1116 1292 1145 se
1320 1109 1452 1144 tamen
1480 1102 1725 1153 longitudine
1755 1114 1864 1143 eom·

75 1163 377 1214 mensurabiles,
415 1176 487 1215 per
515 1162 692 1203 eandem.
749 1160 806 1202 Ut
833 1162 938 1203 latus
966 1161 1015 1203 de
1045 1162 1236 1214 quadrato
1268 1165 1293 1201 2
1335 1167 1377 1202 et
1405 1162 1510 1202 lstns
1538 1161 1587 1202 de
1617 1160 1808 1212 quadrato
1839 1163 1863 1201 8

77 1226 169 1261 sunt
197 1223 296 1262 inter
322 1234 367 1262 se
395 1222 436 1261 in
463 1222 712 1274 proportione
745 1220 878 1272 duplg
908 1223 1001 1272 quia
1019 1221 1210 1272 quadrata
1227 1225 1321 1260 sunt
1349 1221 1449 1260 iuter
1475 1231 1519 1260 se
1547 1221 1588 1258 in
1616 1221 1866 1271 proportione

81 1278 307 1333 quadrupla.
366 1279 467 1320 Sunt
495 1290 587 1330 ergo
616 1276 863 1330 longitudine
891 1278 1048 1330 quidem
1078 1278 1314 1328 ineffabiles,
1346 1283 1389 1318 at
1416 1279 1517 1318 inter
1546 1289 1589 1318 se
1618 1289 1867 1318 commensu-

73 1337 231 1378 rabiloe.
288 1338 432 1378 Earum
460 1336 652 1389 quadrata
682 1339 708 1376 2
740 1341 781 1377 et
812 1337 837 1376 8
862 1337 1001 1388 juncta
1029 1337 1177 1378 faciunt
1201 1338 1267 1386 10,
1298 1336 1454 1376 effabile
1481 1335 1655 1387 planum,
1686 1340 1727 1375 et
1754 1337 1865 1387 ipsae

75 1396 116 1434 in
156 1406 202 1436 ss
239 1395 521 1447 multiplicatae
559 1394 680 1449 (quod
719 1400 779 1435 est
815 1394 1082 1448 reetangulum
1122 1393 1304 1448 formare)
1342 1395 1491 1434 faciunt
1528 1393 1797 1445 reetangulum
1826 1396 1866 1443 ᾖ

76 1454 195 1493 etism
222 1453 392 1494 effabile.
402 1452 438 1506 ⁴)
494 1453 583 1494 Hoc
609 1454 733 1502 idem,
771 1453 954 1503 inquam,
994 1454 1143 1494 faeiunt
1181 1455 1300 1494 etiam
1341 1452 1443 1492 duae
1483 1463 1556 1492 nec
1592 1452 1766 1492 estabiles
1794 1463 1867 1492 uec

77 1522 210 1552 mesas
237 1512 483 1564 ampliusque
517 1513 619 1551 inter
651 1523 695 1550 se
731 1510 849 1562 plane
877 1512 1310 1552 incommensurabiles:
1349 1522 1476 1562 eoquo
1503 1522 1606 1558 non,
1646 1516 1691 1550 ut
1719 1512 1867 1562 priores

72 1568 191 1617 illae,
231 1571 274 1609 ‘m
313 1569 526 1610 secuudum
570 1570 635 1609 vel
671 1570 828 1609 tertium
871 1569 1035 1621 gradum
1078 1571 1267 1611 scientiae
1302 1574 1397 1608 sunt
1432 1568 1677 1619 referendae,
1717 1568 1789 1609 sed
1826 1570 1868 1607 in

83 1709 92 1713 -
192 1689 298 1743 Nota
323 1691 456 1741 igitur,
486 1690 592 1741 quod
620 1692 661 1730 in
689 1691 765 1731 boc
793 1690 918 1744 gradu
940 1702 1204 1731 mensuremus
1232 1701 1311 1730 non
1339 1689 1464 1731 lineas
1493 1692 1601 1742 ipsas
1629 1701 1702 1730 nec
1730 1691 1869 1740 singu·

84 1747 209 1787 larum
236 1747 448 1800 quadrata,
478 1748 550 1788 sed
577 1760 843 1791 mensuramus
871 1754 912 1789 et
939 1761 1141 1789 commune
1171 1751 1343 1801 ipsarum
1371 1748 1639 1799 reetangulum
1669 1753 1709 1788 et
1731 1748 1871 1798 juncta

63 1807 285 1857 ,utriusque
315 1805 507 1857 quadrata
536 1808 575 1844 in
604 1818 720 1846 unam
750 1819 963 1858 summam3
992 1813 1036 1847 ut
1065 1806 1171 1858 quod
1198 1808 1267 1846 uni
1296 1806 1488 1857 quadrato
1508 1806 1618 1848 deest
1646 1818 1725 1858 quo
1742 1807 1870 1845 minus

81 1865 135 1903 sit
162 1864 330 1913 effabile,
359 1863 401 1902 id
428 1865 481 1903 ab
508 1863 632 1904 altero
661 1866 852 1916 quadrato
881 1867 1032 1906 sociato
1062 1870 1197 1906 exacte
1228 1870 1509 1917 compensetur.

21 1946 24 1947 ⁷
196 1933 356 1973 XVIII.
374 1933 639 1973 Definitio.
688 1935 831 1976 Sextus
860 1942 900 1977 et
928 1936 1139 1987 ignobilior
1156 1936 1342 1975 scientiae
1361 1934 1505 1985 gradus
1534 1940 1606 1986 est,
1635 1945 1724 1975 eum
1752 1935 1870 1974 binae

78 1991 253 2042 iunctae,
283 2003 385 2042 quae
412 2002 486 2031 nee
513 1991 689 2032 effabiles
703 2006 791 2035 ·nec
819 2006 951 2035 mesae
979 1994 1120 2034 ambae
1148 1994 1266 2033 simul
1295 1994 1492 2044 etiamque
1520 1994 1629 2037 inter>
1648 2005 1691 2033 se
1719 1993 1871 2032 incom-

83 2049 383 2098 mensurabiles,
425 2049 652 2089 alterutrum
680 2052 819 2092 saltem
849 2052 1004 2092 effabile
1033 2053 1199 2098 faciunt,
1227 2051 1420 2102 reliquum
1449 2063 1544 2091 vero
1572 2063 1718 2092 meson.
1776 2052 1870 2090 Est-

82 2118 158 2157 que
185 2109 381 2157 geminus:
412 2113 481 2147 aut
510 2109 613 2147 enim
641 2121 794 2151 summa
822 2111 1101 2161 quadratorum
1120 2110 1297 2159 effabilis,
1326 2110 1595 2160 reetangulum
1622 2121 1772 2159 meson,
1800 2114 1869 2148 aut

81 2163 150 2204 illa
177 2176 323 2214 meson,
351 2165 428 2205 boe
456 2165 609 2205 effabile
638 2173 710 2207 est.

194 2220 285 2267 Illa'e
307 2230 438 2267 effectu
470 2231 603 2267 similes
626 2237 711 2268 sunt
746 2234 885 2270 duabus
910 2234 1127 2281 effabilibus,
1160 2234 1239 2271 sols
1273 2234 1436 2280 potentin
1470 2233 1867 2271 commensurabilibus.

80 2282 174 2318 Nam
195 2282 379 2327 potentiae
399 2282 546 2327 ambae,
580 2284 652 2321 hoe
681 2290 738 2321 est
761 2287 939 2332 quadrata
969 2287 1145 2333 effabilis,
1180 2287 1320 2323 faciunt
1343 2287 1451 2322 etiam
1475 2297 1650 2322 summam
1674 2286 1864 2331 utriusque

81 2334 269 2371 effabilen.
314 2334 576 2380 Rectangulum
597 2347 683 2373 vero
706 2343 765 2375 est
786 2349 911 2376 meson
934 2339 1052 2383 (Eud.
1077 2339 1122 2375 X.
1139 2340 1208 2384 22).
1255 2339 1338 2376 Hoc
1359 2350 1444 2375 vero
1469 2339 1603 2375 effectu
1625 2338 1762 2376 similes
1783 2343 1869 2375 sunt

81 2386 223 2424 duabus
245 2386 366 2431 mesis,
385 2386 463 2423 sola
484 2389 647 2433 potentia
669 2391 1068 2436 commensurabilibus,
1092 2402 1185 2437 quae
1208 2395 1294 2427 sunt
1316 2391 1363 2427 ad
1386 2401 1426 2426 se
1450 2395 1575 2427 mutuo
1599 2396 1640 2428 ut
1662 2391 1756 2428 dune
1779 2390 1866 2426 effa-

79 2438 185 2484 biles,
206 2438 302 2475 inter
323 2449 413 2484 quas
434 2439 549 2485 prima
572 2451 619 2476 ex
640 2441 664 2478 2
686 2442 797 2478 mesis
820 2448 875 2479 est
896 2443 1177 2488 proportionalis
1208 2442 1326 2478 media
1362 2443 1477 2486 (Euel-
1500 2445 1545 2480 X.
1570 2444 1627 2489 26,
1651 2444 1727 2489 28).
1776 2445 1869 2480 Nam

68 2490 167 2537 'quia
188 2493 273 2527 sunt
292 2490 455 2536 potentia
477 2494 832 2540 commensurabiles,
857 2494 1001 2530 additae
1019 2495 1129 2540 igitur
1150 2495 1334 2541 potentiae
1356 2495 1492 2532 faciunt
1508 2506 1683 2532 summam
1704 2497 1869 2556 partibus

82 2542 449 2580 commensurabilem.
494 2546 545 2579 At
572 2550 695 2590 partes
718 2550 804 2583 sunt
825 2557 943 2592 mesa,
980 2552 1016 2583 et
1046 2547 1143 2592 quod
1166 2557 1266 2583 meso
1297 2551 1353 2583 est
1376 2548 1715 2594 commensurabile,
1750 2549 1868 2593 ipsum

84 2595 191 2632 etiam
213 2600 271 2631 est
293 2604 417 2630 meson
438 2595 554 2639 (Eucl.
577 2597 623 2632 X.
645 2598 716 2642 24).

197 2655 273 2695 Hie
303 2655 571 2706 rectangulum
601 2658 778 2697 binarum
806 2660 987 2698 metimur
1015 2660 1171 2710 quidem
1207 2660 1326 2711 plano
1364 2661 1556 2711 quadrato
1587 2661 1787 2709 diametri,
1827 2666 1870 2701 at

87 2725 165 2752 non
194 2716 312 2753 etiam
342 2725 533 2751 summam
563 2715 856 2764 quadratorum:
886 2729 977 2756 nam
1007 2718 1134 2756 solum
1163 2721 1382 2757 invenimus
1412 2719 1510 2757 duas
1539 2719 1683 2766 lineas,
1714 2723 1869 2758 rectan-

0 2794 5 2833 J
75 2771 227 2835 *gulum
257 2772 294 2810 ei
324 2770 488 2821 aequale
517 2771 738 2822 formantes,
771 2787 934 2824 quarum
965 2775 1155 2825 quadrata
1183 2778 1387 2814 metiamur
1417 2776 1606 2826 quadrato
1637 2777 1826 2816 diametri.

205 2839 327 2880 XIX.
358 2841 623 2880 Definitio.
681 2840 879 2892 Septimus
909 2843 1036 2883 adhuc
1065 2844 1272 2895 ignobilior
1301 2845 1486 2883 scientiae
1507 2843 1650 2894 gradus
1678 2849 1750 2894 est,
1780 2857 1868 2885 cnm

88 2896 251 2936 duarum
279 2899 379 2937 inter
404 2910 447 2937 se
478 2900 922 2940 incommensurabilium
951 2907 1086 2942 neuter
1116 2903 1273 2942 effectus
1304 2908 1362 2941 est
1393 2901 1577 2949 effabilis,
1615 2914 1689 2942 nee
1716 2915 1868 2944 summa

2 3006 7 3018 ,Α
90 2955 388 3006 quadratorum,
418 2967 490 2995 nec
519 2967 722 2995 commune
751 2959 1038 3010 reetangulum:
1070 2960 1140 2999 sed
1168 2966 1297 2999 tamen
1327 2958 1455 2998 adbuc
1483 2965 1689 3011 utrumque
1717 2973 1865 3002 meson.
1953 3017 1956 3018 ⁷

200 3021 312 3057 Hisce
340 3027 423 3058 sunt
453 3022 583 3058 effectu
602 3020 737 3057 similes
758 3021 853 3059 duae
882 3033 1014 3069 mesae,
1038 3025 1201 3070 potentia
1224 3025 1302 3060 sola
1325 3024 1678 3071 commensurabiles,
1715 3037 1865 3072 quarum

91 3083 163 3109 una
184 3073 233 3110 sit
254 3074 302 3111 ad
324 3074 492 3121 alteram,
531 3079 573 3112 ut
605 3085 676 3111 una
705 3084 849 3121 earum,
885 3086 975 3122 quas
1002 3077 1097 3114 inter
1127 3086 1224 3114 mese
1247 3086 1331 3112 vere
1353 3081 1410 3112 est
1433 3075 1551 3113 medis
1573 3078 1863 3124 proportionalis,
