1994 3276
0 0 26 158 ,ὲ
272 109 278 116 ,
412 75 415 77 ·
752 61 881 111 *mor
899 71 966 110 m.
993 71 1112 118 caput
1131 70 1212 109 vn
1423 83 1426 85 >
1802 67 1886 110 sol

0 159 464 241 l'dcaliaiaanimoa
512 182 1903 246 mmmvidecnp.15.libdm0imtiimmm‚observa

0 247 7 298 ξ
96 255 183 282 vcro
205 245 415 284 dkcrimen·
443 245 543 282 alind
566 250 641 290 est,
670 244 808 281 animas
838 244 877 280 in
895 252 1032 288 genere
1056 241 1229 278 delectari
1250 238 1465 284 harmoniis,
1499 238 1617 279 alind
1623 237 1730 275 etiam
1754 241 1793 274 et
1814 247 1889 275 am·

0 299 9 362 ᾗ.
95 298 203 346 plina'
221 298 375 345 aliquid,
410 297 563 335 affectus
595 308 679 335 cnm
709 300 838 334 cantus
865 295 983 332 modis
1014 293 1260 332 consimilibus
1294 291 1502 334 nansia-rh
1535 291 1665 328 horum
1694 294 1890 335 utrumque

0 369 8 377 ·
97 363 199 391 snam
223 362 370 390 cansam
391 351 517 399 habet,
602 388 605 393 ,

210 404 332 441 Prima
352 403 465 451 igitur
493 408 532 441 et
560 404 651 441 satis
673 402 870 450 conspicua
905 412 1032 448 cansa,
1067 412 1133 438 cnr
1163 402 1350 436 mutentur
1372 397 1525 435 affectus
1556 397 1604 434 ad
1626 396 1891 444 praescriptum

97 463 246 504 cantus,
280 461 340 494 est
359 457 449 503 ista,
483 457 581 504 qnod
599 458 675 502 jam
699 460 807 493 antea
837 457 916 493 noti
939 460 1026 505 sunt
1047 454 1184 491 homini
1215 451 1412 490 dolentium
1434 450 1609 497 ejulatus,
1644 450 1890 497 gaudentium,

98 509 343 554 ιιιειιιειιιιιιιι,
365 510 539 546 iratam
563 516 631 546 etc
655 520 763 547 voces
787 509 963 554 diversae,
985 509 1070 546 licet
1092 507 1340 544 inconcinnae.
1388 507 1487 551 Ergo
1518 506 1552 542 si
1575 506 1698 552 aliqua
1719 505 1830 543 etiam
1850 503 1892 540 in

98 562 284 602 concinis
304 561 415 626 inque
436 562 629 608 generibus
653 567 690 599 et
710 562 828 599 modis
851 562 999 600 musicis
1023 566 1080 599 est
1103 560 1248 597 affectio
1271 559 1396 596 similis
1419 559 1494 596 illis
1515 560 1684 605 vocibus,
1706 560 1771 597 illa
1795 571 1891 598 com·

97 615 293 654 mnefaeit
328 616 484 654 animam
515 617 561 653 de
591 617 729 659 censis.
765 626 873 655 voees
901 615 995 653 tales
1026 613 1326 661 exprimentibus,
1360 622 1410 649 sc.
1445 611 1491 648 de
1520 610 1710 650 affectibus
1738 613 1893 650 idoneis.

98 671 180 707 Jam
202 677 288 705 vero
309 669 496 715 proprium
520 674 578 706 est
599 670 809 714 annnorum,
831 669 966 707 affectu
989 666 1191 704 consociari
1211 675 1292 702 eum
1316 664 1398 700 aliis
1420 663 1559 701 animis.
1607 665 1667 700 Ex
1689 665 1759 701 hac
1781 675 1894 702 cansa

97 731 164 760 ceu
187 729 234 756 ax
255 721 357 759 fonte
379 721 535 758 derivavi
559 732 626 768 ego
650 722 713 759 fol.
739 725 784 760 75
808 723 906 768 (185)
928 721 1012 758 libri
1034 720 1106 756 mei
1130 729 1254 755 omnes
1279 717 1357 754 fere
1378 717 1468 754 alias
1485 722 1615 754 cantus
1638 718 1892 764 proprietates·

100 777 226 815 Altera
257 777 436 816 occultior
467 786 579 813 cansa
609 782 646 814 et
669 777 882 814 delectionis
912 776 950 812 in
973 784 1122 822 genere,
1154 777 1193 808 et
1218 782 1298 808 eam
1326 776 1430 807 tanto
1461 770 1603 807 facilins
1636 771 1891 816 consequentis

20 832 22 834 ’
54 857 61 861 .
99 831 308 869 mutationis
339 830 536 867 affectuum
566 830 604 866 in
635 831 775 877 specie,
810 840 834 866 a
858 828 1067 865 Ptolemaeo
1097 826 1258 872 tangitur
1286 824 1324 859 in
1347 827 1469 862 textu
1506 833 1589 859 cum
1625 823 1811 860 admoneri
1841 823 1893 859 ait

98 882 236 919 anirum
259 894 283 920 a
306 887 415 920 cantu
438 882 607 929 propriae
631 882 687 918 sni
708 882 871 929 ipsorum
894 879 1198 919 conformationis.
1247 877 1320 915 Sed
1343 877 1423 922 ipse
1453 875 1548 912 hanc
1571 875 1891 912 conformationem

7 963 19 981 ,1
97 934 278 980 intelligit.
302 945 408 981 qnam
433 934 513 980 ipse
535 934 694 980 tradidit,
719 946 812 981 qnae
834 934 1016 972 rhetorica
1039 933 1167 970 saltem
1192 930 1426 968 similitudine
1449 932 1608 973 constat,
1640 940 1712 965 non
1735 929 1895 965 necessi-.

26 999 29 1001 ·
97 990 174 1023 tate
196 987 343 1024 causali.
390 987 477 1023 Vult
500 987 612 1031 igitur
628 987 771 1024 animos
794 988 893 1048 ipsos
918 990 955 1023 et
977 985 1152 1022 instinctu
1175 984 1333 1030 quodam
1348 992 1546 1029 agnoscere
1568 992 1669 1017 snam
1688 982 1786 1018 illam
1809 993 1891 1018 cnm

3 1050 24 1089 j„
98 1038 307 1076 harmonica
340 1039 625 1083 similitudinem,
668 1051 741 1076 non
775 1041 892 1076 minns
929 1050 1035 1085 qnam
1069 1037 1301 1074 Ptolemaeus
1335 1034 1583 1072 ratiocinando
1618 1046 1699 1072 eam
1733 1035 1890 1081 agnovit.

2 1117 9 1139 3
97 1090 216 1136 Atque
238 1091 433 1129 similitudo
455 1091 535 1138 illa,
567 1097 609 1128 ut
632 1102 654 1127 a
677 1091 884 1129 Ptolemaeo
908 1091 1053 1137 quidem
1076 1094 1133 1126 est
1156 1089 1350 1132 instructa,
1375 1099 1449 1133 non
1474 1097 1556 1123 nno·
1569 1088 1730 1124 membro
1754 1087 1891 1125 claudi-

96 1146 166 1185 cat,
189 1142 404 1189 videturque
430 1143 518 1180 mihi
539 1145 658 1180 minus
681 1149 851 1181 accurata
874 1150 911 1180 et
933 1143 1103 1189 pulchra,
1135 1152 1242 1188 quam
1265 1142 1491 1184 Ptolemaeo;
1527 1151 1595 1177 nec
1618 1141 1735 1177 minus
1770 1146 1890 1176 tamen

1 1207 34 1234 εχ.
99 1194 221 1231 valent
242 1195 279 1232 in
302 1207 424 1234 meum
447 1196 602 1232 animum
626 1196 867 1242 proprietates
890 1200 1027 1240 cantus,
1053 1205 1161 1242 qnam
1177 1196 1214 1231 in
1230 1194 1437 1231 Ptolemaei.
1487 1195 1631 1231 Arctior
1644 1194 1755 1239 igitur
1770 1193 1892 1239 aliqua

3 1291 10 1295 ἢ
99 1249 330 1285 necessitudo
355 1250 561 1295 quaerenda
586 1254 643 1285 est
666 1249 958 1286 conformationis
974 1249 1173 1284 animorum
1196 1259 1278 1284 cnm
1295 1247 1580 1283 conformatione
1593 1245 1792 1283 harmonici
1808 1256 1892 1281 can·

0 1316 25 1338 ,·
99 1304 176 1345 tus,
200 1300 232 1337 si
254 1301 353 1337 illam
375 1302 541 1339 volumus
565 1302 660 1338 inter
683 1313 811 1339 causas
833 1302 946 1339 videri
970 1301 1327 1347 correspondentiam
1350 1300 1520 1345 utrinqne
1532 1299 1771 1336 affectionum.
1810 1298 1892 1344 Quo

0 1349 25 1402 ὲ]
99 1351 180 1389 loeo
202 1353 321 1390 varias
344 1359 531 1391 anctorum
556 1355 755 1392 sententias
777 1355 874 1391 inter
895 1365 936 1391 se
958 1364 1167 1400 comparare
1188 1352 1401 1390 nonnullum
1426 1354 1495 1389 erit
1517 1363 1650 1399 operae
1673 1352 1840 1399 pretinm.

214 1417 320 1463 Quod
351 1417 446 1454 enim
475 1419 811 1455 transmutationem
844 1422 972 1454 cantus
1002 1422 1219 1463 sequeretur
1247 1417 1437 1454 translatio
1468 1418 1684 1462 affectuum,
1712 1417 1749 1454 id
1780 1429 1889 1454 nnnm

101 1474 180 1507 erat
200 1481 222 1507 e
244 1471 448 1517 praecipuis
472 1471 702 1517 argumentis,
725 1472 792 1507 cnr
812 1470 1020 1517 philosophi
1042 1471 1080 1506 in
1104 1474 1213 1515 gente
1236 1470 1382 1508 musicis
1403 1472 1534 1508 studiis
1559 1471 1682 1509 dedita
1700 1472 1777 1518 ,iam
1799 1471 1893 1508 anti·

0 1519 7 1567 ss
22 1519 42 1562 ’ἶ
101 1523 225 1585 quitus
247 1524 527 1569 suspicarentur,
550 1524 588 1559 in
611 1523 811 1559 animorum
836 1523 961 1559 formis
986 1527 1023 1559 et
1046 1522 1363 1568 compositionibus
1387 1523 1514 1561 insitas
1534 1535 1616 1561 esse
1639 1524 1785 1570 penitus
1807 1524 1890 1560 har·

100 1577 248 1614 monins.
294 1576 518 1623 Pythagoras
541 1577 685 1624 quidem
706 1576 776 1612 hoc
801 1576 930 1620 dogma
953 1575 1044 1611 adeo
1060 1575 1210 1611 firmiter
1226 1573 1352 1610 habuit
1367 1584 1592 1621 persuasum,
1615 1580 1657 1610 nt
1673 1585 1718 1611 ex
1733 1585 1776 1611 eo
1793 1574 1893 1610 alind

0 1627 45 1676 ᾗῇ
84 1629 306 1667 »abstrusius
328 1629 560 1665 exstruxerit.
608 1629 697 1665 Cum
721 1628 826 1672 enim,
849 1633 890 1663 nt
914 1628 950 1663 in
974 1627 1207 1687 praeambulo
1230 1626 1314 1662 libri
1337 1626 1435 1662 tertii
1458 1627 1604 1673 dictum,
1628 1628 1893 1663 harmoniarum

98 1690 230 1719 causas
252 1682 291 1718 ιιι
314 1681 472 1718 numeris
496 1681 614 1716 inesse
638 1679 919 1725 persuaderetur
940 1680 1108 1724 idemque
1132 1680 1272 1715 animus
1295 1684 1410 1725 esset,
1423 1679 1506 1726 qui
1530 1686 1567 1715 et
1592 1692 1673 1716 cum
1697 1679 1892 1717 harmoniis

0 1729 64 1778 Γ.»
100 1737 140 1773 ιιι
160 1737 279 1772 varios
302 1733 453 1770 affectus
477 1732 734 1768 transferretur
756 1737 793 1767 et
816 1731 1028 1768 numerandi
1042 1731 1215 1767 facultate
1233 1730 1388 1776 polleret
1405 1732 1524 1771 unica,
1551 1732 1685 1777 triplici
1700 1733 1782 1768 hac
1783 1731 1893 1767 trium

101 1798 238 1832 rernm,
262 1787 386 1831 animi,
410 1785 567 1831 numeri,
593 1785 816 1828 harmoniae,
853 1785 950 1820 inter
972 1794 1012 1820 se
1036 1783 1260 1820 connexione
1283 1781 1405 1818 motus
1428 1784 1667 1829 pronunciare
1692 1794 1801 1821 ansus
1826 1789 1893 1828 est,

102 1841 217 1887 ipsam
239 1839 371 1876 mentis
395 1837 587 1873 essentiam
611 1847 657 1872 ex
681 1837 839 1872 numeris
864 1841 1048 1895 constare,-
1072 1846 1146 1871 non
1169 1835 1213 1870 iis
1238 1833 1383 1879 quidem
1408 1837 1573 1873 omnibus
1589 1837 1805 1882 promiscue,
1828 1837 1893 1873 sed

103 1903 151 1929 ex
173 1893 236 1929 illo
261 1896 427 1937 tetracty‚
450 1901 517 1936 per
540 1900 646 1936 quem
665 1888 829 1934 jurabat,
862 1889 923 1934 qui
948 1899 998 1923 sc.
1024 1887 1255 1932 colligeretur
1277 1898 1323 1923 ex
1346 1890 1508 1926 terminis
1531 1890 1740 1926 harmoniae
1763 1889 1893 1926 identi-

103 1955 213 1982 sonae
235 1945 426 1990 diapason,
449 1947 569 1978 sectae
592 1952 659 1988 per
681 1940 771 1976 duas
795 1941 1026 1985 medietates,
1050 1941 1302 1985 geometricam
1326 1946 1364 1976 et
1387 1941 1667 1987 arithmeticam,
1698 1942 1735 1978 in
1758 1953 1892 1978 morem

19 2003 53 2045 ³³}
104 1997 254 2034 duarum
287 1995 481 2032 solidarum
516 1994 773 2040 quantitatum,
809 2000 849 2030 nt
882 2005 975 2040 qnae
1000 1994 1107 2029 etiam
1141 1993 1231 2028 duas
1255 1993 1391 2029 medias
1414 1995 1668 2040 proportiones
1697 1995 1892 2041 recipinnt;

24 2050 37 2102 ζ
59 2072 65 2074 -
105 2049 167 2094 qui
182 2049 326 2085 termini
349 2051 434 2083 sunt
457 2047 491 2091 6,
514 2047 549 2090 8,
574 2045 606 2090 9,
637 2047 688 2091 12,
713 2057 862 2082 numero
888 2053 1061 2092 quatuor,
1087 2056 1225 2082 summa
1250 2047 1310 2090 35,
1344 2046 1406 2091 qni
1427 2047 1510 2082 ideo
1534 2047 1720 2083 harmonia
1742 2053 1797 2084 ast
1821 2047 1893 2083 dic-

33 2104 68 2144 ρξ’
107 2109 186 2145 tus,
220 2102 280 2138 cni
303 2101 334 2136 si
358 2100 479 2136 unitas
499 2099 693 2144 jungatur,
719 2099 811 2134 finnt
835 2100 898 2143 36,
930 2109 1101 2134 numerus
1123 2098 1416 2134 accuratissimus
1440 2099 1639 2144 quadratus
1663 2099 1709 2135 de
1732 2100 1895 2145 perfecto

34 2155 43 2204 J
70 2158 73 2203 ]
105 2154 142 2201 0,
164 2160 203 2191 ει
225 2153 434 2198 trigonicus‚
459 2152 538 2188 basi
560 2152 594 2187 8.
642 2152 733 2187 Vide
757 2152 863 2198 plura
886 2153 923 2187 in
948 2152 1104 2196 allegato
1127 2150 1375 2196 praeambulo.
1421 2152 1529 2187 Hunc
1551 2153 1793 2198 Pythagoram
1815 2154 1893 2190 imi-

41 2203 46 2224 “
56 2215 66 2245 1<
104 2210 202 2244 tatus
226 2204 431 2242 Macrobius
463 2205 618 2239 animam
651 2203 807 2240 affirmat
831 2215 912 2241 esse
936 2205 1111 2239 intextam
1134 2214 1179 2239 ex
1203 2204 1360 2239 numeris
1384 2205 1549 2249 musicis,
1583 2205 1810 2250 animamque
1834 2205 1894 2240 de-

30 2256 72 2308 'ss'
104 2255 203 2302 finit,
235 2258 332 2304 quod
362 2258 409 2293 sit
445 2267 615 2292 numerus
645 2257 873 2292 harmonicus
904 2267 943 2291 se
978 2256 1097 2302 ipsum
1128 2266 1285 2291 movens.
1333 2257 1484 2292 Hermes
1513 2267 1599 2293 vero
1630 2258 1661 2292 T
1662 2257 1894 2306 n‘smegistus‚

104 2312 311 2360 Pythagora
333 2310 460 2356 procul
484 2310 593 2345 dnbio
616 2310 806 2354 posterior,
831 2320 899 2346 nec
920 2310 973 2345 ita
995 2314 1161 2344 vetustus
1187 2309 1380 2352 (sententia
1403 2308 1690 2344 doctissimorum
1713 2310 1894 2354 virorum),

33 2394 36 2399 .
65 2387 71 2391 -
105 2368 150 2400 ιι
166 2363 307 2409 iactant
327 2362 501 2406 nonnulli,
525 2363 661 2398 fontem
677 2363 875 2398 animarum
891 2362 1081 2407 profitetur
1098 2361 1332 2405 octonariun,
1357 2359 1574 2405 intelligens,
1599 2362 1636 2396 ni
1657 2361 1774 2406 fallor,
1798 2362 1895 2397 hunc

96 2411 319 2462 'trigonicum
345 2417 401 2460 36,
424 2416 505 2451 basi
528 2416 573 2461 83
606 2416 676 2451 nisi
699 2415 913 2451 desumserit
944 2425 990 2451 ex
1013 2413 1214 2454 Macrobio,
1239 2413 1301 2457 qni
1328 2411 1579 2456 theologorum
1603 2414 1731 2449 Musas
1763 2425 1892 2450 novem

103 2468 363 2514 interpretatur
385 2468 431 2503 de
454 2468 619 2513 sphaeris
643 2472 726 2504 octo
749 2467 949 2510 mundanis,
975 2471 1011 2501 et
1035 2465 1215 2501 communi
1238 2474 1362 2499 earum
1386 2469 1574 2500 concentu.
1621 2465 1662 2500 Id
1690 2476 1775 2501 vero
1798 2468 1894 2503 vide-

34 2529 75 2566 ⁷:1³³,
108 2525 170 2556 tur
198 2521 359 2556 alludere
388 2520 435 2556 ad
462 2521 615 2564 figuram
636 2519 850 2565 quadratam
880 2526 926 2554 ex
950 2528 1078 2552 novem
1102 2517 1249 2561 punctis
1272 2517 1422 2562 factam,
1457 2528 1609 2562 quornm
1638 2524 1720 2554 octo
1745 2519 1893 2555 circum-

109 2575 206 2607 stant
230 2573 404 2616 exterius,
437 2583 548 2608 nnnm
570 2573 668 2608 intus
690 2572 728 2607 in
751 2570 870 2606 medio
898 2576 954 2605 est
984 2570 1020 2604 in
1046 2569 1299 2604 decussatione
1323 2568 1510 2604 linearum.
1558 2569 1658 2605 Idem
1681 2570 1833 2605 Hermes
1856 2569 1893 2604 in

100 2622 329 2660 Pocmandro
351 2629 508 2660 mentem
522 2624 677 2660 hominis
700 2634 766 2669 per
787 2623 1010 2658 harmoniam
1034 2622 1085 2658 ait
1107 2631 1190 2657 esse
1214 2621 1411 2667 delapsam,
1436 2622 1592 2657 vicissim
1617 2633 1713 2667 vero,
1738 2620 1894 2657 solutam

107 2675 259 2712 vinculis
280 2677 441 2722 corporis
464 2676 745 2722 facultatumque
761 2676 979 2717 inferiorum,
1002 2685 1067 2721 per
1090 2673 1241 2710 eandem
1256 2675 1478 2710 harmoniam
1494 2685 1718 2711 reversuram
1734 2675 1771 2709 in
1788 2674 1892 2710 sedes

37 2726 79 2763 ’,ι
102 2726 297 2772 pristinam
327 2728 424 2773 qnod
446 2732 581 2771 totum,
612 2732 654 2762 ut
676 2728 875 2772 audiemus,
908 2739 955 2762 ex
978 2726 1130 2763 Platone
1162 2731 1219 2763 est
1242 2731 1279 2762 et
1300 2725 1395 2761 forte
1425 2736 1471 2760 ex
1483 2726 1679 2762 Macrobio.
1725 2727 1894 2762 Timaeus

102 2779 204 2834 enim
226 2780 323 2826 apud
345 2780 549 2824 Platonem,
580 2778 838 2824 Pythagoricus
862 2785 899 2817 et
920 2781 1015 2826 ipse,
1049 2780 1202 2815 animam
1225 2778 1349 2814 mundi
1373 2779 1423 2814 ait
1446 2778 1577 2814 saetam
1601 2789 1647 2814 ex
1672 2784 1813 2824 septem
1834 2779 1892 2816 his

57 2822 349 2880 '15³2fflumerm,ex
371 2833 508 2867 unitate
536 2833 565 2874 1,
590 2831 669 2876 pari
690 2831 807 2892 primo
829 2839 894 2868 sen
916 2833 1048 2868 femina
1072 2833 1104 2876 2,
1128 2830 1254 2877 impari
1276 2831 1391 2875 primo
1409 2840 1474 2865 seu
1489 2841 1587 2866 mare
1605 2831 1638 2876 3,
1663 2831 1790 2867 horum
1806 2843 1892 2877 qua-

64 2882 223 2926 gantis
245 2885 286 2929 4,
310 2885 350 2928 9,
374 2888 412 2919 ει
435 2884 535 2920 cubis
559 2884 604 2927 8,
629 2883 690 2926 27,
715 2882 777 2928 qui
800 2883 872 2919 dno
890 2884 1008 2928 juncti
1031 2884 1169 2920 faciunt
1194 2884 1248 2918 35.
1295 2882 1355 2916 Ex
1378 2882 1435 2917 his
1462 2891 1546 2917 vero
1570 2883 1728 2918 numeris
1751 2883 1891 2921 harmo-

48 2932 199 2979 'J'J'fias
212 2941 250 2972 et
270 2937 350 2981 ipse
373 2947 495 2971 omnes
519 2947 559 2972 se
583 2936 847 2971 demonstrasse
870 2936 1030 2972 credidit.
1078 2937 1171 2981 Ejus
1203 2936 1311 2979 igitur
1340 2934 1520 2979 interpres
1542 2935 1749 2972 Macrobius
1771 2936 1892 2974 Plato·

10 3011 21 3038 κ,
114 2987 202 3024 uicis
231 2988 388 3024 numeris
417 2988 540 3024 mnndi
570 2988 723 3023 animam
752 2987 803 3022 ait
831 2997 911 3022 esse
941 2993 1151 3033 conceptam
1182 2992 1218 3022 et
1242 2987 1361 3022 inesse
1383 2986 1437 3021 illi
1468 2997 1614 3023 cansam
1637 2989 1819 3026 musicae·
1809 3017 1819 3035 ‚
1853 2996 1892 3027 et

18 3039 21 3065 ἒ
54 3037 364 3095 ›tjfasseoessitatem
386 3038 535 3077 rationis
558 3051 580 3076 a
603 3039 820 3077 coelestibus
842 3050 916 3076 non
938 3041 1117 3086 recedere,
1142 3051 1228 3087 ergo
1253 3038 1470 3085 compositos
1493 3039 1531 3076 in
1552 3038 1654 3076 coelo
1670 3049 1778 3078 sonos
1794 3040 1908 3087 (con·.
