1994 3276
106 73 191 119 468
629 67 851 116 Appendicis
874 67 1172 107 Harmonlcorum
1195 69 1383 117 Apologia.

108 189 281 230 criminis
314 189 539 240 opinionem
569 190 800 230 sustineant.
861 189 922 230 De
951 193 1080 228 cetero
1112 189 1276 229 candide
1304 201 1367 230 me
1397 190 1471 230 tibi
1499 202 1668 240 excuso,
1697 202 1760 230 me
1790 201 1906 243 prae-

106 253 286 305 terquam
318 247 425 299 quod
458 248 640 287 omnibus
670 260 770 299 pene
799 248 913 287 lineis
953 259 1040 287 sum
1069 248 1216 297 fassus,
1259 247 1354 287 nihil
1383 248 1490 288 aliud
1530 251 1790 299 quaesivisse,
1831 248 1908 288 hoc

106 306 256 346 scilicet
297 318 417 345 unum
454 311 672 358 spectasse,
720 311 764 346 ut
805 305 981 361 lectores
1010 307 1199 357 imperiti,
1249 307 1315 356 qui
1345 306 1459 346 facile
1490 307 1611 347 titulis
1651 307 1906 359 decipiuntur,

108 365 264 414 scirent,
301 364 395 416 quid
427 365 532 416 apud
565 376 770 416 quemque,
803 368 882 415 quo
912 364 1131 404 discrimine
1161 366 1390 404 invenirent.
1449 365 1496 404 Id
1524 366 1690 406 sialiter
1718 366 1800 405 fieri
1829 377 1907 404 non

107 425 249 474 potuit,
283 424 378 474 quin
411 428 453 462 tu
485 422 551 462 vel
580 424 891 474 perstringereris
921 423 1059 462 leviter
1089 422 1152 461 vel
1184 421 1432 462 offenderetis
1461 426 1642 473 graviter,
1675 424 1771 463 illud
1792 425 1908 473 equi-

107 482 195 521 dem
226 483 469 530 necessario,
514 481 590 521 hoc
627 487 763 522 contra
803 493 930 521 meam
974 482 1218 524 voluntatem
1248 481 1392 519 sactum
1432 481 1673 533 perpendito.
1731 483 1782 522 Et
1811 482 1909 525 llaec

107 540 266 591 quidem
298 540 344 579 de
377 541 736 592 comparationibus
765 541 863 579 meis
894 552 942 578 ex
972 540 1186 590 appendice
1217 538 1269 577 ad
1300 551 1399 590 opus
1430 539 1720 580 Harmonicum.

173 635 176 637 .
225 597 422 647 Quantum
454 600 595 642 attinet
624 603 870 649 praesentem
901 597 1137 648 apologiam,
1169 598 1242 636 etsi
1273 598 1418 636 crebris
1449 599 1598 648 injuriis
1610 600 1781 641 irritatus
1811 610 1909 638 can-

106 668 192 696 sam
223 656 450 696 habuissem
481 659 626 707 passim
658 656 977 704 excandescendi,
1009 667 1123 706 spero
1154 660 1284 694 tamen
1314 655 1411 694 nihil
1442 657 1552 706 inte,
1583 658 1682 696 nihil
1711 659 1750 696 in
1780 657 1909 696 hono-

105 727 187 754 rem
217 715 283 755 vel
313 715 544 765 dignitatem
576 722 682 754 tuam
714 715 860 754 dictum
892 726 977 754 esse
1009 715 1181 764 gravius,
1217 713 1312 752 nihil
1344 714 1448 764 quod
1480 727 1568 755 eum
1597 716 1810 757 acerbitate
1839 720 1909 754 tua

106 774 270 813 conferri
299 776 446 825 possit3
485 774 588 814 sales
620 785 713 813 vero
744 779 783 813 et
810 774 889 823 joci
921 773 1206 824 disputatorum
1247 777 1338 812 sunt
1373 773 1644 814 embammata.
1705 773 1792 814 Hac
1821 786 1910 813 mea

106 833 413 883 aequanimitate
443 834 475 871 si
508 837 550 872 tu
581 833 698 871 fueris
728 833 953 882 mitigatus,
985 830 1080 870 nihil
1110 831 1149 868 in
1181 836 1380 881 posterum
1411 832 1608 882 impediet,
1638 834 1733 883 quin
1765 833 1905 871 amici-

105 893 200 930 tiam
231 891 404 930 colamus
435 891 647 931 litei-ariam
678 896 717 930 et
747 890 854 941 quod
884 891 1049 940 quisque
1071 890 1221 938 accepit
1241 902 1266 928 a
1287 889 1373 928 Deo
1397 890 1597 940 talentum,
1630 890 1671 930 id
1691 893 1731 930 in
1749 889 1908 930 laudem

107 950 290 989 creatoris
331 950 448 1000 inque
489 949 748 989 eruditionem
788 949 957 999 proximi
1002 949 1100 987 citra
1140 948 1462 987 obtrectationem
1505 947 1667 988 alterius
1705 949 1902 999 conferat,

107 1020 207 1058 quae
238 1019 331 1047 vero
362 1008 460 1047 alter
490 1009 541 1048 ab
572 1008 695 1048 altero
726 1008 824 1047 bene
855 1009 999 1059 scripta
1031 1005 1246 1054 offenderit,
1277 1017 1325 1045 ea
1353 1006 1404 1045 ab
1432 1006 1499 1046 illo
1531 1018 1620 1048 cum
1649 1010 1903 1048 veneratione

106 1066 301 1117 largitoris
330 1068 489 1118 spiritus
521 1067 651 1106 animo
681 1071 793 1117 grato
822 1070 1000 1117 acceptet
1030 1070 1148 1115 atque
1178 1064 1340 1103 fruatur.
1401 1064 1514 1105 Vale.

723 1124 808 1164 Cal.
840 1124 1011 1175 Augusti
1045 1124 1137 1163 anni
1171 1123 1294 1161 1621.

870 1251 1136 1291 FINIS.
