1994 3276
847 944 1173 1020 APPENfflx

509 1093 578 1139 ad
631 1093 854 1140 librum
904 1093 953 1139 V.
1003 1092 1517 1140 Harmonicorum.

234 1378 362 1428 Quam
392 1390 511 1429 supra
541 1380 580 1416 in
611 1378 740 1418 indice
770 1380 941 1430 capitum
972 1380 1060 1418 libri
1083 1378 1130 1417 V.
1163 1379 1360 1430 professus
1389 1392 1474 1419 sum
1502 1381 1778 1431 appendicem:
1810 1381 1918 1421 illam

116 1438 180 1478 hic
209 1448 287 1476 non
319 1441 379 1476 est
406 1443 450 1476 ut
481 1442 680 1489 exspectet
709 1437 851 1477 lector:

1118 1496 1329 1544 Amphora
1360 1499 1488 1547 coepit

510 1551 692 1602 Institui,
725 1559 911 1593 currente
939 1559 1031 1593 rota
1062 1565 1203 1592 verum
1233 1566 1378 1593 urceus
1408 1557 1499 1594 exit.

116 1612 265 1651 Causas
297 1612 425 1651 dicam
456 1612 643 1651 breviter:
676 1624 860 1663 magnum
893 1618 931 1651 et
960 1612 1159 1651 exundans
1191 1612 1333 1651 flumen
1364 1625 1441 1651 non
1474 1613 1674 1653 commode
1704 1616 1915 1664 navigatu-

116 1682 182 1709 rus
213 1683 338 1719 eram,
381 1682 468 1710 cum
499 1681 587 1709 ecce
620 1672 742 1721 copiis
773 1682 962 1721 aquarum
1004 1673 1042 1707 in
1074 1676 1229 1709 tenuem
1259 1672 1386 1708 rivum
1431 1671 1721 1711 subsidentibus
1770 1673 1914 1711 vadum
1986 1722 1987 1727 ¹

116 1731 257 1780 patuit,
289 1729 394 1779 quod
423 1729 543 1779 pedes
575 1731 795 1777 transirem,
821 1731 914 1766 navi
946 1731 983 1767 in
1018 1741 1089 1767 sua
1119 1731 1287 1767 statione
1317 1730 1451 1768 relicta
1481 1730 1531 1768 ad
1564 1742 1656 1769 usus
1687 1733 1812 1780 magis
1843 1743 1915 1770 ne-

114 1788 316 1827 cessarios.
377 1787 463 1826 Hoc
504 1792 563 1826 est
601 1787 705 1836 quod
745 1787 852 1826 dico:
897 1788 1117 1827 Ptolemaei
1148 1787 1350 1826 Harmon.
1388 1788 1482 1826 libri
1513 1788 1606 1836 III,
1646 1799 1746 1838 quos
1788 1789 1914 1828 habeo

117 1846 290 1885 Graecos
319 1847 627 1896 manuscriptos,
666 1857 753 1884 cum
786 1847 1070 1884 commentariis
1102 1845 1308 1895 Porphyrii
1348 1845 1571 1896 philosophi
1612 1846 1914 1896 profundissimi,

115 1904 249 1943 itidem
279 1903 452 1952 Graecis,
497 1904 546 1942 ab
589 1905 699 1942 initio
730 1915 858 1953 usque
901 1904 952 1942 ad
972 1904 1048 1942 ,lib.
1081 1903 1134 1941 II.
1175 1915 1258 1953 cap.
1299 1905 1336 1946 7.
1380 1904 1483 1953 digni
1524 1904 1617 1942 mihi
1660 1916 1811 1955 semper
1841 1907 1916 1944 visi
1974 1926 1977 1927 ν

116 1967 217 2010 sunt,
250 1963 317 2012 qui
343 1961 611 2000 *Graecolatini
644 1963 784 2013 integri
815 1963 963 2000 exirent
994 1964 1031 1999 in
1061 1961 1273 2011 publicum,
1307 1973 1430 2011 eaque
1463 1963 1508 2000 de
1531 1974 1650 2001 causa
1681 1970 1771 2002 ante
1791 1975 1915 2002 annos

121 2022 172 2059 10
203 2022 315 2070 coepi
345 2020 433 2058 illos
467 2022 505 2056 in
535 2019 720 2058 Latinum
750 2031 966 2059 sermonem
998 2025 1168 2067 vertere,
1207 2031 1307 2068 quae
1340 2022 1467 2058 versio
1497 2022 1685 2070 processit
1715 2033 1834 2072 usque
1865 2022 1914 2060 ad

114 2078 365 2118 medietatem
396 2077 541 2116 codicis
572 2077 844 2129 Porphyriani.
906 2077 994 2127 Quo
1025 2080 1151 2116 minus
1183 2077 1343 2116 ulterius
1380 2090 1594 2128 pergerem,
1637 2079 1913 2129 impedimento

114 2137 210 2175 mihi
238 2137 312 2175 suit
340 2136 417 2175 loci
447 2137 623 2183 mutatio,
656 2137 863 2185 conjuncta
894 2147 981 2174 cum
1011 2136 1185 2186 plurimis
1208 2135 1411 2186 molestiis,
1442 2142 1480 2174 et
1511 2142 1716 2187 postquam
1739 2138 1911 2176 Lincium

115 2196 226 2243 veni,
258 2206 405 2237 novum
444 2194 659 2232 studiorum
692 2196 1036 2233 astronomicorum
1075 2195 1238 2231 initium.
1300 2193 1353 2231 At
1385 2205 1476 2232 vero
1518 2207 1604 2233 cum
1646 2200 1736 2234 ante
1767 2207 1924 2244 annum,
1977 2199 1980 2202 ⁴

114 2256 402 2306 proposuissem
432 2264 540 2291 meos
570 2251 891 2298 Harmonicorum
923 2252 1042 2290 libros
1074 2252 1122 2289 V.
1155 2250 1280 2296 edere,
1311 2258 1547 2290 momentum
1570 2255 1708 2306 ingens
1731 2253 1911 2293 videbam
1973 2292 1983 2298 ,

116 2314 234 2351 situm
276 2313 314 2349 in
347 2312 635 2361 comparatione
673 2312 750 2350 mei
783 2311 910 2360 operis
952 2322 1039 2348 cum
1071 2309 1327 2353 Ptolemaico‚
1374 2313 1598 2359 praesertim
1640 2312 1722 2350 libri
1755 2314 1828 2350 mei
1862 2313 1910 2351 V.
1971 2356 1977 2365 .

117 2383 204 2409 cum
235 2371 382 2408 ultimis
422 2369 615 2420 capitibus
645 2369 712 2407 lib.
745 2369 817 2406 III.
850 2368 1086 2415 Ptolemaei,
1126 2379 1287 2416 quorum
1319 2368 1394 2406 tria
1425 2375 1596 2407 extrema
1639 2369 1731 2408 nihil
1765 2371 1910 2410 habent
1967 2390 1972 2393 ·

115 2430 190 2467 nisi
221 2428 406 2466 lemmata
436 2440 506 2466 seu
536 2427 672 2465 titulos
702 2439 726 2465 a
755 2427 996 2465 Ptolemaeo.
1057 2425 1196 2475 Itaque
1217 2425 1429 2465 reluctante
1463 2429 1577 2476 genio
1610 2429 1791 2478 proposui
1814 2440 1910 2478 ope·-v

116 2489 170 2526 ris
199 2498 242 2525 se
274 2489 358 2536 ipso
390 2486 519 2524 mutili
548 2488 665 2524 unam
695 2484 819 2523 solam
851 2490 999 2534 partem
1032 2483 1247 2533 decerpere,
1280 2495 1380 2532 quac
1403 2487 1569 2523 maxime
1601 2485 1649 2524 ad
1680 2498 1805 2524 meam
1826 2499 1912 2525 ma-

117 2546 254 2584 teriam
298 2545 479 2583 faciebat.
542 2542 666 2592 Quem
706 2543 755 2581 ad
799 2543 914 2581 finem
953 2548 992 2581 et
1033 2542 1128 2579 verti
1172 2542 1309 2579 librum
1341 2542 1554 2582 Ptolemaei
1587 2543 1659 2581 111.
1700 2556 1723 2582 a
1754 2556 1838 2594 cap.
1873 2547 1909 2583 3.

116 2603 167 2642 ad
196 2603 313 2641 finem
345 2608 384 2641 et
413 2602 536 2640 tribus
566 2601 711 2639 ultimis
742 2601 989 2639 lemmatibus
1022 2600 1200 2652 inanibus
1231 2610 1323 2637 suos
1343 2605 1472 2639 textus
1499 2613 1545 2639 ex
1567 2603 1763 2651 principiis
1785 2607 1912 2641 astro-

116 2662 271 2700 nomiae
302 2660 567 2700 Ptolemaicae
599 2665 637 2697 et
668 2670 715 2697 ex
745 2663 874 2697 mente
905 2659 1074 2697 auctoris
1106 2662 1253 2706 quanta
1286 2660 1411 2707 potuit
1443 2659 1522 2697 fieri
1554 2659 1783 2705 dexteritate
1814 2673 1910 2699 con-

118 2721 293 2759 cinnatos
325 2719 493 2768 subJeci,
535 2722 572 2755 et
604 2716 769 2766 denique
801 2717 1097 2755 commentarios
1128 2727 1197 2754 seu
1228 2721 1341 2754 notas
1373 2716 1517 2766 adjeci,
1561 2718 1702 2766 quibus
1741 2723 1779 2756 et
1809 2718 1909 2756 Por-

116 2778 331 2828 phyrianae
363 2777 718 2823 commentationis,
761 2774 827 2812 lib.
860 2774 911 2811 II.
945 2775 1071 2824 capite
1105 2776 1140 2811 7.
1174 2774 1380 2825 abruptae,
1421 2774 1593 2813 defectus
1625 2776 1663 2811 in
1693 2775 1766 2814 hoc
1797 2778 1908 2814 tertio

121 2834 320 2886 suppletur
352 2841 390 2874 et
420 2836 579 2873 inventa
612 2833 849 2871 Ptolemaica
888 2844 973 2870 cum
1006 2833 1100 2869 meis
1131 2837 1401 2881 comparantur
1433 2838 1470 2871 et
1502 2832 1706 2872 discrimen
1736 2833 1910 2872 ostendi·
1967 2862 1969 2864 -

119 2898 181 2931 tur
211 2894 309 2932 inter
338 2893 555 2932 Ptolemaei
586 2892 859 2943 symbolismos
890 2895 927 2927 et
957 2901 1064 2928 meas
1095 2889 1442 2928 demonstrationes
1464 2890 1679 2939 legitimas,
1712 2891 1815 2929 unde
1847 2893 1908 2928 in-

121 2950 281 2989 firmitas
326 2956 364 2990 et
394 2951 636 3000 imperfectio
666 2948 1005 2999 symbolismorum
1037 2947 1188 2985 illorum
1234 2954 1271 2986 et
1302 2960 1422 2987 causa
1451 2950 1654 2997 potissima
1693 2949 1808 2997 hujus
1840 2951 1908 2996 rei,

119 3020 173 3045 sc.
194 3008 343 3047 salsitas
367 3010 637 3060 principiorum
659 3008 917 3046 astronomiae
938 3005 1200 3044 Ptolemaicae
1221 3007 1399 3055 patescit.
1451 3006 1548 3043 Cum
1570 3007 1686 3056 igitur
1705 3006 1789 3044 sola
1811 3006 1909 3046 haec

121 3066 312 3118 appendix
346 3067 395 3106 ad
429 3068 480 3106 30
510 3068 674 3120 paginas
704 3065 792 3105 libri
823 3069 1058 3116 occupatura
1089 3069 1210 3113 esset,
1254 3075 1343 3105 ecee
1374 3071 1547 3104 coortum
1586 3066 1731 3106 interea
1760 3063 1906 3104 bellum
