1994 3276
114 196 195 237 150
560 242 562 244 Ι
816 191 872 228 ne
895 190 1195 237 Proportionibus

111 312 281 352 humani.
342 310 441 351 Nam
473 314 512 349 et
543 311 615 349 viri
643 312 895 350 communiter
912 311 1150 362 proceriores
1170 309 1334 358 feminis,
1366 310 1489 351 adulti
1514 313 1656 362 pueris,
1689 311 1904 361 graviorem

113 372 231 418 etiam
269 380 405 408 vocem
443 370 642 417 emittunt,
683 371 796 419 quasi
833 369 1062 420 profundius
1099 370 1283 418 petitam3
1325 374 1364 408 et
1402 370 1544 419 singuli
1582 369 1778 417 homines,
1818 371 1904 419 ipso

111 440 228 469 sensu
257 432 386 467 tactus
418 425 594 475 docente,
627 428 847 478 graviorem
878 439 1014 467 vocem
1044 426 1272 478 profundius
1302 427 1471 476 eliciunt,
1504 428 1678 467 altiorem
1708 429 1903 485 superius3

112 493 152 526 et
182 488 248 536 qui
278 486 506 536 gravissime
537 491 707 530 cantant,
739 497 878 536 corpus
909 485 1131 533 extendunt,
1164 490 1342 535 utquam
1364 485 1661 536 profundissime
1681 497 1759 524 vox
1781 491 1906 525 exeat.

112 544 293 585 Tendunt
324 543 480 594 quidem
510 543 652 583 collum
683 545 823 591 etiam,
854 546 920 594 qui
952 541 1064 584 acute
1095 547 1256 591 canunt,
1295 543 1363 582 sed
1393 555 1470 582 non
1502 550 1544 583 ut
1573 543 1732 606 longum
1763 543 1904 583 collum

114 603 278 651 saciant,
309 602 378 641 sed
408 608 451 641 ut
484 604 626 642 rectius
659 604 940 652 constringant
952 612 1152 653 supremos
1183 601 1346 641 circulos
1377 603 1555 652 gutturis.

215 659 301 700 His
330 661 447 711 igitur
462 659 534 699 dc
556 662 685 700 causis
725 666 841 699 natus
872 668 930 700 est
966 662 1006 698 iu
1037 660 1270 699 harmonicis
1307 665 1517 711 conceptus
1547 661 1616 699 alti
1647 666 1685 700 et
1715 640 1906 710 profundi,

113 730 189 771 pro
214 730 292 768 quo
323 719 463 758 crebro
487 730 732 770 usurpamus
748 723 904 757 acutum
935 724 973 758 et
1002 730 1132 768 grave.
1193 717 1292 756 Cum
1322 719 1438 768 igitur
1469 717 1587 757 altum
1620 723 1656 757 et
1676 717 1907 769 profundum

113 778 191 817 siut
220 776 317 815 alias
347 777 541 816 vocabula
570 777 658 824 loci,
690 777 930 828 consuetudo
961 778 1149 816 sermonis
1178 776 1276 815 haec
1306 788 1377 815 sua
1407 778 1597 828 principia
1633 783 1767 830 secuta
1795 778 1907 815 voci-

115 836 186 876 bus
229 836 346 874 etiam
387 835 427 874 id
457 835 745 883 accommodat,
789 835 893 884 quod
933 835 1105 875 locorum
1136 841 1194 873 est
1234 835 1455 885 proprium,
1496 833 1644 873 scilicet
1687 834 1905 883 inter‘valla,

112 904 250 944 graece
280 890 531 944 (Stasimum.
592 894 691 933 Nam
721 893 809 932 loca
839 898 1047 946 (Salarama,
1100 886 1242 931 distare
1264 892 1454 932 dicuntur.
1506 894 1683 943 Denique
1704 892 1909 943 disciplina

117 951 340 990 harmonica
380 951 479 990 hanc
508 964 645 992 vocem
685 952 802 990 etiam
843 953 879 990 in
918 954 1089 1002 picturas
1126 963 1194 990 seu
1236 950 1518 1000 diagrammata
1553 963 1625 990 sua
1664 948 1734 1004 (de
1765 951 1908 1001 quibus

115 1006 292 1063 inferius)
325 1009 532 1058 transtulit,
564 1022 665 1060 quae
697 1010 784 1049 altis
817 1016 855 1049 et
887 1009 1087 1061 profundis
1117 1004 1231 1048 lineis
1251 1014 1442 1056 constant,
1475 1021 1552 1060 quo
1573 1013 1686 1061 pacto
1707 1005 1907 1048 restitutus

117 1073 175 1109 est
204 1067 261 1106 illi
290 1079 426 1107 sensus
457 1070 726 1118 geometricus·

231 1125 342 1175 Quae
380 1128 497 1177 igitur
534 1127 722 1166 hactenus
764 1126 990 1166 dicebantur
1027 1127 1296 1176 proportiones
1334 1125 1584 1176 chordarum,
1631 1125 1671 1163 in
1711 1129 1907 1175 posterum

116 1184 194 1224 sere
225 1184 398 1223 dicentur
429 1185 634 1225 intervalla
666 1197 824 1235 vocum,
857 1197 954 1236 quas
987 1186 1166 1224 emittunt
1197 1184 1364 1223 chordae
1395 1183 1646 1233 longitudinis
1676 1183 1907 1234 inaequalis.

115 1242 215 1282 Nam
256 1254 373 1282 voces
415 1242 516 1282 idem
557 1249 759 1292 sonantes,
799 1245 940 1294 quibus
983 1242 1216 1293 respondent
1256 1241 1423 1281 chordae
1465 1253 1511 1280 ex
1542 1241 1759 1292 aequaliter
1787 1244 1908 1282 tensis

118 1312 242 1350 aeque.
279 1300 443 1349 longae,
483 1302 728 1350 intervallum
767 1314 844 1342 non
882 1302 1046 1349 faciunt,
1087 1312 1175 1339 cum
1214 1301 1293 1338 sint
1332 1299 1550 1339 altitudinis
1579 1299 1764 1349 ejusdem.
1825 1301 1911 1340 Etsi

117 1358 216 1398 libro
247 1357 296 1398 V.
327 1359 598 1398 abstinendum
631 1362 702 1399 erit
731 1362 781 1400 ab
813 1361 887 1399 hoc
917 1371 1032 1398 sensu
1064 1361 1172 1398 vocis
1203 1357 1461 1406 intervallum,
1494 1365 1698 1408 propterea
1720 1358 1826 1408 quod
1855 1360 1910 1398 ibi

120 1416 252 1456 crebro
283 1428 356 1455 usu
386 1418 595 1468 repetenda
626 1421 697 1457 erit
729 1431 804 1458 vox
834 1421 909 1456 ista
940 1420 977 1456 in
1007 1429 1124 1456 sensu
1154 1418 1426 1465 astronomico,
1464 1416 1511 1455 de
1542 1416 1648 1456 linea
1678 1421 1783 1456 recta
1813 1419 1911 1456 inter

119 1486 257 1525 corpus
287 1474 466 1527 planetae
497 1481 534 1515 et
564 1477 707 1525 Solem,
737 1479 829 1516 item
851 1476 897 1516 de
919 1488 969 1515 eo
986 1477 1125 1526 spatio,
1158 1476 1263 1526 quod
1286 1476 1384 1515 inter
1405 1476 1580 1514 diversos
1605 1474 1717 1513 orbes
1738 1477 1909 1515 interest.
1952 1487 1955 1489 ’

230 1532 350 1572 Porro
381 1539 479 1572 sicut
509 1535 756 1585 praecedenti
787 1537 913 1585 capite
942 1536 1212 1585 proportiones
1244 1535 1424 1573 bifariam
1456 1532 1816 1581 considerabantur,
1854 1546 1907 1572 sc.

121 1591 182 1642 vel
212 1591 390 1641 singulae
420 1604 487 1642 per
517 1605 558 1632 se
590 1594 706 1643 ipsas,
739 1594 800 1632 vel
831 1594 998 1631 invicem
1030 1596 1276 1642 comparatae
1307 1602 1425 1632 causa
1448 1593 1602 1638 ordinis,
1635 1593 1701 1641 qui
1725 1592 1910 1632 extende-

119 1650 233 1688 batur
262 1644 286 1687 a
317 1652 555 1700 compositae
585 1651 750 1701 aliquus
781 1653 1040 1703 proportionis
1072 1653 1234 1690 termino
1264 1662 1334 1691 seu
1365 1649 1508 1691 chorda
1536 1650 1673 1688 minori
1702 1649 1751 1688 ad
1782 1651 1910 1701 maj0-

118 1719 200 1747 rem
234 1707 540 1759 veilongiorem
571 1715 610 1748 et
640 1710 830 1748 vicissim:
874 1711 930 1748 sic
960 1721 1061 1748 nunc
1100 1711 1216 1749 etiam
1249 1708 1453 1748 intervalla
1494 1707 1557 1749 vel
1588 1707 1742 1757 singula
1771 1721 1839 1758 per
1869 1720 1909 1748 se

120 1765 183 1805 vel
215 1766 379 1806 invicem
412 1773 634 1818 comparata
665 1768 956 1808 considerantur
987 1763 1106 1807 causa
1135 1768 1213 1808 loci
1243 1767 1476 1817 harmonici;
1516 1772 1559 1806 ut
1589 1767 1696 1809 etin
1728 1769 1911 1806 continua

121 1823 363 1863 ordinatione
394 1826 542 1875 aliquot
572 1827 862 1866 intervallorum
893 1823 971 1879 (sic
1010 1831 1052 1865 ut
1083 1826 1174 1865 bina
1204 1819 1356 1877 semper
1387 1827 1569 1876 contigua
1611 1825 1782 1863 habeant
1811 1837 1909 1863 eun-

122 1881 209 1921 dem
240 1883 445 1921 terminum
466 1894 719 1932 communem,
753 1886 819 1934 qui
849 1886 899 1923 sit
918 1885 1033 1922 unius
1065 1884 1189 1934 major
1219 1885 1417 1932 terminus,
1449 1883 1610 1924 alterius
1635 1884 1829 1931 vergentis
1859 1883 1908 1922 ad
1962 1901 1964 1904 ·

120 1941 330 1989 graviores·
350 1952 467 1980 voces
507 1938 676 1996 minor),
718 1954 870 1992 semper
904 1941 1001 1980 illud
1038 1942 1284 1981 intervallum
1323 1943 1473 1983 dicatur
1506 1941 1684 1986 inferius,
1717 1940 1821 1990 quod
1852 1946 1911 1981 est

119 1999 218 2037 inter
248 2008 364 2037 voces
394 2000 613 2049 graviores,
651 2000 748 2039 illud
790 2002 984 2051 superius,
1029 2000 1132 2050 quod
1170 2006 1229 2040 est
1259 2002 1357 2040 inter
1394 2001 1596 2039 acutiores.
1658 1999 1707 2036 Et
1743 2000 1782 2036 in
1813 2011 1910 2048 geo-

119 2056 256 2099 metria
286 2055 440 2113 quidem
470 2059 738 2109 proportiones
766 2063 1028 2108 agnoscuntur
1057 2058 1254 2107 aequales,
1286 2059 1377 2097 licet
1407 2059 1484 2097 sint
1503 2056 1728 2106 inaequales
1759 2058 1910 2096 termini

119 2111 233 2153 unius
252 2110 424 2153 terminis
442 2115 614 2167 alterius,
645 2122 682 2155 et
697 2128 876 2156 excessus
892 2117 1138 2155 terminorum
1160 2117 1275 2155 unius
1295 2116 1511 2167 inaequalis
1529 2117 1702 2155 excessui
1724 2117 1908 2154 termino-

119 2183 203 2212 rum
222 2170 403 2222 alterius;
435 2179 478 2212 ut
506 2175 540 2212 si
569 2176 645 2213 sint
675 2179 749 2212 tres
783 2173 980 2214 chordae
970 2186 1007 2211 in
1028 2176 1275 2224 proportione
1294 2185 1537 2215 numerorum
1560 2174 1600 2224 4,
1634 2174 1671 2220 6,
1704 2175 1741 2220 9,
1774 2174 1907 2223 eadem

121 2234 296 2271 censetur
339 2233 536 2288 proportio
569 2230 623 2285 ⁴]ss
661 2244 762 2282 quae
793 2230 867 2284 ⁶s9,
907 2243 983 2270 non
1024 2233 1222 2280 obstante,
1262 2232 1366 2282 quod
1398 2243 1484 2272 cum
1514 2233 1590 2282 ipsi
1621 2232 1794 2278 termini,
1826 2237 1907 2270 turn

123 2290 240 2328 etiam
272 2299 452 2343 excessus
485 2291 509 2327 ‘2
542 2295 580 2342 et
612 2288 892 2340 3‘inaequales
928 2296 1030 2328 sunt.
1090 2290 1135 2328 In
1166 2290 1388 2330 harmonice
1425 2290 1600 2329 similiter
1630 2290 1759 2328 omnia
1789 2291 1908 2329 inter-

121 2346 225 2386 valla
254 2357 395 2385 vocum
425 2343 448 2386 a
479 2347 643 2395 chordis,
676 2360 776 2398 quae
808 2353 897 2386 sunt
914 2347 1088 2397 ejusdem
1108 2350 1380 2397 proportionis,
1413 2349 1649 2388 venientium
1678 2353 1717 2386 et
1745 2358 1907 2386 censen-

122 2412 182 2444 tur
212 2404 410 2455 aequalia-
436 2410 474 2445 et
504 2407 722 2445 scribuntur
751 2408 868 2445 etiam
898 2410 992 2445 nota
1021 2407 1218 2444 numerica
1249 2406 1405 2452 eadem,
1447 2408 1541 2455 quin
1574 2407 1691 2444 etiam
1722 2405 1907 2445 linearum

121 2462 336 2502 intervallis
366 2463 596 2513 aequalibus
626 2465 836 2514 pinguntur
877 2465 914 2501 in
948 2464 1244 2513 diagrammate3
1284 2466 1340 2504 sic
1369 2462 1412 2504 u't
1442 2466 1596 2514 penitus
1633 2462 1908 2502 obliviscamur

120 2521 204 2571 ejus
235 2522 544 2570 inaequalitatis,
587 2534 687 2572 quae
717 2528 774 2561 est
806 2523 903 2561 inter
922 2533 1113 2561 excessus
1144 2521 1380 2562 diversarum
1424 2522 1664 2561 chordarum.
1725 2520 1908 2570 Sequitur

120 2574 248 2629 igitur,
279 2584 322 2618 ut
350 2581 607 2629 proportionis
638 2581 795 2618 minoris
826 2580 1032 2627 intervalla
1052 2581 1201 2618 minora
1232 2580 1416 2626 dicamus,
1450 2580 1606 2630 majoris
1634 2578 1792 2627 majora,
1823 2580 1907 2618 sine

121 2631 296 2688 respectu
327 2637 600 2685 magnitudinis
632 2643 700 2676 aut
729 2640 932 2688 parvitatis
961 2637 1275 2687 respondentium
1306 2641 1484 2689 utrinque
1516 2638 1775 2678 terminorum.

235 2692 308 2734 His
339 2696 455 2745 igitur
486 2695 751 2738 definitionum
793 2695 879 2734 loco
909 2696 1131 2746 praemissis
1171 2707 1272 2734 nunc
1303 2708 1416 2746 porro
1451 2695 1731 2746 dispiciendum
1770 2700 1829 2733 est
1859 2694 1906 2733 de

122 2753 343 2793 differentiis
382 2753 682 2793 intervallorum.
743 2753 942 2792 Hactenus
981 2752 1136 2802 quidem
1173 2757 1441 2803 proportiones
1475 2765 1629 2797 omncs,
1673 2764 1770 2802 quas
1810 2763 1906 2791 con-

120 2823 234 2850 sonas
265 2822 349 2851 esse
382 2811 751 2860 demonstravimus,
791 2824 868 2850 una
897 2811 1144 2860 aequalitatis
1176 2819 1357 2862 excepta,
1399 2824 1468 2863 pro
1498 2811 1657 2851 totidem
1691 2809 1904 2848 intervallis

123 2868 254 2907 itidem
285 2871 465 2909 consonis
497 2875 587 2910 sunt
617 2866 831 2917 habendae,
861 2870 1130 2919 proportiones
1162 2881 1266 2917 vero,
1299 2882 1394 2921 quas
1421 2871 1595 2914 dissonas
1626 2868 1804 2914 diximus,
1836 2879 1904 2916 pro

122 2927 335 2966 intervallis
370 2927 502 2968 itidem
533 2928 712 2968 dissonis.
773 2927 870 2967 Cum
901 2939 991 2966 vero
1023 2928 1122 2965 inter
1153 2928 1310 2967 dissona
1340 2927 1546 2968 intervalla
1576 2938 1718 2976 magna
1747 2927 1798 2964 sit
1829 2925 1905 2963 dif-

122 2985 294 3033 ferentia,
328 2987 382 3024 sic
413 2992 456 3026 ut
485 2998 560 3025 non
593 2992 742 3026 tantum
772 2997 941 3025 consona
970 2991 995 3023 a
1024 2990 1163 3024 natura
1193 2986 1404 3026 doceantur
1438 2985 1477 3024 et
1506 2985 1610 3023 illius
1639 2985 1823 3022 instinctu
1854 2984 1904 3022 ab

123 3041 259 3080 auditu
289 3044 508 3093 probentur,
541 3045 609 3083 scd
641 3046 757 3085 etiam
788 3044 865 3083 alia
894 3045 1043 3091 minora
1071 3043 1277 3083 intervalla
1306 3045 1356 3084 ab
1387 3043 1523 3083 eodem
1553 3054 1668 3081 sensu
1699 3041 1905 3080 stabilian-

123 3106 206 3143 tur,
246 3111 344 3149 quae
374 3101 464 3140 licet
494 3102 652 3143 dissona
682 3104 779 3150 sint,
818 3107 910 3153 apta
939 3106 1067 3140 tamen
1100 3107 1210 3149 sunt,
1248 3114 1317 3152 per
1348 3113 1448 3152 quae
1489 3106 1623 3139 cantus
1654 3099 1901 3138 traducatur:

124 3157 344 3198 harmonice
389 3165 564 3201 naturam
605 3166 738 3201 secuta
777 3172 915 3201 nomen
947 3161 994 3198 iis
1030 3160 1192 3211 imponit
1221 3162 1492 3199 concinnorum
1537 3170 1661 3209 eaque
1704 3157 1902 3206 distinguit
