1994 3276
158 62 211 102 42
219 64 242 102 6
778 63 998 110 Appendicis
1015 64 1316 104 Harmonicorum

158 179 295 230 plenas
325 183 491 231 paginas
525 182 712 222 refundis.
771 181 930 224 Utinam
970 197 1016 225 ex
1053 186 1100 225 iis
1141 186 1310 236 plurima
1346 184 1396 224 ad
1432 185 1649 236 proseptum
1678 173 1844 227 lectoris
1861 183 1942 224 {do-

158 250 332 289 promere
363 245 402 278 et
432 240 624 291 explicare
655 243 812 292 possim.

144 343 148 348 ¹
272 297 441 337 Primum
467 297 698 349 jactantiam
729 301 822 340 mihi
855 303 1084 352 exprobras,
1116 308 1159 342 ut
1189 303 1428 354 plerumque.
1484 301 1575 341 Non
1605 306 1763 349 metuo,
1780 304 1838 340 ut
1865 299 1942 340 hoc

158 354 289 394 credat
334 356 466 397 lector.
539 358 684 397 Versor
728 360 768 397 in
807 371 860 401 eo
904 361 1158 410 instituendo,
1204 361 1424 404 discrimina
1459 360 1650 400 librorum
1692 358 1945 411 proponenda

121 414 124 418 '
155 413 320 463 suerunt,
354 427 518 464 quorum
548 404 622 455 hoc
652 429 728 468 non
759 422 818 457 est
846 425 1094 468 postremum.
1155 420 1353 469 Rogatus,
1385 418 1478 469 quid
1508 419 1677 467 intersit,
1707 415 1938 468 respondeo,

156 471 263 511 aliud
293 473 387 511 mihi
418 486 504 514 esse
534 476 764 523 institutum,
795 476 900 515 aliud
933 478 1024 527 tibi;
1056 483 1095 517 te
1126 492 1148 517 a
1170 479 1366 517 veteribus
1396 482 1667 524 transsumere,
1698 476 1942 515 transsumtis

156 531 234 579 uti,
279 543 339 571 me
372 532 525 582 videi-e,
568 545 618 573 ne
648 534 742 584 quid
771 540 924 584 praeter
953 541 1130 576 naturam
1160 540 1467 584 transsumatur;
1511 539 1559 574 te-
1578 535 1628 575 de
1652 534 1828 574 confusis
1855 544 1942 573 >non

156 590 363 638 cogitasse,
395 602 456 630 me
482 593 646 642 insuper
673 597 716 632 et
747 592 950 643 disponere
982 595 1164 633 voluisse.
1227 594 1380 644 Quibus
1403 594 1539 633 verbis
1568 594 1683 633 simul
1714 603 1830 632 causa
1858 591 1941 631 lec-

154 648 304 686 toribus
333 650 568 699 insinuatur‚
610 662 677 690 cur
706 652 818 690 nobis
849 664 925 691 non
956 665 1024 703 per
1056 654 1187 692 omnia
1218 653 1448 701 conveniat3
1491 652 1566 690 h'oc
1596 663 1752 723 quoqne
1790 662 1839 689 ex
1863 661 1941 689 usu

152 705 318 745 lectoris.
904 737 906 739 >

268 765 420 806 Deinde
452 768 669 816 quiritariS,
699 779 761 806 me
791 773 958 816 tentare,
1001 775 1108 808 tuam
1138 770 1398 819 ignorantiam
1427 772 1545 817 ataine
1574 769 1768 808 inscitiam
1797 766 1941 806 mundo

154 822 370 874 propalare.
433 824 554 863 Plane
585 825 730 864 falleris
762 831 828 865 aut
857 827 973 866 fallis.
1034 828 1140 877 Ego,
1187 832 1231 865 ut
1261 827 1358 874 dixi,
1402 838 1490 866 mea
1520 838 1608 866 cum
1636 827 1714 865 nnis
1740 837 1940 876 comparo,

155 887 197 920 ut
228 883 410 921 lectorem
442 884 636 932 erudiam,
672 895 794 934 quem
825 887 904 925 scio
944 898 992 925 ex
1022 888 1263 935 iynorantia
1302 891 1339 924 et
1367 886 1526 924 inscitia
1565 885 1796 934 cujusquam
1836 884 1941 922 haud

155 940 366 990 quidquam
398 941 592 992 proficere.
655 942 807 992 Pergis,
841 956 900 983 me
934 944 1029 982 nihil
1060 945 1228 983 tribuere
1261 945 1438 994 propriae
1481 949 1573 982 tuae
1610 944 1838 982 inventioni.
1899 941 1941 980 Si

154 1004 343 1039 attentum
373 1000 496 1040 habes
527 1003 697 1040 animum
727 1001 777 1040 ad
807 1013 881 1047 res,
915 1002 961 1041 de
993 1003 1134 1052 quibus
1163 1002 1239 1041 hoc
1269 1007 1376 1042 textu
1396 1013 1483 1052 ago,
1514 1002 1696 1041 fateberis
1725 1000 1766 1039 id
1799 1002 1940 1051 ipsum.

155 1058 232 1095 Cur
263 1069 353 1108 ergo
385 1058 525 1097 falsum
557 1072 629 1109 ego
663 1059 710 1098 de
740 1065 778 1099 te
811 1061 1006 1100 dicerem?
1067 1060 1284 1109 Quaeritur,
1317 1073 1414 1110 quas
1444 1065 1488 1098 ιιι
1513 1059 1649 1099 tradas
1673 1061 1941 1110 proportiones

153 1116 428 1156 harmonicas?
479 1119 620 1167 quibus
663 1121 831 1158 numeris
880 1119 1208 1170 comprehensas?
1258 1119 1350 1168 quid
1393 1119 1464 1157 tibi
1499 1118 1660 1157 tonus?
1694 1117 1790 1168 quid
1822 1119 1941 1157 semi-

152 1175 330 1214 tonium?
390 1175 500 1215 Haec
530 1181 570 1214 tu
602 1177 732 1215 omnia
761 1190 785 1216 a
816 1179 1023 1225 veteribus,
1057 1189 1142 1228 ego,
1174 1182 1370 1227 utcunque
1390 1178 1636 1215 inveniantur
1660 1176 1796 1226 aliqua
1821 1177 1941 1214 etiam

152 1233 256 1282 apud
288 1238 451 1282 veteres,
482 1246 559 1273 non
591 1239 719 1273 tamen
752 1241 795 1274 ut
826 1248 849 1274 a
880 1237 1078 1275 veteribus
1109 1242 1346 1284 transsumo,
1386 1235 1454 1274 sed
1485 1231 1739 1274 dissimulatis
1767 1236 1940 1273 auetori-

152 1292 224 1330 bus
270 1293 321 1331 ab
367 1294 461 1342 ipsis
505 1292 765 1332 fundamentis
809 1306 914 1333 eruo.
974 1294 1035 1332 Tu
1071 1294 1273 1333 reluctaris
1317 1299 1356 1333 et
1389 1305 1496 1343 *quae
1536 1294 1732 1334 inveneris
1776 1291 1939 1333 indicas.

153 1349 354 1399 Quaenam
385 1350 483 1390 illa?
545 1352 872 1402 Hieroglyphicae
909 1354 1096 1403 picturae.
1158 1353 1211 1391 At
1241 1353 1304 1390 hic
1334 1353 1470 1399 vince,
1516 1363 1578 1390 me
1613 1363 1690 1390 non
1725 1355 1938 1400 pugnante,

151 1420 227 1447 non
268 1414 350 1448 erat
388 1409 483 1447 mihi
513 1410 576 1448 hic
605 1422 730 1449 sermo
771 1412 844 1449 nisi
886 1411 943 1450 de·
970 1410 1274 1451 intervallorum
1293 1410 1618 1461 proportionibus.
1678 1409 1761 1448 Nec
1797 1409 1937 1459 probro

151 1467 220 1505 tibi
248 1467 336 1506 dedi
366 1469 478 1518 sequi
508 1473 679 1516 veteres,
724 1474 893 1507 errantes
923 1469 1036 1518 licet,
1077 1469 1284 1508 dummodo
1324 1469 1399 1508 hoc
1429 1473 1466 1507 te
1497 1468 1630 1510 lateat.
1688 1467 1774 1506 Non
1808 1469 1938 1507 omnia

154 1526 297 1575 ubique
327 1537 399 1565 nec
425 1531 514 1565 sunt
545 1526 748 1566 tractanda
777 1539 849 1567 nec
878 1534 1042 1577 possunt
1073 1529 1242 1566 tractari.

264 1584 372 1622 Petis
401 1587 642 1624 instantiam
680 1588 978 1629 incorr-cationis
1015 1592 1052 1625 et
1080 1585 1354 1636 confusionis?
1383 1603 1385 1605 ·
1410 1585 1529 1624 Ecce:
1571 1584 1820 1622 semitonium
1848 1594 1936 1623 eum

150 1642 314 1682 Platone
346 1642 482 1682 definis
513 1643 705 1683 ordinarie
722 1646 894 1683 numeris
916 1641 1076 1699 ’433β256.
1136 1644 1223 1683 Hoc
1243 1646 1507 1683 incorrectum.
1564 1636 1654 1680 Non
1676 1641 1816 1680 dantur
1834 1643 1937 1680 enim

152 1701 228 1739 duo
260 1702 339 1742 toni
371 1702 537 1751 maj0res
569 1702 770 1752 deinceps,
812 1707 855 1740 ut
885 1714 1018 1741 eorum
1050 1715 1199 1741 summa
1230 1700 1322 1757 ⁶¹75,
1366 1702 1563 1741 subtracta
1592 1712 1616 1739 a
1649 1697 1704 1755 ³s4
1744 1699 1937 1750 relinquat

150 1757 207 1785 ’334
192 1757 308 1814 3βῖ56.
370 1760 419 1798 Ει
448 1760 523 1798 hoc
551 1761 632 1809 jam
665 1765 747 1799 esto
779 1761 1016 1800 confusionis
1048 1761 1280 1811 exemplum,
1311 1759 1415 1810 quod
1447 1765 1561 1798 tonos
1591 1769 1679 1797 cum
1707 1757 1935 1797 Ptolemaeo

151 1818 249 1856 duos
281 1818 400 1856 habes
431 1815 488 1873 Sl„
521 1824 560 1859 et
590 1814 665 1873 ‘'Jm
706 1820 838 1868 eisque
869 1819 980 1858 addis
1012 1821 1257 1859 semitonium
1290 1815 1446 1872 “·43]«,56.
1508 1817 1627 1866 Atqui
1664 1816 1700 1854 'si
1716 1818 1821 1855 sunt
1858 1816 1935 1855 duo

147 1877 229 1914 toni
260 1876 452 1926 deinceps,
483 1876 579 1915 alter
609 1873 678 1930 sss,
710 1877 808 1915 alter
830 1874 877 1931 ⁹s1
866 1907 922 1931 16,
954 1890 1104 1916 summa
1125 1875 1200 1932 ssu,
1235 1877 1297 1917 vel
1319 1874 1356 1899 '⁰⁸‘-
1343 1874 1415 1930 ²s40
1446 1875 1579 1914 ablata
1609 1887 1632 1913 a
1656 1871 1710 1930 ³s4
1732 1874 1794 1913 vel
1818 1871 1933 1928 ³⁰s40,

148 1933 333 1983 relinquit
376 1936 622 1973 semitonium
665 1930 777 1988 34762,
821 1935 859 1973 id
902 1942 961 1974 est
998 1933 1110 1991 ¹⁵sffi.
1171 1937 1240 1987 Est
1287 1937 1419 1984 itaque
1450 1934 1649 1973 confusum
1688 1932 1934 1970 semitonium

149 1992 325 2030 Platonis
367 2004 454 2031 cum
493 1994 594 2031 tonis
626 1992 853 2032 Ptolemaei.
914 1993 1029 2032 Talia
1072 1994 1184 2044 plura
1224 1985 1446 2042 occurrunt,
1490 2003 1565 2030 non
1608 1990 1694 2030 ideo
1724 1989 1934 2041 reprehen-

150 2050 275 2090 denda
305 2052 343 2088 in
374 2056 605 2100 usurpante,
637 2053 669 2089 si
701 2053 940 2101 propositum
971 2053 1005 2090 ei
1037 2052 1168 2098 suerit,
1200 2054 1310 2101 sequi
1341 2055 1510 2098 veteres,
1542 2054 1584 2087 at
1615 2048 1792 2088 cavenda
1820 2060 1846 2090 a·
1874 2048 1933 2086 le-

147 2114 272 2159 gente,
305 2111 337 2146 si
356 2109 541 2164 ,ladspirat
571 2109 621 2147 ad
652 2109 897 2148 emendatam
927 2110 1167 2148 harmonices
1199 2111 1478 2159 cognitionem,
1517 2118 1638 2157 qnare
1673 2112 1720 2146 et
1741 2106 1934 2146 monenda

148 2180 172 2205 a
202 2167 375 2214 docente,
407 2169 440 2206 si
471 2166 556 2205 vult
585 2167 712 2206 officio
743 2168 895 2206 functus
924 2167 1060 2207 -videri,
1121 2168 1207 2205 Non
1238 2168 1371 2206 haeret
1401 2168 1519 2215 igitur
1554 2167 1592 2202 in
1623 2177 1685 2204 me
1715 2165 1949 2218 conjectum·

147 2226 326 2265 invidiae
357 2227 529 2264 caninae
560 2225 760 2276 probrum,
799 2237 871 2264 nec
900 2226 1042 2275 probas
1074 2227 1237 2273 crimen,
1281 2225 1384 2274 qnod
1413 2226 1601 2271 intentas,
1633 2225 1808 2262 accusari
1835 2228 1878 2262 <te
1908 2236 1933 2262 a

147 2296 208 2322 me
239 2295 309 2334 pro
340 2285 555 2324 imitatione
587 2284 811 2333 opinionum
842 2283 1017 2326 aliorum.
1043 2316 1045 2318 .
1077 2284 1178 2322 Nam
1209 2295 1282 2332 ego
1312 2283 1415 2321 mihi.
1436 2282 1543 2321 laudi
1574 2281 1687 2329 duco,
1716 2283 1829 2331 sequi
1859 2292 1933 2320 ve·-

146 2349 245 2380 teres
277 2354 354 2381 non
386 2346 568 2388 errantes,
600 2347 638 2380 et
670 2342 842 2391 gratulor
861 2342 1054 2380 humanae
1075 2342 1263 2391 felicitati,
1294 2342 1445 2390 quoties
1474 2340 1514 2378 id
1533 2351 1648 2390 posse
1670 2339 1765 2378 mihi
1786 2339 1932 2386 videor,

147 2400 326 2450 idemque
367 2402 519 2450 quoties
557 2400 632 2440 hoc
661 2412 737 2439 non
768 2412 946 2450 possum,
990 2399 1152 2439 desertis
1182 2400 1379 2437 veteribus
1417 2398 1467 2437 ad
1498 2403 1674 2437 naturam
1705 2398 1930 2447 trandugio.

145 2459 274 2496 Nulla
292 2458 355 2498 hic
385 2461 668 2506 inconstantia,
699 2471 787 2497 nam
819 2464 981 2508 utraque
1013 2461 1077 2496 via
1108 2462 1328 2527 constanter
1361 2457 1408 2495 ad
1432 2459 1632 2496 veritatem
1652 2455 1811 2496 tendere
1837 2466 1930 2507 pro-

146 2516 507 2624 Ροεηᾚξηιξιὲἒξῖεῑε
538 2575 656 2623 igitur
686 2579 724 2612 et
743 2573 899 2613 Boethii
932 2573 1136 2612 intervalla
1169 2572 1270 2622 quod
1293 2574 1388 2611 meis
1409 2573 1592 2622 praefers,
1621 2583 1699 2611 non
1729 2576 1820 2611 ante
1842 2582 1933 2622 per-

147 2632 300 2680 suades,
333 2645 448 2681 quam
481 2632 634 2682 objecta
664 2631 739 2669 illis
770 2644 793 2668 a
823 2643 883 2669 me
916 2632 1129 2677 dissolvas,
1163 2642 1249 2669 mea
1279 2630 1519 2669 firmamenta
1539 2629 1785 2676 demoliaris,
1812 2629 1931 2679 idque

147 2691 278 2728 verbis
310 2695 348 2728 et
378 2690 722 2739 diagrammatibus
752 2690 1039 2739 quantitativis3
1083 2690 1202 2727 nimio
1234 2691 1335 2727 enim
1365 2689 1459 2727 mihi
1489 2689 1700 2735 constabit,
1742 2698 1833 2726 cum*¹
1857 2699 1930 2726 ve-

146 2749 233 2786 stris
271 2749 485 2798 sapientiae
526 2748 615 2786 filiis
656 2753 761 2786 trans
797 2758 906 2785 mare>
941 2758 1109 2793 currere,
1154 2754 1197 2786 ut
1226 2747 1323 2785 haec
1353 2747 1424 2786 abs
1455 2751 1494 2785 te
1532 2751 1714 2785 oretenus
1751 2745 1827 2783 sub
1853 2744 1928 2783 fide

146 2805 287 2844 silentii
328 2806 503 2844 hauriam
520 2806 694 2854 tuisque
733 2806 1016 2854 aenigmatibus
1056 2810 1362 2854 repraesentata,
1406 2806 1463 2843 tui
1504 2804 1634 2854 templi
1673 2804 1823 2854 pictura
1858 2814 1928 2840 ex-

148 2875 301 2912 pressa,
333 2864 559 2913 intelligam.

262 2921 575 2966 Consentaneum
605 2921 715 2960 dictis
746 2925 823 2969 est,
863 2925 906 2958 ut
937 2892 1007 2957 tibi
1037 2931 1110 2968 ego
1141 2921 1285 2969 gratias
1315 2931 1449 2969 agam,
1493 2919 1583 2959 loca
1609 2919 1848 2968 conquirenti
1879 2929 1928 2956 ex

146 2977 252 3015 libris
283 2981 398 3027 meis,
439 2980 506 3018 ubi
536 2985 686 3018 veteres
717 2990 789 3027 ego
819 2989 905 3019 sum
934 2978 1126 3024 imitatus,
1169 2979 1242 3016 etsi
1279 2980 1420 3018 rectius
1457 2978 1497 3016 id
1529 2988 1601 3027 ego
1640 2979 1721 3027 ipse
1750 2975 1925 3014 fecissem

149 3036 319 3084 citraque
356 3037 670 3077 hallucinationis
704 3035 928 3088 periculum.
990 3034 1254 3085 Quaecunque
1283 3040 1414 3075 tamen
1453 3035 1521 3089 hic
1554 3040 1598 3074 tu
1635 3034 1830 3082 congeris,
1875 3033 1925 3072 ad
