1994 3276
83 129 85 131 Ι
147 81 228 118 432
769 75 988 122 Appendicis
1012 77 1308 114 Harmonicorum

145 195 242 234 haec
273 195 446 234 efficacia
475 196 516 233 in
544 199 722 234 naturam
752 195 1000 236 sublunarem
1030 196 1187 246 majoris
1216 202 1277 237 est
1299 186 1452 247 operae,
1483 209 1599 247 quam
1620 209 1722 248 quae
1752 211 1777 237 a
1806 209 1938 238 crasso

146 256 246 302 aere,
279 265 393 303 quem
424 259 502 291 tam
532 253 647 293 facile
677 253 917 293 excludimus
948 255 998 294 ab
1029 255 1229 304 inanibus,
1261 257 1451 307 praestari
1481 257 1614 307 possit.

262 310 383 360 Unde,
413 312 557 362 pergis,
599 313 658 350 vis
689 311 947 351 radiationum
978 319 1035 351 est
1066 315 1104 350 in
1137 313 1258 353 a'e‘re‘?
1317 312 1430 353 Unde
1461 315 1590 364 inquis
1620 314 1778 353 inesse?
1836 314 1939 354 Num

149 382 196 408 ex
226 381 286 419 eo,
318 370 422 420 quod
452 370 633 421 planetae
665 370 851 410 coelestes
882 373 1050 410 animam
1081 384 1105 410 a
1130 371 1222 411 Sole
1254 372 1480 422 accipiunt?
1538 371 1586 410 Id
1615 374 1717 412 enim
1747 377 1837 412 ante
1865 373 1940 412 hoc

144 428 252 481 unde
282 429 423 479 legitur
452 431 491 466 in
523 434 591 467 tua
621 431 804 468 oratione„
867 429 989 479 Atqui
1019 429 1115 467 nihil
1146 442 1244 482 opus
1278 432 1338 469 e‘st
1366 430 1535 481 planetis
1565 432 1714 479 anima,
1758 442 1838 481 qua
1865 443 1939 471 ne-

145 487 318 536 gotiante
349 487 608 526 radiationum
638 489 676 525 in
707 487 826 526 Terra
855 488 1105 526 formatarum
1135 490 1196 527 vis
1227 490 1361 527 veniat
1398 490 1436 526 in
1471 491 1611 528 aerem.
1672 489 1772 533 Nam
1801 489 1837 527 si
1864 489 1939 528 hoc

145 550 258 593 esset,
290 545 359 583 illa
388 545 632 595 planetarum
663 547 796 584 anima
825 557 912 584 cum
941 545 1221 585 radiationibus
1252 548 1346 597 ipsis
1378 548 1449 585 iter
1485 547 1644 587 haberet
1673 541 1937 587 necessarium

155 604 191 640 in
227 603 366 642 Terras
406 615 544 654 usque.
604 604 727 653 Atqui
758 604 834 642 hoc
875 604 954 642 ficri
987 616 1062 642 non
1099 610 1238 655 potest.
1299 605 1418 643 Nulla
1449 607 1549 645 enim
1591 611 1646 645 est
1684 608 1744 644 vis
1774 608 1819 644 in
1848 609 1941 645 αέα-ο

152 662 456 711 radiationum‚
487 663 562 700 nisi
593 661 749 712 quando
780 664 1014 711 geometrica
1043 662 1177 713 aliqua
1208 664 1454 702 conformitas
1498 665 1536 702 in
1568 671 1728 714 aspectu
1751 675 1839 703 *seu
1869 676 1942 702 an-

150 720 243 770 gulo
277 720 455 759 binarum
491 720 752 759 radiationum
792 726 851 759 est
887 721 1109 771 spectanda.
1169 721 1387 760 Hoc·ver0
1434 723 1520 772 quis
1550 723 1813 761 internuncius
1851 722 1940 762 hinc

144 791 168 816 a
200 773 327 817 Terris
358 790 482 828 usque
513 778 563 817 ad
593 778 803 818 Saturnum
836 784 873 817 et
903 778 1047 818 Jovem
1078 779 1241 825 indicet,
1280 785 1322 818 ut
1352 780 1442 818 inde
1473 781 1623 819 animas
1655 780 1718 819 vel
1747 780 1938 831 cujusque

146 849 269 885 suam,
302 836 365 876 vel
396 838 596 887 utriusque
626 849 869 876 communem
899 838 937 875 in
969 837 1108 876 Terras
1141 838 1319 887 deducat,
1354 844 1397 876 ut
1427 838 1490 877 hic
1519 838 1587 877 illa
1617 840 1698 877 vim
1730 841 1817 878 aare*
1845 850 1939 879 con-

151 895 255 934 ciliet
284 907 482 945 praesens.
542 896 698 934 Dixeris
728 898 872 947 potius,
902 895 1030 934 lumen
1062 898 1190 946 ipsum
1219 897 1480 946 planetarum,
1518 909 1566 936 ex
1596 908 1677 946 quo
1705 896 1938 936 radiationes

145 959 334 1003 constant,
367 954 467 993 hanc
499 965 583 992 esse
614 955 804 1003 animam,
836 955 937 992 sicut
968 960 1082 993 antea
1113 960 1287 994 nostrum
1316 955 1419 994 hunc
1449 958 1578 994 ae‘rem
1607 956 1732 994 fecisti
1762 956 1941 1006 spiritum

145 1014 298 1051 animae
329 1012 474 1052 mundi.
533 1012 633 1052 Mihi
665 1015 794 1051 omnia
824 1012 1036 1052 succedunt
1065 1013 1229 1062 facilius,
1261 1012 1485 1053 facultatem
1507 1010 1677 1063 aliquam
1698 1014 1938 1063 spiritualem

145 1071 182 1107 in
215 1070 333 1110 Terra
363 1071 533 1122 ponenti.

261 1129 403 1169 Terrae
436 1131 605 1168 animam
643 1129 738 1168 dicis
777 1131 908 1180 potius
940 1141 1024 1169 esse
1064 1131 1113 1168 ab
1153 1133 1241 1169 ae‘re
1279 1134 1318 1169 et
1360 1131 1401 1168 in
1442 1133 1554 1182 aere,
1596 1141 1714 1180 quam
1759 1134 1802 1168 ut
1831 1131 1932 1169 aeris

145 1192 273 1226 motus
305 1200 329 1226 a
358 1187 500 1226 Terrae
531 1190 660 1226 anima
688 1188 910 1237 procedant.
970 1188 1056 1227 Non
1074 1200 1216 1238 pugno,
1250 1190 1341 1238 quin
1362 1189 1440 1227 imo
1471 1190 1527 1227 sic
1556 1184 1711 1238 publice
1739 1188 1932 1239 profiteor,

145 1246 269 1294 hanc,
311 1258 428 1296 quam
459 1246 567 1295 dico,
606 1246 748 1285 Terrae
779 1246 1026 1295 facultatem,
1072 1246 1250 1286 animalis
1281 1247 1464 1296 similem,
1505 1258 1574 1296 per
1604 1247 1773 1296 speciem
1804 1244 1935 1297 egredi

147 1306 263 1343 etiam
294 1306 332 1342 in
363 1308 491 1344 aerem
523 1306 793 1343 circumfusum
833 1306 964 1355 ibique
995 1317 1064 1355 pro
1095 1317 1135 1343 re
1165 1309 1258 1343 nata
1296 1308 1452 1355 gignere
1483 1304 1673 1354 bruchos,
1716 1305 1869 1344 cicadas
1899 1310 1937 1344 et

146 1360 224 1401 alia
253 1363 411 1402 insecta.
472 1363 526 1401 At
563 1364 812 1413 praecipuam
851 1363 908 1401 illi
947 1363 1078 1402 sedem
1110 1365 1147 1400 in
1179 1366 1266 1402 aere
1309 1375 1471 1413 ponere,
1521 1373 1704 1402 excursus
1741 1360 1867 1402 solum
1898 1365 1938 1401 in

146 1421 265 1460 Terra
297 1420 526 1470 concedere,
574 1422 648 1460 hoc
677 1421 837 1471 perinde
868 1421 962 1459 mihi
992 1421 1167 1470 videtur,
1208 1433 1254 1460 ac
1284 1424 1317 1460 si
1349 1424 1434 1472 quis
1464 1422 1617 1461 animae
1647 1421 1786 1460 saltem
1815 1433 1939 1471 vege-

145 1480 264 1518 tantis
295 1480 332 1517 in
363 1480 518 1518 homine
549 1479 680 1518 sedem
708 1481 957 1531 praecipuam
988 1480 1132 1518 diceret
1164 1491 1327 1530 vapores
1358 1480 1446 1518 illos
1478 1491 1525 1518 ex
1545 1491 1704 1531 corpore
1735 1481 1939 1531 exspiran-
1990 1484 1994 1487 “

146 1543 204 1576 tes
235 1538 353 1587 inque
384 1538 547 1576 sinubus
579 1540 747 1588 corporis
779 1538 1002 1587 haerentes,
1035 1539 1103 1576 ubi
1133 1538 1334 1587 pediculos
1367 1543 1404 1577 et
1433 1537 1575 1576 similia
1604 1539 1739 1588 gignit.

264 1595 422 1646 Pergis:
472 1598 538 1635 ae‘r
577 1598 698 1634 vitam
737 1595 803 1635 dat
843 1598 954 1647 aquis
998 1602 1036 1639 et
1065 1602 1208 1644 terrae,
1253 1602 1291 1635 et
1321 1597 1497 1639 omnibus
1540 1597 1664 1635 exiis
1699 1596 1965 1646 compositis.-

149 1654 279 1693 Velim
310 1657 418 1703 scire,
450 1667 540 1692 num
571 1659 699 1694 tecum
730 1660 830 1693 stare
863 1655 1074 1693 contendas
1105 1654 1382 1694 Aristotelem?
1441 1654 1518 1693 Hic
1538 1653 1694 1704 quidem
1713 1656 1842 1693 omnia
1862 1655 1939 1693 ista

149 1712 271 1751 calori
302 1712 404 1752 Solis
434 1714 586 1761 tribuit,
627 1716 693 1751 aer
733 1713 790 1750 illi
820 1714 917 1752 inter
947 1715 1202 1752 instrumenta
1231 1718 1302 1752 est.
1362 1713 1411 1751 Et
1449 1725 1566 1762 quam
1605 1717 1648 1751 tu
1678 1712 1774 1751 dicis
1815 1714 1936 1751 vitam

152 1773 190 1809 in
223 1773 334 1821 aquis
366 1776 404 1810 et
434 1771 575 1810 terris?
635 1771 770 1810 Nonne
801 1774 926 1822 pisces
957 1773 1087 1810 innuis
1118 1771 1211 1820 illic,
1243 1771 1306 1810 hic
1326 1770 1512 1823 plantas?
1572 1770 1655 1821 Ego
1676 1782 1770 1810 vcro
1801 1781 1937 1810 vocem

150 1829 242 1868 olim
275 1830 479 1868 obscuram
510 1842 534 1868 a
564 1829 749 1879 chymicis
781 1832 857 1868 tuis
887 1831 1025 1879 hausi,
1058 1829 1161 1886 Solis
1183 1841 1267 1868 esse
1289 1829 1541 1878 beneficium,
1573 1840 1647 1868 non
1679 1829 1800 1876 ae'ris,
1833 1828 1938 1878 quod

147 1899 253 1926 mare
284 1892 433 1927 scateat
461 1890 662 1936 monstris,
708 1888 810 1938 quod
843 1894 943 1927 terra
967 1890 1123 1940 plantas
1166 1888 1247 1927 sine
1278 1889 1443 1936 semine,
1492 1886 1595 1936 quod
1624 1887 1788 1936 lacuna,
1814 1886 1936 1926 'Solis

149 1945 350 1984 ardoribus
380 1947 590 1996 tepefacta,
630 1958 757 1984 mures
788 1947 988 1996 producat.
1049 1946 1254 1996 Quomodo
1286 1948 1406 1985 vitam
1437 1945 1522 1984 aliis
1555 1945 1661 1983 dabit
1691 1947 1779 1992 aer,
1818 1956 1934 1994 quam

146 2015 224 2043 non
254 2004 371 2043 habet
402 2005 511 2055 ipse?
572 2004 656 2042 Nisi
696 2011 736 2042 tu
769 2005 840 2043 sub
882 2007 980 2044 aeris
1012 2017 1109 2043 voce
1149 2005 1262 2043 nobis
1300 2005 1498 2054 quippiam
1538 2002 1708 2041 divinius
1739 2003 1934 2052 obtrudas,

149 2074 266 2113 quam
297 2067 354 2101 est
384 2063 456 2100 iste
487 2073 558 2101 nos
589 2063 854 2110 circumstans,
887 2075 933 2101 ex
963 2063 1188 2102 humoribus
1219 2068 1448 2101 extenuatus
1481 2072 1613 2112 vapor.
1673 2060 1775 2110 Scio,
1808 2062 1936 2111 pisces

146 2124 275 2160 aerem
307 2122 502 2160 continere
532 2122 571 2158 in
602 2122 797 2170 geminata
827 2123 970 2170 vesica,
1001 2121 1070 2159 sed
1101 2133 1200 2170 quae
1232 2120 1307 2158 illis
1338 2122 1629 2157 instrumentum
1651 2124 1710 2157 est
1740 2123 1868 2158 motus
1897 2125 1936 2158 et

148 2181 312 2230 quietis,
355 2183 394 2218 et
424 2178 626 2228 cujusdam
659 2180 770 2228 quasi
801 2181 1064 2230 suspensionis
1095 2178 1282 2216 naturalis
1314 2190 1361 2217 ex
1390 2189 1515 2227 aquae
1546 2177 1768 2228 superficie3
1804 2179 1935 2227 itaque

146 2243 267 2276 restat
297 2239 345 2276 iis
376 2238 438 2275 hic
468 2239 534 2276 ae'r
563 2239 703 2276 vesicis
734 2237 904 2285 inclusis,
939 2239 1052 2276 etiarn
1085 2249 1171 2275 cum
1192 2238 1321 2274 anima
1342 2237 1506 2275 excessit
1527 2241 1744 2285 corpusque
1760 2237 1934 2275 exanime

148 2295 338 2347 dependet
371 2295 454 2345 jam
483 2308 507 2333 a
538 2300 693 2343 ventre,
735 2296 801 2344 qui
832 2297 1003 2334 vesicam
1043 2295 1143 2333 hanc
1173 2296 1366 2342 continet,
1409 2302 1495 2332 cum
1526 2295 1632 2344 prius
1674 2293 1713 2332 id
1745 2293 1932 2333 beneficio

146 2357 296 2393 animae
338 2356 524 2393 niteretur
563 2354 787 2392 incumbens
832 2355 956 2392 ventri
997 2358 1035 2392 et
1064 2357 1324 2391 sustentatum
1362 2352 1411 2390 ab
1444 2363 1501 2390 eo.
1564 2351 1673 2390 Adeo
1716 2351 1841 2391 differt
1870 2352 1933 2389 in-

149 2417 403 2451 strumentum
433 2424 457 2450 a
486 2417 653 2460 motore,
698 2414 764 2451 a'e‘r
804 2413 853 2450 ab
885 2414 1024 2451 anima.
1085 2411 1173 2450 Scio
1216 2413 1351 2458 etiam,
1391 2409 1580 2448 animalia
1614 2409 1807 2455 beneficio,
1833 2411 1933 2448 aeris

149 2473 316 2509 animam
347 2471 520 2519 retinere,
553 2470 760 2509 intercluso
791 2470 858 2508 illo
891 2472 1103 2521 exspirare3
1134 2480 1211 2507 non
1241 2474 1299 2508 est
1329 2474 1457 2506 tamen
1490 2471 1555 2507 ae‘r
1573 2469 1703 2506 anima
1733 2468 1829 2518 ipsa,
1861 2479 1932 2506 nec

154 2531 273 2567 vitam
305 2528 372 2572 dat
400 2530 621 2578 inspiratus,
653 2528 721 2566 sed
754 2528 916 2567 ventilat
947 2529 1139 2567 flammam
1161 2528 1265 2566 vitae
1296 2528 1332 2564 in
1359 2526 1484 2565 cordis
1506 2527 1664 2565 latebris
1694 2525 1932 2575 flagrantem,

150 2593 335 2637 vetatque
365 2598 412 2625 ne
444 2586 510 2624 illa
541 2598 582 2625 se
612 2587 738 2637 ipsam
768 2591 904 2635 suapte
934 2587 1095 2635 fuligine
1126 2585 1300 2634 suffocet,
1333 2586 1561 2623 suffocatam
1593 2589 1660 2622 aut
1690 2595 1765 2622 non
1792 2583 1933 2623 arden-

147 2650 223 2684 tem
245 2647 327 2696 ipse
348 2656 546 2694 nunquam
576 2644 675 2682 ultro
706 2644 894 2693 incendit3
938 2644 1058 2682 multo
1088 2645 1213 2681 minus
1245 2644 1327 2681 vita
1356 2644 1437 2693 ipse
1459 2648 1516 2681 est
1546 2647 1613 2681 aut
1634 2642 1789 2691 abipso
1811 2646 1931 2680 cocta.

148 2704 207 2742 De
238 2704 379 2755 plantis
409 2702 505 2740 nihil
536 2702 660 2741 simile
693 2702 768 2740 dici
797 2706 944 2751 potest3
980 2701 1106 2739 nullas
1137 2702 1198 2739 hie
1229 2702 1333 2739 vitae
1364 2707 1491 2751 partes
1522 2705 1650 2739 tuetur
1679 2703 1762 2748 ae'r,
1808 2711 1856 2738 ne
1885 2703 1929 2737 ut

149 2763 443 2800 instrumentum
464 2760 640 2810 quidem3
671 2761 744 2798 nisi
776 2761 1021 2809 inquantum
1043 2760 1122 2808 igni
1145 2764 1183 2797 et
1200 2759 1377 2798 flammae
1399 2758 1559 2796 similior
1584 2762 1643 2796 est
1663 2759 1744 2796 vita
1764 2757 1929 2808 plantae,

150 2831 266 2868 quam
296 2820 394 2868 ae‘ri,
429 2824 466 2857 et
497 2823 624 2858 tamen
658 2817 866 2857 secundum
897 2822 935 2856 te
965 2820 1030 2855 aer
1061 2819 1175 2855 etiam
1205 2818 1347 2856 Terrae
1380 2819 1499 2855 vitam
1531 2816 1609 2855 dat.

264 2877 406 2915 Mirum
438 2876 626 2927 equidem,
659 2877 799 2915 Terrae
830 2881 872 2914 tu
903 2875 971 2914 das
1003 2875 1135 2921 vitam,
1172 2887 1298 2925 neque
1329 2886 1390 2914 me
1420 2875 1562 2926 pateris
1593 2872 1716 2912 eidem
1747 2871 1930 2920 inspirare

153 2945 261 2972 suam
294 2937 479 2983 animam,
512 2947 590 2984 qua
621 2937 740 2974 vivat.

267 2995 381 3031 Ae‘ris
409 2998 540 3032 motus
569 3006 596 3031 a
633 2993 778 3031 Terrae
802 2990 1013 3041 procedere
1043 2993 1205 3040 anima,
1248 2991 1321 3029 hoc
1343 2994 1401 3029 est
1430 2987 1547 3039 paulo
1577 2987 1738 3026 alienius
1768 2986 1929 3024 verbum

153 3061 177 3088 a
206 3062 292 3089 mea
320 3050 587 3102 philosophia.
641 3051 807 3100 Propius
837 3061 929 3089 vero
960 3053 1018 3088 est
1049 3048 1193 3095 dicere,
1224 3051 1351 3100 aerem
1381 3048 1488 3097 gigni
1521 3047 1571 3085 ab
1602 3046 1733 3084 anima
1762 3043 1925 3096 Terrae,
