<?xml version="1.0" encoding="UTF-8"?>
<!DOCTYPE html PUBLIC "-//W3C//DTD XHTML 1.0 Transitional//EN"
    "http://www.w3.org/TR/xhtml1/DTD/xhtml1-transitional.dtd">
<html xmlns="http://www.w3.org/1999/xhtml" xml:lang="en" lang="en">
 <head>
  <title>
</title>
<meta http-equiv="Content-Type" content="text/html;charset=utf-8" />
  <meta name='ocr-system' content='tesseract 3.04.00' />
  <meta name='ocr-capabilities' content='ocr_page ocr_carea ocr_par ocr_line ocrx_word'/>
</head>
<body>
  <div class='ocr_page' id='page_1' title='image "./operaomniaedidit05kepluoft_0461.png"; bbox 0 0 1994 3276; ppageno 0'>
   <div class='ocr_carea' id='block_1_1' title="bbox 895 80 1882 163">
    <p class='ocr_par' dir='ltr' id='par_1_1' title="bbox 895 80 1882 163">
     <span class='ocr_line' id='line_1_1' title="bbox 895 80 1882 163; baseline -0.002 -10"><span class='ocrx_word' id='word_1_1' title='bbox 895 80 1083 163; x_wconf 76' lang='lat' dir='ltr'><strong>Apologia.</strong></span> <span class='ocrx_word' id='word_1_2' title='bbox 1798 110 1882 152; x_wconf 69' lang='lat' dir='ltr'><strong>uz</strong></span> 
     </span>
    </p>
   </div>
   <div class='ocr_carea' id='block_1_2' title="bbox 94 228 1906 520">
    <p class='ocr_par' dir='ltr' id='par_1_2' title="bbox 94 228 1906 520">
     <span class='ocr_line' id='line_1_2' title="bbox 97 228 1906 287; baseline -0.004 -14"><span class='ocrx_word' id='word_1_3' title='bbox 97 228 138 273; x_wconf 74' lang='lat' dir='ltr'><strong>et</strong></span> <span class='ocrx_word' id='word_1_4' title='bbox 164 233 225 272; x_wconf 72' lang='lat' dir='ltr'><strong>alc</strong></span> <span class='ocrx_word' id='word_1_5' title='bbox 254 232 303 273; x_wconf 80' lang='lat' dir='ltr'><strong>de</strong></span> <span class='ocrx_word' id='word_1_6' title='bbox 332 236 483 275; x_wconf 83' lang='lat' dir='ltr'><strong>ceteris.</strong></span> <span class='ocrx_word' id='word_1_7' title='bbox 544 233 587 287; x_wconf 89' lang='lat'><strong>3)</strong></span> <span class='ocrx_word' id='word_1_8' title='bbox 615 233 764 286; x_wconf 70' lang='lat' dir='ltr'><strong>Qneihi</strong></span> <span class='ocrx_word' id='word_1_9' title='bbox 785 245 908 286; x_wconf 84' lang='lat' dir='ltr'><strong>urges</strong></span> <span class='ocrx_word' id='word_1_10' title='bbox 937 235 1228 275; x_wconf 85' lang='lat' dir='ltr'><strong>similitudinem</strong></span> <span class='ocrx_word' id='word_1_11' title='bbox 1258 238 1378 282; x_wconf 83' lang='lat' dir='ltr'><strong>tuam,</strong></span> <span class='ocrx_word' id='word_1_12' title='bbox 1409 237 1453 271; x_wconf 90' lang='lat' dir='ltr'><strong>ut</strong></span> <span class='ocrx_word' id='word_1_13' title='bbox 1473 228 1616 271; x_wconf 78' lang='lat' dir='ltr'><strong>claudo</strong></span> <span class='ocrx_word' id='word_1_14' title='bbox 1642 229 1906 282; x_wconf 63' lang='lat' dir='ltr'><strong>etiampede.</strong></span> 
     </span>
     <span class='ocr_line' id='line_1_3' title="bbox 94 289 1884 344; baseline -0.002 -13"><span class='ocrx_word' id='word_1_15' title='bbox 94 296 285 342; x_wconf 75' lang='lat' dir='ltr'><strong>properet,</strong></span> <span class='ocrx_word' id='word_1_16' title='bbox 311 291 377 332; x_wconf 75' lang='lat' dir='ltr'><strong>dic</strong></span> <span class='ocrx_word' id='word_1_17' title='bbox 406 299 565 343; x_wconf 75' lang='lat' dir='ltr'><strong>quaeso,</strong></span> <span class='ocrx_word' id='word_1_18' title='bbox 597 292 792 344; x_wconf 86' lang='lat' dir='ltr'><strong>quodnam</strong></span> <span class='ocrx_word' id='word_1_19' title='bbox 823 305 872 333; x_wconf 89' lang='lat' dir='ltr'><strong>ex</strong></span> <span class='ocrx_word' id='word_1_20' title='bbox 901 294 1098 333; x_wconf 85' lang='lat' dir='ltr'><strong>concinnis</strong></span> <span class='ocrx_word' id='word_1_21' title='bbox 1120 303 1318 344; x_wconf 82' lang='lat' dir='ltr'><strong>compares</strong></span> <span class='ocrx_word' id='word_1_22' title='bbox 1351 300 1438 331; x_wconf 86' lang='lat' dir='ltr'><strong>cum</strong></span> <span class='ocrx_word' id='word_1_23' title='bbox 1454 291 1607 329; x_wconf 79' lang='lat' dir='ltr'><strong>unitate</strong></span> <span class='ocrx_word' id='word_1_24' title='bbox 1632 296 1755 328; x_wconf 79' lang='lat' dir='ltr'><strong>causa</strong></span> <span class='ocrx_word' id='word_1_25' title='bbox 1771 289 1884 339; x_wconf 74' lang='lat' dir='ltr'><strong>prio—</strong></span> 
     </span>
     <span class='ocr_line' id='line_1_4' title="bbox 94 348 1882 410; baseline -0.002 -23"><span class='ocrx_word' id='word_1_26' title='bbox 94 348 254 388; x_wconf 70' lang='lat' dir='ltr'><strong>ritatisl’</strong></span> <span class='ocrx_word' id='word_1_27' title='bbox 310 350 423 390; x_wconf 78' lang='lat' dir='ltr'><strong>Anne</strong></span> <span class='ocrx_word' id='word_1_28' title='bbox 453 361 529 389; x_wconf 91' lang='lat' dir='ltr'><strong>nou</strong></span> <span class='ocrx_word' id='word_1_29' title='bbox 570 363 688 390; x_wconf 90' lang='lat' dir='ltr'><strong>unum</strong></span> <span class='ocrx_word' id='word_1_30' title='bbox 717 353 907 410; x_wconf 87' lang='lat' dir='ltr'><strong>primum,</strong></span> <span class='ocrx_word' id='word_1_31' title='bbox 946 352 1015 392; x_wconf 87' lang='lat' dir='ltr'><strong>sed</strong></span> <span class='ocrx_word' id='word_1_32' title='bbox 1046 354 1176 391; x_wconf 90' lang='lat' dir='ltr'><strong>omnia</strong></span> <span class='ocrx_word' id='word_1_33' title='bbox 1205 353 1279 390; x_wconf 89' lang='lat' dir='ltr'><strong>tria</strong></span> <span class='ocrx_word' id='word_1_34' title='bbox 1309 348 1423 388; x_wconf 86' lang='lat' dir='ltr'><strong>simul</strong></span> <span class='ocrx_word' id='word_1_35' title='bbox 1451 350 1622 388; x_wconf 74' lang='lat' dir='ltr'><strong>existunt</strong></span> <span class='ocrx_word' id='word_1_36' title='bbox 1665 351 1756 386; x_wconf 85' lang='lat' dir='ltr'><strong>ante</strong></span> <span class='ocrx_word' id='word_1_37' title='bbox 1785 357 1882 385; x_wconf 90' lang='lat' dir='ltr'><strong>con-</strong></span> 
     </span>
     <span class='ocr_line' id='line_1_5' title="bbox 95 404 1883 461; baseline -0.003 -15"><span class='ocrx_word' id='word_1_38' title='bbox 95 407 325 454; x_wconf 67' lang='lat' dir='ltr'><strong>sonantias?</strong></span> <span class='ocrx_word' id='word_1_39' title='bbox 383 409 432 447; x_wconf 72' lang='lat' dir='ltr'><strong>Et</strong></span> <span class='ocrx_word' id='word_1_40' title='bbox 471 420 537 448; x_wconf 92' lang='lat' dir='ltr'><strong>cur</strong></span> <span class='ocrx_word' id='word_1_41' title='bbox 572 420 650 448; x_wconf 91' lang='lat' dir='ltr'><strong>non</strong></span> <span class='ocrx_word' id='word_1_42' title='bbox 685 404 818 460; x_wconf 79' lang='lat' dir='ltr'><strong>pln&#39;ra,</strong></span> <span class='ocrx_word' id='word_1_43' title='bbox 861 421 940 449; x_wconf 90' lang='lat' dir='ltr'><strong>non</strong></span> <span class='ocrx_word' id='word_1_44' title='bbox 969 410 1189 461; x_wconf 71' lang='lat' dir='ltr'><strong>pauciora?</strong></span> <span class='ocrx_word' id='word_1_45' title='bbox 1245 409 1295 447; x_wconf 82' lang='lat' dir='ltr'><strong>Et</strong></span> <span class='ocrx_word' id='word_1_46' title='bbox 1325 419 1442 458; x_wconf 87' lang='lat' dir='ltr'><strong>quam</strong></span> <span class='ocrx_word' id='word_1_47' title='bbox 1473 408 1524 446; x_wconf 90' lang='lat' dir='ltr'><strong>ob</strong></span> <span class='ocrx_word' id='word_1_48' title='bbox 1554 415 1712 453; x_wconf 72' lang='lat' dir='ltr'><strong>causam</strong></span> <span class='ocrx_word' id='word_1_49' title='bbox 1753 404 1883 456; x_wconf 74' lang='lat' dir='ltr'><strong>quod-</strong></span> 
     </span>
     <span class='ocr_line' id='line_1_6' title="bbox 98 462 1882 520; baseline -0.001 -16"><span class='ocrx_word' id='word_1_50' title='bbox 98 464 227 504; x_wconf 79' lang='lat' dir='ltr'><strong>libet?</strong></span> <span class='ocrx_word' id='word_1_51' title='bbox 283 465 463 517; x_wconf 81' lang='lat' dir='ltr'><strong>Denique</strong></span> <span class='ocrx_word' id='word_1_52' title='bbox 494 478 594 517; x_wconf 89' lang='lat' dir='ltr'><strong>quae</strong></span> <span class='ocrx_word' id='word_1_53' title='bbox 625 478 744 507; x_wconf 86' lang='lat' dir='ltr'><strong>causa</strong></span> <span class='ocrx_word' id='word_1_54' title='bbox 773 468 1007 520; x_wconf 71' lang='lat' dir='ltr'><strong>triplicitatis</strong></span> <span class='ocrx_word' id='word_1_55' title='bbox 1045 471 1084 507; x_wconf 91' lang='lat' dir='ltr'><strong>in</strong></span> <span class='ocrx_word' id='word_1_56' title='bbox 1114 470 1202 519; x_wconf 89' lang='lat' dir='ltr'><strong>ipso</strong></span> <span class='ocrx_word' id='word_1_57' title='bbox 1231 467 1349 507; x_wconf 81' lang='lat' dir='ltr'><strong>ortu‘?</strong></span> <span class='ocrx_word' id='word_1_58' title='bbox 1406 464 1526 504; x_wconf 84' lang='lat' dir='ltr'><strong>Hisce</strong></span> <span class='ocrx_word' id='word_1_59' title='bbox 1561 464 1753 514; x_wconf 76' lang='lat' dir='ltr'><strong>angustiis</strong></span> <span class='ocrx_word' id='word_1_60' title='bbox 1781 462 1882 503; x_wconf 75' lang='lat' dir='ltr'><strong>libe-</strong></span> 
     </span>
    </p>
   </div>
   <div class='ocr_carea' id='block_1_3' title="bbox 32 522 1881 575">
    <p class='ocr_par' dir='ltr' id='par_1_3' title="bbox 32 522 1881 575">
     <span class='ocr_line' id='line_1_7' title="bbox 32 522 1881 575; baseline -0.001 -13"><span class='ocrx_word' id='word_1_61' title='bbox 32 533 48 550; x_wconf 85' lang='lat'><strong>·</strong></span> <span class='ocrx_word' id='word_1_62' title='bbox 93 527 201 562; x_wconf 83' lang='lat' dir='ltr'><strong>ratur</strong></span> <span class='ocrx_word' id='word_1_63' title='bbox 228 524 274 572; x_wconf 79' lang='lat' dir='ltr'><strong>is,</strong></span> <span class='ocrx_word' id='word_1_64' title='bbox 304 525 371 574; x_wconf 88' lang='lat' dir='ltr'><strong>qui</strong></span> <span class='ocrx_word' id='word_1_65' title='bbox 401 527 592 564; x_wconf 91' lang='lat' dir='ltr'><strong>concinna</strong></span> <span class='ocrx_word' id='word_1_66' title='bbox 620 525 774 575; x_wconf 87' lang='lat' dir='ltr'><strong>singula</strong></span> <span class='ocrx_word' id='word_1_67' title='bbox 806 526 940 566; x_wconf 85' lang='lat' dir='ltr'><strong>definit</strong></span> <span class='ocrx_word' id='word_1_68' title='bbox 958 537 1046 566; x_wconf 85' lang='lat' dir='ltr'><strong>esse</strong></span> <span class='ocrx_word' id='word_1_69' title='bbox 1079 526 1313 566; x_wconf 75' lang='lat' dir='ltr'><strong>differentias</strong></span> <span class='ocrx_word' id='word_1_70' title='bbox 1333 524 1672 563; x_wconf 83' lang='lat' dir='ltr'><strong>consonantiarum</strong></span> <span class='ocrx_word' id='word_1_71' title='bbox 1694 522 1881 570; x_wconf 80' lang='lat' dir='ltr'><strong>binarum,</strong></span> 
     </span>
    </p>
   </div>
   <div class='ocr_carea' id='block_1_4' title="bbox 93 579 1884 1448">
    <p class='ocr_par' dir='ltr' id='par_1_4' title="bbox 94 579 1884 911">
     <span class='ocr_line' id='line_1_8' title="bbox 95 579 1883 636; baseline 0 -17"><span class='ocrx_word' id='word_1_72' title='bbox 95 582 241 633; x_wconf 85' lang='lat' dir='ltr'><strong>priores</strong></span> <span class='ocrx_word' id='word_1_73' title='bbox 271 586 446 623; x_wconf 76' lang='lat' dir='ltr'><strong>statuens</strong></span> <span class='ocrx_word' id='word_1_74' title='bbox 476 585 772 633; x_wconf 86' lang='lat' dir='ltr'><strong>consonantias,</strong></span> <span class='ocrx_word' id='word_1_75' title='bbox 816 591 898 623; x_wconf 86' lang='lat' dir='ltr'><strong>tum</strong></span> <span class='ocrx_word' id='word_1_76' title='bbox 929 585 1082 625; x_wconf 86' lang='lat' dir='ltr'><strong>demum</strong></span> <span class='ocrx_word' id='word_1_77' title='bbox 1120 586 1227 636; x_wconf 85' lang='lat' dir='ltr'><strong>ipsas</strong></span> <span class='ocrx_word' id='word_1_78' title='bbox 1256 583 1406 622; x_wconf 78' lang='lat' dir='ltr'><strong>differre</strong></span> <span class='ocrx_word' id='word_1_79' title='bbox 1446 581 1668 630; x_wconf 83' lang='lat' dir='ltr'><strong>intelligens</strong></span> <span class='ocrx_word' id='word_1_80' title='bbox 1701 579 1883 620; x_wconf 68' lang='lat' dir='ltr'><strong>differen-</strong></span> 
     </span>
     <span class='ocr_line' id='line_1_9' title="bbox 94 638 1883 700; baseline -0.001 -22"><span class='ocrx_word' id='word_1_81' title='bbox 94 641 266 700; x_wconf 82' lang='lat' dir='ltr'><strong>tiamque</strong></span> <span class='ocrx_word' id='word_1_82' title='bbox 302 639 379 679; x_wconf 84' lang='lat' dir='ltr'><strong>hoc</strong></span> <span class='ocrx_word' id='word_1_83' title='bbox 414 643 569 680; x_wconf 89' lang='lat' dir='ltr'><strong>nomine</strong></span> <span class='ocrx_word' id='word_1_84' title='bbox 606 643 781 681; x_wconf 86' lang='lat' dir='ltr'><strong>concinni</strong></span> <span class='ocrx_word' id='word_1_85' title='bbox 825 642 1065 695; x_wconf 66' lang='lat' dir='ltr'><strong>indigemus,</strong></span> <span class='ocrx_word' id='word_1_86' title='bbox 1106 655 1195 682; x_wconf 90' lang='lat' dir='ltr'><strong>nam</strong></span> <span class='ocrx_word' id='word_1_87' title='bbox 1236 653 1307 694; x_wconf 85' lang='lat' dir='ltr'><strong>pro</strong></span> <span class='ocrx_word' id='word_1_88' title='bbox 1345 640 1570 679; x_wconf 86' lang='lat' dir='ltr'><strong>diversitate</strong></span> <span class='ocrx_word' id='word_1_89' title='bbox 1611 639 1788 689; x_wconf 83' lang='lat' dir='ltr'><strong>bigarum</strong></span> <span class='ocrx_word' id='word_1_90' title='bbox 1817 638 1883 677; x_wconf 82' lang='lat' dir='ltr'><strong>dl-</strong></span> 
     </span>
     <span class='ocr_line' id='line_1_10' title="bbox 96 696 1884 753; baseline 0 -18"><span class='ocrx_word' id='word_1_91' title='bbox 96 696 210 737; x_wconf 79' lang='lat' dir='ltr'><strong>versa</strong></span> <span class='ocrx_word' id='word_1_92' title='bbox 231 697 304 736; x_wconf 83' lang='lat' dir='ltr'><strong>illi</strong></span> <span class='ocrx_word' id='word_1_93' title='bbox 334 700 546 748; x_wconf 75' lang='lat' dir='ltr'><strong>gignuntur</strong></span> <span class='ocrx_word' id='word_1_94' title='bbox 574 702 783 750; x_wconf 84' lang='lat' dir='ltr'><strong>concinna3</strong></span> <span class='ocrx_word' id='word_1_95' title='bbox 824 702 990 753; x_wconf 89' lang='lat' dir='ltr'><strong>denique</strong></span> <span class='ocrx_word' id='word_1_96' title='bbox 1021 703 1191 741; x_wconf 90' lang='lat' dir='ltr'><strong>omnium</strong></span> <span class='ocrx_word' id='word_1_97' title='bbox 1229 700 1491 752; x_wconf 88' lang='lat' dir='ltr'><strong>quaesitorum</strong></span> <span class='ocrx_word' id='word_1_98' title='bbox 1525 707 1665 737; x_wconf 85' lang='lat' dir='ltr'><strong>causas</strong></span> <span class='ocrx_word' id='word_1_99' title='bbox 1693 697 1884 748; x_wconf 80' lang='lat' dir='ltr'><strong>expediet</strong></span> 
     </span>
     <span class='ocr_line' id='line_1_11' title="bbox 94 755 1880 810; baseline 0.001 -16"><span class='ocrx_word' id='word_1_100' title='bbox 94 768 142 795; x_wconf 83' lang='lat' dir='ltr'><strong>ex</strong></span> <span class='ocrx_word' id='word_1_101' title='bbox 173 755 247 794; x_wconf 83' lang='lat' dir='ltr'><strong>hoc</strong></span> <span class='ocrx_word' id='word_1_102' title='bbox 278 761 362 794; x_wconf 86' lang='lat' dir='ltr'><strong>ortu</strong></span> <span class='ocrx_word' id='word_1_103' title='bbox 394 759 604 808; x_wconf 88' lang='lat' dir='ltr'><strong>assignato.</strong></span> <span class='ocrx_word' id='word_1_104' title='bbox 665 758 741 797; x_wconf 89' lang='lat' dir='ltr'><strong>Hic</strong></span> <span class='ocrx_word' id='word_1_105' title='bbox 778 765 820 798; x_wconf 92' lang='lat' dir='ltr'><strong>tu</strong></span> <span class='ocrx_word' id='word_1_106' title='bbox 850 760 973 799; x_wconf 89' lang='lat' dir='ltr'><strong>multa</strong></span> <span class='ocrx_word' id='word_1_107' title='bbox 1002 761 1217 807; x_wconf 79' lang='lat' dir='ltr'>interseris,</span> <span class='ocrx_word' id='word_1_108' title='bbox 1258 769 1358 810; x_wconf 87' lang='lat' dir='ltr'><strong>quae</strong></span> <span class='ocrx_word' id='word_1_109' title='bbox 1390 757 1605 807; x_wconf 71' lang='lat' dir='ltr'>dispeream</span> <span class='ocrx_word' id='word_1_110' title='bbox 1648 755 1681 793; x_wconf 85' lang='lat' dir='ltr'><strong>si</strong></span> <span class='ocrx_word' id='word_1_111' title='bbox 1713 755 1880 805; x_wconf 82' lang='lat' dir='ltr'><strong>videam,</strong></span> 
     </span>
     <span class='ocr_line' id='line_1_12' title="bbox 96 811 1881 869; baseline 0.001 -16"><span class='ocrx_word' id='word_1_112' title='bbox 96 813 292 864; x_wconf 85' lang='lat' dir='ltr'><strong>quomodo</strong></span> <span class='ocrx_word' id='word_1_113' title='bbox 322 825 473 854; x_wconf 88' lang='lat' dir='ltr'><strong>mecum</strong></span> <span class='ocrx_word' id='word_1_114' title='bbox 500 822 698 866; x_wconf 86' lang='lat' dir='ltr'><strong>pugnent3</strong></span> <span class='ocrx_word' id='word_1_115' title='bbox 728 828 830 868; x_wconf 87' lang='lat' dir='ltr'><strong>quae</strong></span> <span class='ocrx_word' id='word_1_116' title='bbox 861 820 955 869; x_wconf 85' lang='lat' dir='ltr'><strong>quia</strong></span> <span class='ocrx_word' id='word_1_117' title='bbox 983 831 1044 858; x_wconf 88' lang='lat' dir='ltr'><strong>me</strong></span> <span class='ocrx_word' id='word_1_118' title='bbox 1074 829 1152 858; x_wconf 87' lang='lat' dir='ltr'><strong>non</strong></span> <span class='ocrx_word' id='word_1_119' title='bbox 1182 818 1357 864; x_wconf 75' lang='lat' dir='ltr'><strong>attinent,</strong></span> <span class='ocrx_word' id='word_1_120' title='bbox 1388 825 1514 866; x_wconf 86' lang='lat' dir='ltr'><strong>neque</strong></span> <span class='ocrx_word' id='word_1_121' title='bbox 1545 811 1723 862; x_wconf 76' lang='lat' dir='ltr'><strong>delendo,</strong></span> <span class='ocrx_word' id='word_1_122' title='bbox 1753 825 1881 865; x_wconf 89' lang='lat' dir='ltr'><strong>neque</strong></span> 
     </span>
     <span class='ocr_line' id='line_1_13' title="bbox 94 872 231 911; baseline 0 0"><span class='ocrx_word' id='word_1_123' title='bbox 94 872 231 911; x_wconf 78' lang='lat' dir='ltr'><strong>refuto.</strong></span> 
     </span>
    </p>

    <p class='ocr_par' dir='ltr' id='par_1_5' title="bbox 93 929 1882 1333">
     <span class='ocr_line' id='line_1_14' title="bbox 210 929 1881 983; baseline 0.001 -14"><span class='ocrx_word' id='word_1_124' title='bbox 210 929 444 970; x_wconf 67' lang='lat' dir='ltr'><strong>Absor-dum</strong></span> <span class='ocrx_word' id='word_1_125' title='bbox 471 932 594 983; x_wconf 75' lang='lat' dir='ltr'><strong>foret,</strong></span> <span class='ocrx_word' id='word_1_126' title='bbox 637 934 786 982; x_wconf 86' lang='lat' dir='ltr'><strong>inquis,</strong></span> <span class='ocrx_word' id='word_1_127' title='bbox 823 938 983 983; x_wconf 79' lang='lat' dir='ltr'><strong>puncta</strong></span> <span class='ocrx_word' id='word_1_128' title='bbox 1020 934 1199 973; x_wconf 74' lang='lat' dir='ltr'><strong>derivari</strong></span> <span class='ocrx_word' id='word_1_129' title='bbox 1242 945 1268 971; x_wconf 86' lang='lat' dir='ltr'><strong>a</strong></span> <span class='ocrx_word' id='word_1_130' title='bbox 1297 933 1423 971; x_wconf 68' lang='lat' dir='ltr'><strong>laneis.</strong></span> <span class='ocrx_word' id='word_1_131' title='bbox 1485 931 1599 970; x_wconf 82' lang='lat' dir='ltr'><strong>Nova</strong></span> <span class='ocrx_word' id='word_1_132' title='bbox 1626 930 1881 971; x_wconf 86' lang='lat' dir='ltr'><strong>similitudine</strong></span> 
     </span>
     <span class='ocr_line' id='line_1_15' title="bbox 93 983 1880 1041; baseline 0.001 -14"><span class='ocrx_word' id='word_1_133' title='bbox 93 999 246 1039; x_wconf 84' lang='lat' dir='ltr'><strong>pugnas</strong></span> <span class='ocrx_word' id='word_1_134' title='bbox 274 989 445 1028; x_wconf 84' lang='lat' dir='ltr'><strong>&#39;omnium</strong></span> <span class='ocrx_word' id='word_1_135' title='bbox 477 990 746 1030; x_wconf 84' lang='lat' dir='ltr'><strong>dissimillima.</strong></span> <span class='ocrx_word' id='word_1_136' title='bbox 808 991 998 1030; x_wconf 83' lang='lat' dir='ltr'>Punctum</span> <span class='ocrx_word' id='word_1_137' title='bbox 1039 997 1077 1031; x_wconf 87' lang='lat' dir='ltr'><strong>et</strong></span> <span class='ocrx_word' id='word_1_138' title='bbox 1105 991 1210 1031; x_wconf 87' lang='lat' dir='ltr'><strong>linea</strong></span> <span class='ocrx_word' id='word_1_139' title='bbox 1246 983 1335 1030; x_wconf 80' lang='lat' dir='ltr'><strong>&#39;toto</strong></span> <span class='ocrx_word' id='word_1_140' title='bbox 1365 984 1506 1041; x_wconf 76' lang='lat' dir='ltr'><strong>genere</strong></span> <span class='ocrx_word' id='word_1_141' title='bbox 1543 988 1742 1038; x_wconf 78' lang='lat' dir='ltr'><strong>differunt,</strong></span> <span class='ocrx_word' id='word_1_142' title='bbox 1782 989 1880 1028; x_wconf 84' lang='lat' dir='ltr'><strong>illud</strong></span> 
     </span>
     <span class='ocr_line' id='line_1_16' title="bbox 93 1048 1881 1098; baseline 0.002 -14"><span class='ocrx_word' id='word_1_143' title='bbox 93 1051 210 1096; x_wconf 86' lang='lat' dir='ltr'><strong>negat</strong></span> <span class='ocrx_word' id='word_1_144' title='bbox 239 1049 506 1096; x_wconf 76' lang='lat' dir='ltr'><strong>quantitatem,</strong></span> <span class='ocrx_word' id='word_1_145' title='bbox 537 1048 612 1087; x_wconf 90' lang='lat' dir='ltr'><strong>hoc</strong></span> <span class='ocrx_word' id='word_1_146' title='bbox 642 1050 709 1087; x_wconf 89' lang='lat' dir='ltr'><strong>ait.</strong></span> <span class='ocrx_word' id='word_1_147' title='bbox 769 1049 968 1089; x_wconf 84' lang='lat' dir='ltr'><strong>Concinna</strong></span> <span class='ocrx_word' id='word_1_148' title='bbox 998 1056 1036 1089; x_wconf 86' lang='lat' dir='ltr'><strong>et</strong></span> <span class='ocrx_word' id='word_1_149' title='bbox 1067 1061 1239 1090; x_wconf 88' lang='lat' dir='ltr'><strong>consona</strong></span> <span class='ocrx_word' id='word_1_150' title='bbox 1267 1049 1341 1088; x_wconf 89' lang='lat' dir='ltr'><strong>sub</strong></span> <span class='ocrx_word' id='word_1_151' title='bbox 1370 1048 1508 1087; x_wconf 87' lang='lat' dir='ltr'><strong>eodem</strong></span> <span class='ocrx_word' id='word_1_152' title='bbox 1532 1048 1709 1098; x_wconf 85' lang='lat' dir='ltr'><strong>proximo</strong></span> <span class='ocrx_word' id='word_1_153' title='bbox 1739 1058 1881 1097; x_wconf 80' lang='lat' dir='ltr'><strong>genere</strong></span> 
     </span>
     <span class='ocr_line' id='line_1_17' title="bbox 94 1106 1882 1158; baseline 0.002 -16"><span class='ocrx_word' id='word_1_154' title='bbox 94 1106 383 1156; x_wconf 72' lang='lat' dir='ltr'><strong>proportionum</strong></span> <span class='ocrx_word' id='word_1_155' title='bbox 414 1108 668 1145; x_wconf 87' lang='lat' dir='ltr'><strong>continentur.</strong></span> <span class='ocrx_word' id='word_1_156' title='bbox 731 1107 778 1145; x_wconf 83' lang='lat' dir='ltr'><strong>Et</strong></span> <span class='ocrx_word' id='word_1_157' title='bbox 809 1113 938 1147; x_wconf 86' lang='lat' dir='ltr'><strong>tamen</strong></span> <span class='ocrx_word' id='word_1_158' title='bbox 969 1114 1012 1147; x_wconf 91' lang='lat' dir='ltr'><strong>ut</strong></span> <span class='ocrx_word' id='word_1_159' title='bbox 1041 1107 1120 1147; x_wconf 83' lang='lat' dir='ltr'><strong>fieri</strong></span> <span class='ocrx_word' id='word_1_160' title='bbox 1152 1107 1252 1147; x_wconf 89' lang='lat' dir='ltr'><strong>solet</strong></span> <span class='ocrx_word' id='word_1_161' title='bbox 1280 1109 1319 1145; x_wconf 84' lang='lat' dir='ltr'><strong>in</strong></span> <span class='ocrx_word' id='word_1_162' title='bbox 1350 1106 1490 1158; x_wconf 85' lang='lat' dir='ltr'><strong>plano,</strong></span> <span class='ocrx_word' id='word_1_163' title='bbox 1528 1110 1572 1144; x_wconf 93' lang='lat' dir='ltr'><strong>ut</strong></span> <span class='ocrx_word' id='word_1_164' title='bbox 1601 1109 1745 1156; x_wconf 87' lang='lat' dir='ltr'><strong>puncta</strong></span> <span class='ocrx_word' id='word_1_165' title='bbox 1776 1110 1882 1146; x_wconf 80' lang='lat' dir='ltr'><strong>certa</strong></span> 
     </span>
     <span class='ocr_line' id='line_1_18' title="bbox 95 1162 1880 1216; baseline 0.001 -14"><span class='ocrx_word' id='word_1_166' title='bbox 95 1162 392 1202; x_wconf 71' lang='lat' dir='ltr'><strong>determinentur</strong></span> <span class='ocrx_word' id='word_1_167' title='bbox 430 1175 617 1203; x_wconf 90' lang='lat' dir='ltr'><strong>concursu</strong></span> <span class='ocrx_word' id='word_1_168' title='bbox 658 1164 867 1214; x_wconf 90' lang='lat' dir='ltr'><strong>linearum,</strong></span> <span class='ocrx_word' id='word_1_169' title='bbox 912 1167 977 1205; x_wconf 86' lang='lat' dir='ltr'><strong>ubi</strong></span> <span class='ocrx_word' id='word_1_170' title='bbox 1016 1166 1143 1205; x_wconf 91' lang='lat' dir='ltr'><strong>lineae</strong></span> <span class='ocrx_word' id='word_1_171' title='bbox 1184 1167 1299 1204; x_wconf 89' lang='lat' dir='ltr'><strong>binae</strong></span> <span class='ocrx_word' id='word_1_172' title='bbox 1327 1166 1476 1216; x_wconf 80' lang='lat' dir='ltr'><strong>priores</strong></span> <span class='ocrx_word' id='word_1_173' title='bbox 1505 1168 1594 1202; x_wconf 87' lang='lat' dir='ltr'><strong>sunt</strong></span> <span class='ocrx_word' id='word_1_174' title='bbox 1635 1168 1780 1213; x_wconf 84' lang='lat' dir='ltr'><strong>puncto</strong></span> <span class='ocrx_word' id='word_1_175' title='bbox 1810 1164 1880 1204; x_wconf 91' lang='lat' dir='ltr'><strong>illo</strong></span> 
     </span>
     <span class='ocr_line' id='line_1_19' title="bbox 95 1221 1879 1271; baseline 0.001 -12"><span class='ocrx_word' id='word_1_176' title='bbox 95 1231 215 1259; x_wconf 86' lang='lat' dir='ltr'><strong>causa</strong></span> <span class='ocrx_word' id='word_1_177' title='bbox 245 1223 321 1260; x_wconf 73' lang='lat' dir='ltr'><strong>sni</strong></span> <span class='ocrx_word' id='word_1_178' title='bbox 339 1221 578 1261; x_wconf 84' lang='lat' dir='ltr'><strong>determinati</strong></span> <span class='ocrx_word' id='word_1_179' title='bbox 611 1225 720 1271; x_wconf 88' lang='lat' dir='ltr'><strong>situs,</strong></span> <span class='ocrx_word' id='word_1_180' title='bbox 752 1226 808 1262; x_wconf 91' lang='lat' dir='ltr'><strong>sic</strong></span> <span class='ocrx_word' id='word_1_181' title='bbox 838 1226 956 1262; x_wconf 82' lang='lat' dir='ltr'><strong>etiam</strong></span> <span class='ocrx_word' id='word_1_182' title='bbox 987 1236 1034 1263; x_wconf 85' lang='lat' dir='ltr'><strong>ex</strong></span> <span class='ocrx_word' id='word_1_183' title='bbox 1065 1225 1327 1263; x_wconf 81' lang='lat' dir='ltr'><strong>consonantiis</strong></span> <span class='ocrx_word' id='word_1_184' title='bbox 1367 1223 1469 1261; x_wconf 87' lang='lat' dir='ltr'><strong>binis</strong></span> <span class='ocrx_word' id='word_1_185' title='bbox 1499 1233 1618 1260; x_wconf 85' lang='lat' dir='ltr'><strong>unum</strong></span> <span class='ocrx_word' id='word_1_186' title='bbox 1650 1224 1879 1261; x_wconf 89' lang='lat' dir='ltr'><strong>concinnum</strong></span> 
     </span>
     <span class='ocr_line' id='line_1_20' title="bbox 97 1272 1882 1333; baseline 0.002 -17"><span class='ocrx_word' id='word_1_187' title='bbox 97 1272 381 1327; x_wconf 76' lang='lat' dir='ltr'><strong>determinatur,</strong></span> <span class='ocrx_word' id='word_1_188' title='bbox 414 1280 452 1318; x_wconf 90' lang='lat' dir='ltr'><strong>id</strong></span> <span class='ocrx_word' id='word_1_189' title='bbox 474 1281 578 1330; x_wconf 89' lang='lat' dir='ltr'><strong>quod</strong></span> <span class='ocrx_word' id='word_1_190' title='bbox 601 1281 871 1320; x_wconf 82' lang='lat' dir='ltr'><strong>declarationis</strong></span> <span class='ocrx_word' id='word_1_191' title='bbox 886 1283 1012 1321; x_wconf 90' lang='lat' dir='ltr'><strong>solum</strong></span> <span class='ocrx_word' id='word_1_192' title='bbox 1035 1294 1152 1322; x_wconf 90' lang='lat' dir='ltr'><strong>causa</strong></span> <span class='ocrx_word' id='word_1_193' title='bbox 1169 1282 1313 1321; x_wconf 91' lang='lat' dir='ltr'><strong>dictum</strong></span> <span class='ocrx_word' id='word_1_194' title='bbox 1329 1280 1433 1328; x_wconf 87' lang='lat' dir='ltr'><strong>volo,</strong></span> <span class='ocrx_word' id='word_1_195' title='bbox 1465 1291 1541 1318; x_wconf 86' lang='lat' dir='ltr'><strong>nou</strong></span> <span class='ocrx_word' id='word_1_196' title='bbox 1561 1280 1816 1330; x_wconf 84' lang='lat' dir='ltr'><strong>probationis.</strong></span> <span class='ocrx_word' id='word_1_197' title='bbox 1828 1277 1882 1333; x_wconf 82' lang='lat'><strong>⁴⁰)</strong></span> 
     </span>
    </p>

    <p class='ocr_par' dir='ltr' id='par_1_6' title="bbox 97 1337 1880 1448">
     <span class='ocr_line' id='line_1_21' title="bbox 210 1337 1879 1391; baseline 0.002 -15"><span class='ocrx_word' id='word_1_198' title='bbox 210 1337 432 1388; x_wconf 83' lang='lat' dir='ltr'><strong>Sequuntur</strong></span> <span class='ocrx_word' id='word_1_199' title='bbox 462 1338 692 1378; x_wconf 86' lang='lat' dir='ltr'><strong>Cimmeriae</strong></span> <span class='ocrx_word' id='word_1_200' title='bbox 733 1341 937 1390; x_wconf 89' lang='lat' dir='ltr'><strong>tenebrae;</strong></span> <span class='ocrx_word' id='word_1_201' title='bbox 976 1342 1136 1391; x_wconf 80' lang='lat' dir='ltr'><strong>ignosce</strong></span> <span class='ocrx_word' id='word_1_202' title='bbox 1165 1340 1334 1379; x_wconf 90' lang='lat' dir='ltr'><strong>Roberte</strong></span> <span class='ocrx_word' id='word_1_203' title='bbox 1378 1339 1580 1378; x_wconf 79' lang='lat' dir='ltr'><strong>obtusitati</strong></span> <span class='ocrx_word' id='word_1_204' title='bbox 1621 1342 1759 1389; x_wconf 82' lang='lat' dir='ltr'><strong>captus</strong></span> <span class='ocrx_word' id='word_1_205' title='bbox 1789 1340 1879 1380; x_wconf 86' lang='lat' dir='ltr'><strong>mei.</strong></span> 
     </span>
     <span class='ocr_line' id='line_1_22' title="bbox 97 1394 1880 1448; baseline 0.003 -16"><span class='ocrx_word' id='word_1_206' title='bbox 97 1394 142 1433; x_wconf 92' lang='lat' dir='ltr'><strong>In</strong></span> <span class='ocrx_word' id='word_1_207' title='bbox 172 1394 306 1445; x_wconf 69' lang='lat' dir='ltr'><strong>figuris</strong></span> <span class='ocrx_word' id='word_1_208' title='bbox 335 1395 462 1446; x_wconf 87' lang='lat' dir='ltr'><strong>planis</strong></span> <span class='ocrx_word' id='word_1_209' title='bbox 493 1397 713 1436; x_wconf 83' lang='lat' dir='ltr'><strong>consideras</strong></span> <span class='ocrx_word' id='word_1_210' title='bbox 744 1400 936 1447; x_wconf 86' lang='lat' dir='ltr'><strong>trigonos‚</strong></span> <span class='ocrx_word' id='word_1_211' title='bbox 968 1404 1012 1437; x_wconf 91' lang='lat' dir='ltr'><strong>ut</strong></span> <span class='ocrx_word' id='word_1_212' title='bbox 1042 1399 1275 1438; x_wconf 89' lang='lat' dir='ltr'><strong>elementum</strong></span> <span class='ocrx_word' id='word_1_213' title='bbox 1307 1398 1515 1448; x_wconf 85' lang='lat' dir='ltr'><strong>figurarum</strong></span> <span class='ocrx_word' id='word_1_214' title='bbox 1543 1395 1880 1447; x_wconf 87' lang='lat' dir='ltr'><strong>simplicissimum,</strong></span> 
     </span>
    </p>
   </div>
   <div class='ocr_carea' id='block_1_5' title="bbox 94 1454 1945 1511">
    <p class='ocr_par' dir='ltr' id='par_1_7' title="bbox 94 1454 1945 1511">
     <span class='ocr_line' id='line_1_23' title="bbox 94 1454 1945 1511; baseline 0.002 -21"><span class='ocrx_word' id='word_1_215' title='bbox 94 1454 132 1490; x_wconf 91' lang='lat' dir='ltr'><strong>in</strong></span> <span class='ocrx_word' id='word_1_216' title='bbox 165 1454 315 1501; x_wconf 83' lang='lat' dir='ltr'><strong>trigono</strong></span> <span class='ocrx_word' id='word_1_217' title='bbox 346 1455 532 1494; x_wconf 89' lang='lat' dir='ltr'><strong>observas</strong></span> <span class='ocrx_word' id='word_1_218' title='bbox 563 1455 698 1503; x_wconf 82' lang='lat' dir='ltr'><strong>lineas,</strong></span> <span class='ocrx_word' id='word_1_219' title='bbox 730 1466 827 1505; x_wconf 84' lang='lat' dir='ltr'><strong>quas</strong></span> <span class='ocrx_word' id='word_1_220' title='bbox 858 1463 985 1507; x_wconf 87' lang='lat' dir='ltr'><strong>partes</strong></span> <span class='ocrx_word' id='word_1_221' title='bbox 1015 1458 1155 1507; x_wconf 87' lang='lat' dir='ltr'><strong>trigoni</strong></span> <span class='ocrx_word' id='word_1_222' title='bbox 1186 1456 1374 1508; x_wconf 80' lang='lat' dir='ltr'><strong>appellas,</strong></span> <span class='ocrx_word' id='word_1_223' title='bbox 1405 1457 1444 1493; x_wconf 90' lang='lat' dir='ltr'><strong>in</strong></span> <span class='ocrx_word' id='word_1_224' title='bbox 1465 1455 1579 1493; x_wconf 90' lang='lat' dir='ltr'><strong>lineis</strong></span> <span class='ocrx_word' id='word_1_225' title='bbox 1604 1459 1760 1504; x_wconf 85' lang='lat' dir='ltr'><strong>puncta,</strong></span> <span class='ocrx_word' id='word_1_226' title='bbox 1793 1457 1883 1505; x_wconf 85' lang='lat' dir='ltr'><strong>qui·</strong></span> <span class='ocrx_word' id='word_1_227' title='bbox 1935 1506 1945 1511; x_wconf 58' lang='lat'><strong>,</strong></span> 
     </span>
    </p>
   </div>
   <div class='ocr_carea' id='block_1_6' title="bbox 48 1510 1883 3065">
    <p class='ocr_par' dir='ltr' id='par_1_8' title="bbox 48 1510 1883 3065">
     <span class='ocr_line' id='line_1_24' title="bbox 94 1510 1882 1566; baseline 0.001 -16"><span class='ocrx_word' id='word_1_228' title='bbox 94 1511 167 1550; x_wconf 84' lang='lat' dir='ltr'><strong>bus</strong></span> <span class='ocrx_word' id='word_1_229' title='bbox 198 1510 288 1550; x_wconf 83' lang='lat' dir='ltr'><strong>illae</strong></span> <span class='ocrx_word' id='word_1_230' title='bbox 319 1518 560 1551; x_wconf 88' lang='lat' dir='ltr'><strong>concurrunt.</strong></span> <span class='ocrx_word' id='word_1_231' title='bbox 620 1513 711 1551; x_wconf 85' lang='lat' dir='ltr'><strong>Jam</strong></span> <span class='ocrx_word' id='word_1_232' title='bbox 744 1516 1017 1553; x_wconf 88' lang='lat' dir='ltr'><strong>consonantias</strong></span> <span class='ocrx_word' id='word_1_233' title='bbox 1048 1515 1180 1565; x_wconf 87' lang='lat' dir='ltr'><strong>figuris</strong></span> <span class='ocrx_word' id='word_1_234' title='bbox 1201 1525 1414 1566; x_wconf 83' lang='lat' dir='ltr'><strong>comparas,</strong></span> <span class='ocrx_word' id='word_1_235' title='bbox 1445 1517 1580 1551; x_wconf 90' lang='lat' dir='ltr'><strong>tonum</strong></span> <span class='ocrx_word' id='word_1_236' title='bbox 1611 1513 1750 1552; x_wconf 84' lang='lat' dir='ltr'><strong>lineae.</strong></span> <span class='ocrx_word' id='word_1_237' title='bbox 1801 1515 1882 1554; x_wconf 82' lang='lat' dir='ltr'><strong>Ex-</strong></span> 
     </span>
     <span class='ocr_line' id='line_1_25' title="bbox 60 1562 1882 1622; baseline 0.002 -15"><span class='ocrx_word' id='word_1_238' title='bbox 60 1562 340 1618; x_wconf 55' lang='lat' dir='ltr'><strong>&#39;spectabam</strong></span> <span class='ocrx_word' id='word_1_239' title='bbox 383 1576 427 1609; x_wconf 91' lang='lat' dir='ltr'><strong>ut</strong></span> <span class='ocrx_word' id='word_1_240' title='bbox 472 1572 571 1609; x_wconf 90' lang='lat' dir='ltr'><strong>sicut</strong></span> <span class='ocrx_word' id='word_1_241' title='bbox 613 1583 637 1609; x_wconf 87' lang='lat' dir='ltr'><strong>a</strong></span> <span class='ocrx_word' id='word_1_242' title='bbox 676 1573 837 1621; x_wconf 84' lang='lat' dir='ltr'><strong>trigonis</strong></span> <span class='ocrx_word' id='word_1_243' title='bbox 877 1573 1042 1622; x_wconf 86' lang='lat' dir='ltr'><strong>figuras,</strong></span> <span class='ocrx_word' id='word_1_244' title='bbox 1085 1575 1142 1611; x_wconf 90' lang='lat' dir='ltr'><strong>sic</strong></span> <span class='ocrx_word' id='word_1_245' title='bbox 1187 1585 1211 1611; x_wconf 89' lang='lat' dir='ltr'><strong>a</strong></span> <span class='ocrx_word' id='word_1_246' title='bbox 1250 1574 1352 1611; x_wconf 91' lang='lat' dir='ltr'><strong>tonis</strong></span> <span class='ocrx_word' id='word_1_247' title='bbox 1390 1572 1663 1610; x_wconf 83' lang='lat' dir='ltr'><strong>consonantias</strong></span> <span class='ocrx_word' id='word_1_248' title='bbox 1702 1573 1882 1622; x_wconf 87' lang='lat' dir='ltr'><strong>componi</strong></span> 
     </span>
     <span class='ocr_line' id='line_1_26' title="bbox 94 1627 1881 1680; baseline 0.001 -14"><span class='ocrx_word' id='word_1_249' title='bbox 94 1636 308 1675; x_wconf 77' lang='lat' dir='ltr'><strong>assereres3</strong></span> <span class='ocrx_word' id='word_1_250' title='bbox 350 1627 425 1666; x_wconf 89' lang='lat' dir='ltr'><strong>hoc</strong></span> <span class='ocrx_word' id='word_1_251' title='bbox 455 1630 555 1667; x_wconf 91' lang='lat' dir='ltr'><strong>enim</strong></span> <span class='ocrx_word' id='word_1_252' title='bbox 587 1628 792 1668; x_wconf 90' lang='lat' dir='ltr'><strong>videbatur</strong></span> <span class='ocrx_word' id='word_1_253' title='bbox 820 1633 1012 1680; x_wconf 89' lang='lat' dir='ltr'><strong>requirere</strong></span> <span class='ocrx_word' id='word_1_254' title='bbox 1051 1630 1228 1669; x_wconf 86' lang='lat' dir='ltr'><strong>instituta</strong></span> <span class='ocrx_word' id='word_1_255' title='bbox 1263 1631 1362 1670; x_wconf 88' lang='lat' dir='ltr'><strong>ratio</strong></span> <span class='ocrx_word' id='word_1_256' title='bbox 1392 1629 1678 1677; x_wconf 83' lang='lat' dir='ltr'><strong>similitudinis,</strong></span> <span class='ocrx_word' id='word_1_257' title='bbox 1721 1630 1881 1680; x_wconf 85' lang='lat' dir='ltr'><strong>jamque</strong></span> 
     </span>
     <span class='ocr_line' id='line_1_27' title="bbox 93 1685 1882 1738; baseline 0.002 -16"><span class='ocrx_word' id='word_1_258' title='bbox 93 1685 286 1723; x_wconf 84' lang='lat' dir='ltr'><strong>habebam</strong></span> <span class='ocrx_word' id='word_1_259' title='bbox 326 1686 364 1722; x_wconf 84' lang='lat' dir='ltr'><strong>in</strong></span> <span class='ocrx_word' id='word_1_260' title='bbox 396 1697 483 1733; x_wconf 93' lang='lat' dir='ltr'><strong>ore,</strong></span> <span class='ocrx_word' id='word_1_261' title='bbox 527 1686 620 1736; x_wconf 92' lang='lat' dir='ltr'><strong>quid</strong></span> <span class='ocrx_word' id='word_1_262' title='bbox 650 1687 725 1725; x_wconf 88' lang='lat' dir='ltr'><strong>hoc</strong></span> <span class='ocrx_word' id='word_1_263' title='bbox 754 1688 896 1726; x_wconf 89' lang='lat' dir='ltr'><strong>dicenti</strong></span> <span class='ocrx_word' id='word_1_264' title='bbox 931 1700 1167 1738; x_wconf 87' lang='lat' dir='ltr'><strong>reponerem.</strong></span> <span class='ocrx_word' id='word_1_265' title='bbox 1230 1690 1282 1726; x_wconf 79' lang='lat' dir='ltr'><strong>At</strong></span> <span class='ocrx_word' id='word_1_266' title='bbox 1322 1694 1461 1734; x_wconf 86' lang='lat' dir='ltr'><strong>tonus,</strong></span> <span class='ocrx_word' id='word_1_267' title='bbox 1499 1693 1542 1724; x_wconf 89' lang='lat' dir='ltr'><strong>ut</strong></span> <span class='ocrx_word' id='word_1_268' title='bbox 1570 1687 1713 1733; x_wconf 88' lang='lat' dir='ltr'><strong>video,</strong></span> <span class='ocrx_word' id='word_1_269' title='bbox 1755 1688 1882 1726; x_wconf 83' lang='lat' dir='ltr'><strong>lineae</strong></span> 
     </span>
     <span class='ocr_line' id='line_1_28' title="bbox 95 1744 1882 1796; baseline 0.002 -16"><span class='ocrx_word' id='word_1_270' title='bbox 95 1744 358 1792; x_wconf 83' lang='lat' dir='ltr'><strong>comparatur,</strong></span> <span class='ocrx_word' id='word_1_271' title='bbox 400 1749 442 1782; x_wconf 91' lang='lat' dir='ltr'><strong>ut</strong></span> <span class='ocrx_word' id='word_1_272' title='bbox 472 1746 572 1796; x_wconf 80' lang='lat' dir='ltr'><strong>sicut</strong></span> <span class='ocrx_word' id='word_1_273' title='bbox 602 1746 640 1782; x_wconf 92' lang='lat' dir='ltr'><strong>in</strong></span> <span class='ocrx_word' id='word_1_274' title='bbox 670 1745 803 1794; x_wconf 88' lang='lat' dir='ltr'><strong>figuris</strong></span> <span class='ocrx_word' id='word_1_275' title='bbox 832 1746 1138 1796; x_wconf 88' lang='lat' dir='ltr'><strong>multiplicantur</strong></span> <span class='ocrx_word' id='word_1_276' title='bbox 1167 1747 1311 1794; x_wconf 89' lang='lat' dir='ltr'><strong>latera,</strong></span> <span class='ocrx_word' id='word_1_277' title='bbox 1352 1746 1408 1784; x_wconf 90' lang='lat' dir='ltr'><strong>sic</strong></span> <span class='ocrx_word' id='word_1_278' title='bbox 1438 1746 1475 1782; x_wconf 91' lang='lat' dir='ltr'><strong>in</strong></span> <span class='ocrx_word' id='word_1_279' title='bbox 1506 1747 1770 1784; x_wconf 84' lang='lat' dir='ltr'><strong>consonantiis</strong></span> <span class='ocrx_word' id='word_1_280' title='bbox 1800 1748 1882 1784; x_wconf 91' lang='lat' dir='ltr'><strong>toni</strong></span> 
     </span>
     <span class='ocr_line' id='line_1_29' title="bbox 94 1800 1882 1853; baseline 0.003 -15"><span class='ocrx_word' id='word_1_281' title='bbox 94 1800 359 1850; x_wconf 84' lang='lat' dir='ltr'><strong>intelligantur</strong></span> <span class='ocrx_word' id='word_1_282' title='bbox 379 1804 563 1840; x_wconf 86' lang='lat' dir='ltr'><strong>acervari.</strong></span> <span class='ocrx_word' id='word_1_283' title='bbox 627 1802 678 1839; x_wconf 83' lang='lat' dir='ltr'><strong>At</strong></span> <span class='ocrx_word' id='word_1_284' title='bbox 699 1803 791 1851; x_wconf 88' lang='lat' dir='ltr'><strong>qnid</strong></span> <span class='ocrx_word' id='word_1_285' title='bbox 811 1814 909 1853; x_wconf 88' lang='lat' dir='ltr'><strong>opus</strong></span> <span class='ocrx_word' id='word_1_286' title='bbox 930 1809 1000 1851; x_wconf 88' lang='lat' dir='ltr'><strong>est,</strong></span> <span class='ocrx_word' id='word_1_287' title='bbox 1031 1804 1212 1851; x_wconf 88' lang='lat' dir='ltr'><strong>Roberte,</strong></span> <span class='ocrx_word' id='word_1_288' title='bbox 1245 1809 1368 1842; x_wconf 90' lang='lat' dir='ltr'><strong>ortum</strong></span> <span class='ocrx_word' id='word_1_289' title='bbox 1391 1804 1728 1842; x_wconf 86' lang='lat' dir='ltr'><strong>consonantiarum</strong></span> <span class='ocrx_word' id='word_1_290' title='bbox 1748 1815 1882 1844; x_wconf 84' lang='lat' dir='ltr'><strong>eruere</strong></span> 
     </span>
     <span class='ocr_line' id='line_1_30' title="bbox 94 1857 1881 1912; baseline 0.002 -16"><span class='ocrx_word' id='word_1_291' title='bbox 94 1857 141 1897; x_wconf 90' lang='lat' dir='ltr'><strong>de</strong></span> <span class='ocrx_word' id='word_1_292' title='bbox 169 1868 275 1896; x_wconf 85' lang='lat' dir='ltr'><strong>novo</strong></span> <span class='ocrx_word' id='word_1_293' title='bbox 305 1863 353 1897; x_wconf 74' lang='lat' dir='ltr'><strong>ex‘</strong></span> <span class='ocrx_word' id='word_1_294' title='bbox 381 1860 570 1898; x_wconf 85' lang='lat' dir='ltr'><strong>similibus</strong></span> <span class='ocrx_word' id='word_1_295' title='bbox 600 1860 929 1908; x_wconf 89' lang='lat' dir='ltr'><strong>claudicantibus,</strong></span> <span class='ocrx_word' id='word_1_296' title='bbox 970 1873 1055 1900; x_wconf 89' lang='lat' dir='ltr'><strong>cum</strong></span> <span class='ocrx_word' id='word_1_297' title='bbox 1086 1864 1138 1900; x_wconf 90' lang='lat' dir='ltr'><strong>sit</strong></span> <span class='ocrx_word' id='word_1_298' title='bbox 1169 1864 1206 1899; x_wconf 92' lang='lat' dir='ltr'><strong>in</strong></span> <span class='ocrx_word' id='word_1_299' title='bbox 1237 1867 1389 1912; x_wconf 86' lang='lat' dir='ltr'><strong>promtu</strong></span> <span class='ocrx_word' id='word_1_300' title='bbox 1429 1861 1619 1911; x_wconf 87' lang='lat' dir='ltr'><strong>genuinus</strong></span> <span class='ocrx_word' id='word_1_301' title='bbox 1649 1866 1688 1900; x_wconf 91' lang='lat' dir='ltr'><strong>et</strong></span> <span class='ocrx_word' id='word_1_302' title='bbox 1719 1863 1881 1901; x_wconf 87' lang='lat' dir='ltr'><strong>verissi-</strong></span> 
     </span>
     <span class='ocr_line' id='line_1_31' title="bbox 95 1918 1881 1970; baseline 0.002 -16"><span class='ocrx_word' id='word_1_303' title='bbox 95 1927 181 1954; x_wconf 85' lang='lat' dir='ltr'><strong>mus</strong></span> <span class='ocrx_word' id='word_1_304' title='bbox 211 1927 345 1954; x_wconf 84' lang='lat' dir='ltr'><strong>earum</strong></span> <span class='ocrx_word' id='word_1_305' title='bbox 377 1923 482 1955; x_wconf 84' lang='lat' dir='ltr'><strong>ortus</strong></span> <span class='ocrx_word' id='word_1_306' title='bbox 514 1929 561 1956; x_wconf 84' lang='lat' dir='ltr'><strong>ex</strong></span> <span class='ocrx_word' id='word_1_307' title='bbox 592 1920 762 1957; x_wconf 88' lang='lat' dir='ltr'><strong>sectione</strong></span> <span class='ocrx_word' id='word_1_308' title='bbox 794 1919 962 1958; x_wconf 89' lang='lat' dir='ltr'><strong>chordae</strong></span> <span class='ocrx_word' id='word_1_309' title='bbox 992 1919 1206 1966; x_wconf 87' lang='lat' dir='ltr'><strong>circularis,</strong></span> <span class='ocrx_word' id='word_1_310' title='bbox 1246 1931 1346 1970; x_wconf 87' lang='lat' dir='ltr'><strong>quae</strong></span> <span class='ocrx_word' id='word_1_311' title='bbox 1376 1919 1419 1957; x_wconf 83' lang='lat' dir='ltr'><strong>fit</strong></span> <span class='ocrx_word' id='word_1_312' title='bbox 1449 1930 1516 1969; x_wconf 88' lang='lat' dir='ltr'><strong>per</strong></span> <span class='ocrx_word' id='word_1_313' title='bbox 1545 1918 1719 1968; x_wconf 74' lang='lat' dir='ltr'><strong>figuras?</strong></span> <span class='ocrx_word' id='word_1_314' title='bbox 1777 1919 1881 1969; x_wconf 79' lang='lat' dir='ltr'><strong>Quid</strong></span> 
     </span>
     <span class='ocr_line' id='line_1_32' title="bbox 95 1975 1883 2027; baseline 0.002 -15"><span class='ocrx_word' id='word_1_315' title='bbox 95 1985 193 2024; x_wconf 90' lang='lat' dir='ltr'><strong>opus</strong></span> <span class='ocrx_word' id='word_1_316' title='bbox 220 1975 465 2025; x_wconf 79' lang='lat' dir='ltr'><strong>transfugere</strong></span> <span class='ocrx_word' id='word_1_317' title='bbox 496 1976 545 2014; x_wconf 89' lang='lat' dir='ltr'><strong>ad</strong></span> <span class='ocrx_word' id='word_1_318' title='bbox 577 1976 861 2015; x_wconf 88' lang='lat' dir='ltr'><strong>multitudinem</strong></span> <span class='ocrx_word' id='word_1_319' title='bbox 892 1977 1054 2016; x_wconf 89' lang='lat' dir='ltr'><strong>laterum</strong></span> <span class='ocrx_word' id='word_1_320' title='bbox 1084 1978 1242 2027; x_wconf 84' lang='lat' dir='ltr'><strong>figurae,</strong></span> <span class='ocrx_word' id='word_1_321' title='bbox 1274 1980 1304 2015; x_wconf 91' lang='lat' dir='ltr'><strong>si</strong></span> <span class='ocrx_word' id='word_1_322' title='bbox 1325 1977 1435 2016; x_wconf 89' lang='lat' dir='ltr'><strong>locus</strong></span> <span class='ocrx_word' id='word_1_323' title='bbox 1456 1981 1515 2015; x_wconf 91' lang='lat' dir='ltr'><strong>est</strong></span> <span class='ocrx_word' id='word_1_324' title='bbox 1539 1978 1639 2015; x_wconf 91' lang='lat' dir='ltr'><strong>ortui</strong></span> <span class='ocrx_word' id='word_1_325' title='bbox 1661 1989 1883 2016; x_wconf 89' lang='lat' dir='ltr'><strong>consonan-</strong></span> 
     </span>
     <span class='ocr_line' id='line_1_33' title="bbox 94 2033 1879 2086; baseline 0.003 -16"><span class='ocrx_word' id='word_1_326' title='bbox 94 2033 232 2070; x_wconf 89' lang='lat' dir='ltr'><strong>tiarum</strong></span> <span class='ocrx_word' id='word_1_327' title='bbox 262 2033 302 2070; x_wconf 91' lang='lat' dir='ltr'><strong>in</strong></span> <span class='ocrx_word' id='word_1_328' title='bbox 332 2036 579 2084; x_wconf 89' lang='lat' dir='ltr'><strong>proportione</strong></span> <span class='ocrx_word' id='word_1_329' title='bbox 621 2037 915 2073; x_wconf 86' lang='lat' dir='ltr'><strong>constitutarum</strong></span> <span class='ocrx_word' id='word_1_330' title='bbox 946 2038 1112 2086; x_wconf 89' lang='lat' dir='ltr'><strong>partium</strong></span> <span class='ocrx_word' id='word_1_331' title='bbox 1153 2035 1313 2074; x_wconf 73' lang='lat' dir='ltr'><strong>circuli?</strong></span> <span class='ocrx_word' id='word_1_332' title='bbox 1371 2035 1459 2074; x_wconf 85' lang='lat' dir='ltr'><strong>Non</strong></span> <span class='ocrx_word' id='word_1_333' title='bbox 1489 2034 1653 2082; x_wconf 85' lang='lat' dir='ltr'><strong>habent,</strong></span> <span class='ocrx_word' id='word_1_334' title='bbox 1696 2035 1879 2084; x_wconf 86' lang='lat' dir='ltr'><strong>Roberte,</strong></span> 
     </span>
     <span class='ocr_line' id='line_1_34' title="bbox 94 2091 1882 2143; baseline 0.003 -15"><span class='ocrx_word' id='word_1_335' title='bbox 94 2092 371 2129; x_wconf 80' lang='lat' dir='ltr'><strong>consonantiae</strong></span> <span class='ocrx_word' id='word_1_336' title='bbox 401 2103 473 2129; x_wconf 86' lang='lat' dir='ltr'><strong>sua</strong></span> <span class='ocrx_word' id='word_1_337' title='bbox 502 2091 760 2130; x_wconf 88' lang='lat' dir='ltr'><strong>multitudinis</strong></span> <span class='ocrx_word' id='word_1_338' title='bbox 781 2095 936 2131; x_wconf 90' lang='lat' dir='ltr'><strong>nomina</strong></span> <span class='ocrx_word' id='word_1_339' title='bbox 961 2106 982 2131; x_wconf 86' lang='lat' dir='ltr'><strong>a</strong></span> <span class='ocrx_word' id='word_1_340' title='bbox 1000 2105 1158 2132; x_wconf 88' lang='lat' dir='ltr'><strong>numero</strong></span> <span class='ocrx_word' id='word_1_341' title='bbox 1180 2094 1342 2131; x_wconf 87' lang='lat' dir='ltr'><strong>laterum</strong></span> <span class='ocrx_word' id='word_1_342' title='bbox 1368 2093 1528 2142; x_wconf 82' lang='lat' dir='ltr'><strong>figurae,</strong></span> <span class='ocrx_word' id='word_1_343' title='bbox 1565 2104 1664 2142; x_wconf 89' lang='lat' dir='ltr'><strong>quae</strong></span> <span class='ocrx_word' id='word_1_344' title='bbox 1685 2099 1882 2143; x_wconf 82' lang='lat' dir='ltr'><strong>quamque</strong></span> 
     </span>
     <span class='ocr_line' id='line_1_35' title="bbox 94 2148 1880 2201; baseline 0.003 -17"><span class='ocrx_word' id='word_1_345' title='bbox 94 2148 232 2197; x_wconf 85' lang='lat' dir='ltr'><strong>gignit.</strong></span> <span class='ocrx_word' id='word_1_346' title='bbox 291 2148 341 2186; x_wconf 90' lang='lat' dir='ltr'><strong>Et</strong></span> <span class='ocrx_word' id='word_1_347' title='bbox 372 2151 464 2198; x_wconf 89' lang='lat' dir='ltr'><strong>quia</strong></span> <span class='ocrx_word' id='word_1_348' title='bbox 495 2149 541 2188; x_wconf 91' lang='lat' dir='ltr'><strong>de</strong></span> <span class='ocrx_word' id='word_1_349' title='bbox 572 2149 708 2188; x_wconf 90' lang='lat' dir='ltr'><strong>iisdem</strong></span> <span class='ocrx_word' id='word_1_350' title='bbox 738 2151 870 2200; x_wconf 88' lang='lat' dir='ltr'><strong>figuris</strong></span> <span class='ocrx_word' id='word_1_351' title='bbox 900 2157 942 2189; x_wconf 91' lang='lat' dir='ltr'><strong>tu</strong></span> <span class='ocrx_word' id='word_1_352' title='bbox 972 2151 1156 2199; x_wconf 82' lang='lat' dir='ltr'><strong>balbutis,</strong></span> <span class='ocrx_word' id='word_1_353' title='bbox 1189 2163 1287 2201; x_wconf 85' lang='lat' dir='ltr'><strong>quas</strong></span> <span class='ocrx_word' id='word_1_354' title='bbox 1318 2157 1355 2190; x_wconf 88' lang='lat' dir='ltr'><strong>et</strong></span> <span class='ocrx_word' id='word_1_355' title='bbox 1386 2161 1459 2201; x_wconf 91' lang='lat' dir='ltr'><strong>ego</strong></span> <span class='ocrx_word' id='word_1_356' title='bbox 1490 2150 1648 2189; x_wconf 85' lang='lat' dir='ltr'><strong>adhibui</strong></span> <span class='ocrx_word' id='word_1_357' title='bbox 1681 2151 1730 2189; x_wconf 91' lang='lat' dir='ltr'><strong>ad</strong></span> <span class='ocrx_word' id='word_1_358' title='bbox 1761 2162 1880 2200; x_wconf 71' lang='lat' dir='ltr'><strong>gene-</strong></span> 
     </span>
     <span class='ocr_line' id='line_1_36' title="bbox 60 2207 1881 2258; baseline 0.003 -16"><span class='ocrx_word' id='word_1_359' title='bbox 60 2240 65 2249; x_wconf 67' lang='grc'>,</span> <span class='ocrx_word' id='word_1_360' title='bbox 94 2207 284 2244; x_wconf 86' lang='lat' dir='ltr'><strong>rationem</strong></span> <span class='ocrx_word' id='word_1_361' title='bbox 315 2209 671 2255; x_wconf 84' lang='lat' dir='ltr'><strong>consonantiarum,</strong></span> <span class='ocrx_word' id='word_1_362' title='bbox 712 2220 805 2257; x_wconf 86' lang='lat' dir='ltr'><strong>age,</strong></span> <span class='ocrx_word' id='word_1_363' title='bbox 847 2209 1047 2248; x_wconf 88' lang='lat' dir='ltr'><strong>discrimen</strong></span> <span class='ocrx_word' id='word_1_364' title='bbox 1079 2210 1280 2248; x_wconf 86' lang='lat' dir='ltr'><strong>ostendam</strong></span> <span class='ocrx_word' id='word_1_365' title='bbox 1313 2211 1411 2247; x_wconf 91' lang='lat' dir='ltr'><strong>inter</strong></span> <span class='ocrx_word' id='word_1_366' title='bbox 1440 2209 1499 2254; x_wconf 88' lang='lat' dir='ltr'><strong>id,</strong></span> <span class='ocrx_word' id='word_1_367' title='bbox 1541 2208 1646 2258; x_wconf 86' lang='lat' dir='ltr'><strong>quod</strong></span> <span class='ocrx_word' id='word_1_368' title='bbox 1677 2219 1811 2247; x_wconf 83' lang='lat' dir='ltr'><strong>verum</strong></span> <span class='ocrx_word' id='word_1_369' title='bbox 1841 2215 1881 2248; x_wconf 87' lang='lat' dir='ltr'><strong>et</strong></span> 
     </span>
     <span class='ocr_line' id='line_1_37' title="bbox 97 2262 1880 2317; baseline 0.003 -17"><span class='ocrx_word' id='word_1_370' title='bbox 97 2262 253 2308; x_wconf 90' lang='lat' dir='ltr'><strong>clarum,</strong></span> <span class='ocrx_word' id='word_1_371' title='bbox 284 2269 322 2301; x_wconf 90' lang='lat' dir='ltr'><strong>et</strong></span> <span class='ocrx_word' id='word_1_372' title='bbox 351 2264 402 2311; x_wconf 83' lang='lat' dir='ltr'><strong>id,</strong></span> <span class='ocrx_word' id='word_1_373' title='bbox 435 2265 538 2313; x_wconf 87' lang='lat' dir='ltr'><strong>quod</strong></span> <span class='ocrx_word' id='word_1_374' title='bbox 570 2270 611 2302; x_wconf 88' lang='lat' dir='ltr'><strong>tu</strong></span> <span class='ocrx_word' id='word_1_375' title='bbox 643 2268 825 2307; x_wconf 81' lang='lat' dir='ltr'><strong>somnias,</strong></span> <span class='ocrx_word' id='word_1_376' title='bbox 886 2267 945 2305; x_wconf 87' lang='lat' dir='ltr'><strong>Sit</strong></span> <span class='ocrx_word' id='word_1_377' title='bbox 975 2268 1083 2305; x_wconf 84' lang='lat' dir='ltr'><strong>verbi</strong></span> <span class='ocrx_word' id='word_1_378' title='bbox 1115 2279 1232 2305; x_wconf 85' lang='lat' dir='ltr'><strong>causa</strong></span> <span class='ocrx_word' id='word_1_379' title='bbox 1272 2273 1534 2317; x_wconf 81' lang='lat' dir='ltr'><strong>pentagonus3</strong></span> <span class='ocrx_word' id='word_1_380' title='bbox 1574 2267 1676 2304; x_wconf 85' lang='lat' dir='ltr'><strong>hunc</strong></span> <span class='ocrx_word' id='word_1_381' title='bbox 1714 2272 1756 2304; x_wconf 90' lang='lat' dir='ltr'><strong>tu</strong></span> <span class='ocrx_word' id='word_1_382' title='bbox 1785 2278 1880 2317; x_wconf 88' lang='lat' dir='ltr'><strong>pro-</strong></span> 
     </span>
     <span class='ocr_line' id='line_1_38' title="bbox 97 2320 1880 2375; baseline 0.004 -18"><span class='ocrx_word' id='word_1_383' title='bbox 97 2320 159 2358; x_wconf 90' lang='lat' dir='ltr'><strong>cul</strong></span> <span class='ocrx_word' id='word_1_384' title='bbox 190 2321 308 2359; x_wconf 87' lang='lat' dir='ltr'><strong>dubio</strong></span> <span class='ocrx_word' id='word_1_385' title='bbox 339 2331 580 2372; x_wconf 85' lang='lat' dir='ltr'><strong>comparares</strong></span> <span class='ocrx_word' id='word_1_386' title='bbox 611 2329 762 2371; x_wconf 83' lang='lat' dir='ltr'><strong>sextae,</strong></span> <span class='ocrx_word' id='word_1_387' title='bbox 803 2326 896 2374; x_wconf 86' lang='lat' dir='ltr'><strong>quia</strong></span> <span class='ocrx_word' id='word_1_388' title='bbox 930 2330 974 2362; x_wconf 93' lang='lat' dir='ltr'><strong>ut</strong></span> <span class='ocrx_word' id='word_1_389' title='bbox 1003 2331 1246 2375; x_wconf 86' lang='lat' dir='ltr'><strong>pentagonus</strong></span> <span class='ocrx_word' id='word_1_390' title='bbox 1284 2325 1403 2363; x_wconf 85' lang='lat' dir='ltr'><strong>babet</strong></span> <span class='ocrx_word' id='word_1_391' title='bbox 1443 2325 1613 2373; x_wconf 87' lang='lat' dir='ltr'><strong>quinque</strong></span> <span class='ocrx_word' id='word_1_392' title='bbox 1643 2323 1784 2372; x_wconf 90' lang='lat' dir='ltr'><strong>latera,</strong></span> <span class='ocrx_word' id='word_1_393' title='bbox 1822 2326 1880 2364; x_wconf 86' lang='lat' dir='ltr'><strong>sic</strong></span> 
     </span>
     <span class='ocr_line' id='line_1_39' title="bbox 98 2380 1881 2432; baseline 0.003 -17"><span class='ocrx_word' id='word_1_394' title='bbox 98 2381 209 2417; x_wconf 81' lang='lat' dir='ltr'><strong>sexta</strong></span> <span class='ocrx_word' id='word_1_395' title='bbox 239 2380 409 2428; x_wconf 85' lang='lat' dir='ltr'><strong>quinque</strong></span> <span class='ocrx_word' id='word_1_396' title='bbox 441 2381 558 2418; x_wconf 88' lang='lat' dir='ltr'><strong>habet</strong></span> <span class='ocrx_word' id='word_1_397' title='bbox 589 2386 702 2420; x_wconf 90' lang='lat' dir='ltr'><strong>tonos</strong></span> <span class='ocrx_word' id='word_1_398' title='bbox 731 2384 982 2432; x_wconf 87' lang='lat' dir='ltr'><strong>promiscuos.</strong></span> <span class='ocrx_word' id='word_1_399' title='bbox 1047 2383 1098 2420; x_wconf 82' lang='lat' dir='ltr'><strong>At</strong></span> <span class='ocrx_word' id='word_1_400' title='bbox 1136 2384 1242 2420; x_wconf 85' lang='lat' dir='ltr'><strong>irrita</strong></span> <span class='ocrx_word' id='word_1_401' title='bbox 1282 2387 1341 2420; x_wconf 85' lang='lat' dir='ltr'><strong>est</strong></span> <span class='ocrx_word' id='word_1_402' title='bbox 1371 2383 1631 2431; x_wconf 86' lang='lat' dir='ltr'><strong>comparatio,</strong></span> <span class='ocrx_word' id='word_1_403' title='bbox 1669 2393 1747 2420; x_wconf 91' lang='lat' dir='ltr'><strong>non</strong></span> <span class='ocrx_word' id='word_1_404' title='bbox 1778 2383 1881 2421; x_wconf 88' lang='lat' dir='ltr'><strong>enim</strong></span> 
     </span>
     <span class='ocr_line' id='line_1_40' title="bbox 48 2434 1879 2489; baseline 0.003 -16"><span class='ocrx_word' id='word_1_405' title='bbox 48 2453 54 2458; x_wconf 80' lang='lat'><em>-</em></span> <span class='ocrx_word' id='word_1_406' title='bbox 98 2434 302 2474; x_wconf 85' lang='lat' dir='ltr'><strong>discrimen</strong></span> <span class='ocrx_word' id='word_1_407' title='bbox 334 2437 453 2475; x_wconf 91' lang='lat' dir='ltr'><strong>ullum</strong></span> <span class='ocrx_word' id='word_1_408' title='bbox 484 2439 628 2476; x_wconf 87' lang='lat' dir='ltr'><strong>indicat</strong></span> <span class='ocrx_word' id='word_1_409' title='bbox 657 2440 756 2478; x_wconf 90' lang='lat' dir='ltr'><strong>inter</strong></span> <span class='ocrx_word' id='word_1_410' title='bbox 785 2446 927 2484; x_wconf 85' lang='lat' dir='ltr'><strong>sextas,</strong></span> <span class='ocrx_word' id='word_1_411' title='bbox 958 2440 1143 2489; x_wconf 85' lang='lat' dir='ltr'><strong>majorem</strong></span> <span class='ocrx_word' id='word_1_412' title='bbox 1177 2445 1214 2478; x_wconf 87' lang='lat' dir='ltr'><strong>et</strong></span> <span class='ocrx_word' id='word_1_413' title='bbox 1233 2442 1429 2478; x_wconf 90' lang='lat' dir='ltr'><strong>minorem.</strong></span> <span class='ocrx_word' id='word_1_414' title='bbox 1494 2439 1615 2478; x_wconf 86' lang='lat' dir='ltr'><strong>Aliter</strong></span> <span class='ocrx_word' id='word_1_415' title='bbox 1645 2448 1730 2489; x_wconf 89' lang='lat' dir='ltr'><strong>ego.</strong></span> <span class='ocrx_word' id='word_1_416' title='bbox 1780 2440 1879 2479; x_wconf 86' lang='lat' dir='ltr'><strong>Nam</strong></span> 
     </span>
     <span class='ocr_line' id='line_1_41' title="bbox 97 2495 1879 2547; baseline 0.003 -16"><span class='ocrx_word' id='word_1_417' title='bbox 97 2495 405 2541; x_wconf 86' lang='lat' dir='ltr'><strong>consonantiam,</strong></span> <span class='ocrx_word' id='word_1_418' title='bbox 450 2507 549 2545; x_wconf 88' lang='lat' dir='ltr'><strong>quae</strong></span> <span class='ocrx_word' id='word_1_419' title='bbox 587 2498 700 2535; x_wconf 87' lang='lat' dir='ltr'><strong>tertia</strong></span> <span class='ocrx_word' id='word_1_420' title='bbox 731 2498 856 2546; x_wconf 87' lang='lat' dir='ltr'><strong>major</strong></span> <span class='ocrx_word' id='word_1_421' title='bbox 885 2497 1040 2542; x_wconf 88' lang='lat' dir='ltr'><strong>dicitur,</strong></span> <span class='ocrx_word' id='word_1_422' title='bbox 1084 2498 1197 2536; x_wconf 88' lang='lat' dir='ltr'><strong>elicio</strong></span> <span class='ocrx_word' id='word_1_423' title='bbox 1229 2509 1276 2535; x_wconf 86' lang='lat' dir='ltr'><strong>ex</strong></span> <span class='ocrx_word' id='word_1_424' title='bbox 1305 2502 1549 2547; x_wconf 88' lang='lat' dir='ltr'><strong>pentagono,</strong></span> <span class='ocrx_word' id='word_1_425' title='bbox 1589 2498 1655 2547; x_wconf 89' lang='lat' dir='ltr'><strong>qui</strong></span> <span class='ocrx_word' id='word_1_426' title='bbox 1697 2497 1879 2536; x_wconf 87' lang='lat' dir='ltr'><strong>circulum</strong></span> 
     </span>
     <span class='ocr_line' id='line_1_42' title="bbox 99 2550 1880 2605; baseline 0.004 -18"><span class='ocrx_word' id='word_1_427' title='bbox 99 2550 302 2600; x_wconf 80' lang='lat' dir='ltr'><strong>distinguit</strong></span> <span class='ocrx_word' id='word_1_428' title='bbox 329 2554 367 2588; x_wconf 93' lang='lat' dir='ltr'><strong>in</strong></span> <span class='ocrx_word' id='word_1_429' title='bbox 400 2565 510 2591; x_wconf 90' lang='lat' dir='ltr'><strong>arcus</strong></span> <span class='ocrx_word' id='word_1_430' title='bbox 540 2554 724 2602; x_wconf 89' lang='lat' dir='ltr'><strong>aequales</strong></span> <span class='ocrx_word' id='word_1_431' title='bbox 755 2556 940 2604; x_wconf 87' lang='lat' dir='ltr'><strong>quinque.</strong></span> <span class='ocrx_word' id='word_1_432' title='bbox 1001 2555 1093 2594; x_wconf 87' lang='lat' dir='ltr'><strong>Sive</strong></span> <span class='ocrx_word' id='word_1_433' title='bbox 1135 2556 1251 2605; x_wconf 84' lang='lat' dir='ltr'><strong>igitur</strong></span> <span class='ocrx_word' id='word_1_434' title='bbox 1287 2560 1411 2593; x_wconf 89' lang='lat' dir='ltr'><strong>totum</strong></span> <span class='ocrx_word' id='word_1_435' title='bbox 1443 2553 1880 2605; x_wconf 77' lang='lat' dir='ltr'><strong>circulum-comparem</strong></span> 
     </span>
     <span class='ocr_line' id='line_1_43' title="bbox 100 2612 1880 2663; baseline 0.004 -18"><span class='ocrx_word' id='word_1_436' title='bbox 100 2620 185 2646; x_wconf 91' lang='lat' dir='ltr'><strong>cum</strong></span> <span class='ocrx_word' id='word_1_437' title='bbox 216 2615 383 2658; x_wconf 88' lang='lat' dir='ltr'><strong>quatuor</strong></span> <span class='ocrx_word' id='word_1_438' title='bbox 411 2612 491 2648; x_wconf 89' lang='lat' dir='ltr'><strong>suis</strong></span> <span class='ocrx_word' id='word_1_439' title='bbox 522 2613 677 2660; x_wconf 89' lang='lat' dir='ltr'><strong>quintis,</strong></span> <span class='ocrx_word' id='word_1_440' title='bbox 711 2614 795 2651; x_wconf 90' lang='lat' dir='ltr'><strong>sive</strong></span> <span class='ocrx_word' id='word_1_441' title='bbox 826 2615 998 2663; x_wconf 87' lang='lat' dir='ltr'><strong>quinque</strong></span> <span class='ocrx_word' id='word_1_442' title='bbox 1018 2615 1226 2663; x_wconf 87' lang='lat' dir='ltr'><strong>pentagoni</strong></span> <span class='ocrx_word' id='word_1_443' title='bbox 1259 2613 1381 2651; x_wconf 83' lang='lat' dir='ltr'><strong>latera</strong></span> <span class='ocrx_word' id='word_1_444' title='bbox 1410 2614 1448 2650; x_wconf 87' lang='lat' dir='ltr'><strong>in</strong></span> <span class='ocrx_word' id='word_1_445' title='bbox 1471 2623 1587 2650; x_wconf 88' lang='lat' dir='ltr'><strong>unam</strong></span> <span class='ocrx_word' id='word_1_446' title='bbox 1606 2618 1750 2651; x_wconf 88' lang='lat' dir='ltr'><strong>rectam</strong></span> <span class='ocrx_word' id='word_1_447' title='bbox 1772 2624 1880 2652; x_wconf 90' lang='lat' dir='ltr'><strong>com-</strong></span> 
     </span>
     <span class='ocr_line' id='line_1_44' title="bbox 97 2666 1882 2725; baseline 0.003 -21"><span class='ocrx_word' id='word_1_448' title='bbox 97 2666 226 2715; x_wconf 85' lang='lat' dir='ltr'><strong>posita</strong></span> <span class='ocrx_word' id='word_1_449' title='bbox 262 2677 348 2704; x_wconf 88' lang='lat' dir='ltr'><strong>cum</strong></span> <span class='ocrx_word' id='word_1_450' title='bbox 379 2667 562 2705; x_wconf 88' lang='lat' dir='ltr'><strong>lateribus</strong></span> <span class='ocrx_word' id='word_1_451' title='bbox 599 2669 683 2717; x_wconf 84' lang='lat' dir='ltr'><strong>ejus</strong></span> <span class='ocrx_word' id='word_1_452' title='bbox 722 2676 908 2718; x_wconf 87' lang='lat' dir='ltr'><strong>quatuor,</strong></span> <span class='ocrx_word' id='word_1_453' title='bbox 950 2673 1129 2720; x_wconf 88' lang='lat' dir='ltr'><strong>utrinque</strong></span> <span class='ocrx_word' id='word_1_454' title='bbox 1159 2671 1253 2709; x_wconf 90' lang='lat' dir='ltr'><strong>mihi</strong></span> <span class='ocrx_word' id='word_1_455' title='bbox 1291 2672 1460 2720; x_wconf 82' lang='lat' dir='ltr'><strong>gignitur</strong></span> <span class='ocrx_word' id='word_1_456' title='bbox 1496 2671 1694 2719; x_wconf 89' lang='lat' dir='ltr'><strong>proportio</strong></span> <span class='ocrx_word' id='word_1_457' title='bbox 1726 2668 1802 2725; x_wconf 64' lang='lat'><strong>75,</strong></span> <span class='ocrx_word' id='word_1_458' title='bbox 1842 2676 1882 2710; x_wconf 82' lang='lat' dir='ltr'><strong>et</strong></span> 
     </span>
     <span class='ocr_line' id='line_1_45' title="bbox 98 2725 1879 2778; baseline 0.004 -18"><span class='ocrx_word' id='word_1_459' title='bbox 98 2725 298 2761; x_wconf 88' lang='lat' dir='ltr'><strong>inveniunt</strong></span> <span class='ocrx_word' id='word_1_460' title='bbox 328 2736 460 2772; x_wconf 87' lang='lat' dir='ltr'><strong>aures,</strong></span> <span class='ocrx_word' id='word_1_461' title='bbox 504 2736 725 2764; x_wconf 86' lang='lat' dir='ltr'><strong>consonare</strong></span> <span class='ocrx_word' id='word_1_462' title='bbox 744 2727 907 2766; x_wconf 87' lang='lat' dir='ltr'><strong>chordas</strong></span> <span class='ocrx_word' id='word_1_463' title='bbox 947 2728 1122 2778; x_wconf 78' lang='lat' dir='ltr'><strong>eJusdem</strong></span> <span class='ocrx_word' id='word_1_464' title='bbox 1153 2730 1339 2767; x_wconf 88' lang='lat' dir='ltr'><strong>tensionis</strong></span> <span class='ocrx_word' id='word_1_465' title='bbox 1378 2730 1435 2767; x_wconf 90' lang='lat' dir='ltr'><strong>sic</strong></span> <span class='ocrx_word' id='word_1_466' title='bbox 1464 2733 1720 2776; x_wconf 82' lang='lat' dir='ltr'><strong>comparatas.</strong></span> <span class='ocrx_word' id='word_1_467' title='bbox 1780 2729 1879 2767; x_wconf 71' lang='lat' dir='ltr'><strong>Mihi</strong></span> 
     </span>
     <span class='ocr_line' id='line_1_46' title="bbox 98 2782 1879 2836; baseline 0.004 -19"><span class='ocrx_word' id='word_1_468' title='bbox 98 2783 214 2830; x_wconf 84' lang='lat' dir='ltr'><strong>igitur</strong></span> <span class='ocrx_word' id='word_1_469' title='bbox 249 2782 418 2830; x_wconf 86' lang='lat' dir='ltr'><strong>gignitur</strong></span> <span class='ocrx_word' id='word_1_470' title='bbox 455 2782 586 2832; x_wconf 86' lang='lat' dir='ltr'><strong>aliqua</strong></span> <span class='ocrx_word' id='word_1_471' title='bbox 626 2787 878 2823; x_wconf 86' lang='lat' dir='ltr'><strong>consonantia</strong></span> <span class='ocrx_word' id='word_1_472' title='bbox 915 2798 940 2824; x_wconf 88' lang='lat' dir='ltr'><strong>a</strong></span> <span class='ocrx_word' id='word_1_473' title='bbox 968 2794 1208 2836; x_wconf 88' lang='lat' dir='ltr'><strong>pentagono,</strong></span> <span class='ocrx_word' id='word_1_474' title='bbox 1249 2792 1289 2824; x_wconf 85' lang='lat' dir='ltr'><strong>at</strong></span> <span class='ocrx_word' id='word_1_475' title='bbox 1324 2795 1400 2823; x_wconf 90' lang='lat' dir='ltr'><strong>non</strong></span> <span class='ocrx_word' id='word_1_476' title='bbox 1431 2785 1571 2834; x_wconf 88' lang='lat' dir='ltr'><strong>accipit</strong></span> <span class='ocrx_word' id='word_1_477' title='bbox 1599 2795 1760 2834; x_wconf 90' lang='lat' dir='ltr'><strong>nomen,</strong></span> <span class='ocrx_word' id='word_1_478' title='bbox 1802 2798 1879 2825; x_wconf 91' lang='lat' dir='ltr'><strong>non</strong></span> 
     </span>
     <span class='ocr_line' id='line_1_47' title="bbox 97 2843 1881 2893; baseline 0.004 -17"><span class='ocrx_word' id='word_1_479' title='bbox 97 2849 296 2876; x_wconf 89' lang='lat' dir='ltr'><strong>numerum</strong></span> <span class='ocrx_word' id='word_1_480' title='bbox 335 2844 515 2877; x_wconf 88' lang='lat' dir='ltr'><strong>tonorum</strong></span> <span class='ocrx_word' id='word_1_481' title='bbox 554 2851 578 2877; x_wconf 87' lang='lat' dir='ltr'><strong>a</strong></span> <span class='ocrx_word' id='word_1_482' title='bbox 607 2846 843 2890; x_wconf 87' lang='lat' dir='ltr'><strong>pentagono.</strong></span> <span class='ocrx_word' id='word_1_483' title='bbox 904 2843 953 2881; x_wconf 86' lang='lat' dir='ltr'><strong>Et</strong></span> <span class='ocrx_word' id='word_1_484' title='bbox 983 2846 1015 2882; x_wconf 87' lang='lat' dir='ltr'><strong>si</strong></span> <span class='ocrx_word' id='word_1_485' title='bbox 1055 2844 1163 2882; x_wconf 86' lang='lat' dir='ltr'><strong>nulla</strong></span> <span class='ocrx_word' id='word_1_486' title='bbox 1194 2843 1270 2881; x_wconf 87' lang='lat' dir='ltr'><strong>alia</strong></span> <span class='ocrx_word' id='word_1_487' title='bbox 1301 2848 1404 2881; x_wconf 75' lang='lat' dir='ltr'><strong>esset</strong></span> <span class='ocrx_word' id='word_1_488' title='bbox 1434 2845 1687 2881; x_wconf 86' lang='lat' dir='ltr'><strong>consonantia</strong></span> <span class='ocrx_word' id='word_1_489' title='bbox 1725 2850 1881 2893; x_wconf 81' lang='lat' dir='ltr'><strong>praeter</strong></span> 
     </span>
     <span class='ocr_line' id='line_1_48' title="bbox 98 2895 1879 2950; baseline 0.004 -17"><span class='ocrx_word' id='word_1_490' title='bbox 98 2895 209 2943; x_wconf 86' lang='lat' dir='ltr'><strong>hanc,</strong></span> <span class='ocrx_word' id='word_1_491' title='bbox 242 2901 379 2934; x_wconf 90' lang='lat' dir='ltr'><strong>natura</strong></span> <span class='ocrx_word' id='word_1_492' title='bbox 409 2896 693 2935; x_wconf 85' lang='lat' dir='ltr'><strong>hanc.unicam</strong></span> <span class='ocrx_word' id='word_1_493' title='bbox 723 2909 800 2936; x_wconf 91' lang='lat' dir='ltr'><strong>non</strong></span> <span class='ocrx_word' id='word_1_494' title='bbox 831 2899 986 2939; x_wconf 81' lang='lat' dir='ltr'><strong>doceret</strong></span> <span class='ocrx_word' id='word_1_495' title='bbox 1026 2903 1063 2938; x_wconf 86' lang='lat' dir='ltr'><strong>in</strong></span> <span class='ocrx_word' id='word_1_496' title='bbox 1096 2908 1208 2940; x_wconf 83' lang='lat' dir='ltr'><strong>tonos</strong></span> <span class='ocrx_word' id='word_1_497' title='bbox 1240 2900 1436 2948; x_wconf 88' lang='lat' dir='ltr'><strong>dividere,</strong></span> <span class='ocrx_word' id='word_1_498' title='bbox 1480 2899 1548 2938; x_wconf 90' lang='lat' dir='ltr'><strong>sed</strong></span> <span class='ocrx_word' id='word_1_499' title='bbox 1580 2900 1624 2937; x_wconf 79' lang='lat' dir='ltr'><strong>tit</strong></span> <span class='ocrx_word' id='word_1_500' title='bbox 1656 2900 1738 2950; x_wconf 75' lang='lat' dir='ltr'><strong>Jam</strong></span> <span class='ocrx_word' id='word_1_501' title='bbox 1769 2912 1879 2941; x_wconf 84' lang='lat' dir='ltr'><strong>com-</strong></span> 
     </span>
     <span class='ocr_line' id='line_1_49' title="bbox 99 2954 1878 3007; baseline 0.005 -16"><span class='ocrx_word' id='word_1_502' title='bbox 99 2954 298 3003; x_wconf 83' lang='lat' dir='ltr'><strong>paratione</strong></span> <span class='ocrx_word' id='word_1_503' title='bbox 328 2954 495 3003; x_wconf 88' lang='lat' dir='ltr'><strong>plurium</strong></span> <span class='ocrx_word' id='word_1_504' title='bbox 527 2957 866 2994; x_wconf 88' lang='lat' dir='ltr'><strong>consonantiarum</strong></span> <span class='ocrx_word' id='word_1_505' title='bbox 895 2961 1111 3007; x_wconf 88' lang='lat' dir='ltr'><strong>quantitate</strong></span> <span class='ocrx_word' id='word_1_506' title='bbox 1132 2958 1405 3007; x_wconf 85' lang='lat' dir='ltr'><strong>inaequalium,</strong></span> <span class='ocrx_word' id='word_1_507' title='bbox 1435 2962 1480 2995; x_wconf 90' lang='lat' dir='ltr'><strong>ut</strong></span> <span class='ocrx_word' id='word_1_508' title='bbox 1505 2957 1716 2996; x_wconf 84' lang='lat' dir='ltr'><strong>secundum</strong></span> <span class='ocrx_word' id='word_1_509' title='bbox 1747 2970 1878 2999; x_wconf 84' lang='lat' dir='ltr'><strong>earum</strong></span> 
     </span>
     <span class='ocr_line' id='line_1_50' title="bbox 100 3012 1879 3065; baseline 0.005 -16"><span class='ocrx_word' id='word_1_510' title='bbox 100 3022 279 3050; x_wconf 84' lang='lat' dir='ltr'><strong>excessus</strong></span> <span class='ocrx_word' id='word_1_511' title='bbox 319 3013 515 3061; x_wconf 88' lang='lat' dir='ltr'><strong>minimos,</strong></span> <span class='ocrx_word' id='word_1_512' title='bbox 559 3023 657 3063; x_wconf 87' lang='lat' dir='ltr'><strong>quos</strong></span> <span class='ocrx_word' id='word_1_513' title='bbox 695 3014 883 3052; x_wconf 86' lang='lat' dir='ltr'><strong>concinna</strong></span> <span class='ocrx_word' id='word_1_514' title='bbox 924 3012 1104 3065; x_wconf 84' lang='lat' dir='ltr'><strong>dicimus,</strong></span> <span class='ocrx_word' id='word_1_515' title='bbox 1146 3016 1312 3054; x_wconf 83' lang='lat' dir='ltr'><strong>ethaeo</strong></span> <span class='ocrx_word' id='word_1_516' title='bbox 1352 3020 1391 3053; x_wconf 88' lang='lat' dir='ltr'><strong>et</strong></span> <span class='ocrx_word' id='word_1_517' title='bbox 1430 3016 1531 3054; x_wconf 85' lang='lat' dir='ltr'><strong>aliae</strong></span> <span class='ocrx_word' id='word_1_518' title='bbox 1562 3025 1695 3055; x_wconf 85' lang='lat' dir='ltr'><strong>omnes</strong></span> <span class='ocrx_word' id='word_1_519' title='bbox 1737 3018 1776 3056; x_wconf 86' lang='lat' dir='ltr'><strong>in</strong></span> <span class='ocrx_word' id='word_1_520' title='bbox 1807 3029 1879 3058; x_wconf 87' lang='lat' dir='ltr'><strong>sua</strong></span> 
     </span>
    </p>
   </div>
  </div>
 </body>
</html>
