1994 3276
871 116 1064 164 Apatna&
1582 89 1583 92 ’
1777 121 1861 161 m
1927 166 1932 171 ,

71 238 202 288 ipsum
227 238 281 277 ab
309 237 652 278 observationibus
688 235 832 276 habere
861 237 1138 276 testimonium.
1198 235 1367 276 Rursum
1403 247 1482 277 non
1508 241 1571 276 est
1610 235 1862 287 superfluum,

71 295 254 344 Bonane,
285 297 413 339 eausis
442 297 630 342 inventis,
661 295 803 345 quibus
834 296 951 333 ceteri
979 300 1162 345 aspectus
1190 294 1326 337 fierent
1355 294 1553 343 efficaces,
1586 294 1738 342 videre‘,
1768 306 1864 336 nunt

73 353 233 396 eaedem
270 365 412 394 musae
452 355 667 404 reciperent
701 355 820 392 etiam
839 378 841 380 -
859 352 961 392 alios
991 353 1165 391 nondum
1205 354 1479 392 observatione
1509 354 1784 404 comprobatos
1822 357 1863 392 et

74 407 153 462 q'uo
169 423 365 462 quemquo
382 411 518 461 gradu,
551 411 766 462 cademque
786 422 967 450 mensura
988 413 1104 451 etiam
1126 411 1397 451 efficacitatem
1422 412 1501 450 iliis
1520 411 1712 459 admetiri,
1742 411 1861 450 etiam

71 472 167 509 citra
194 470 520 513 observationem.
580 468 632 509 Ut
661 471 755 520 quia
795 481 939 508 causae
968 474 1197 520 aspectuum
1227 480 1304 508 non
1336 468 1547 508 excludunt
1577 468 1758 517 decilem,
1788 470 1864 517 tri->

73 527 258 576 dealem,
297 527 552 578 sequadmm,
596 525 869 578 sesqusdrum,
913 539 1040 577 neque
1086 533 1214 567 tamen
1254 527 1463 566 admittunt
1507 527 1596 566 illos
1625 528 1702 567 nisi
1731 537 1862 567 remo·-

74 588 222 626 tissimo
252 585 373 636 gradu
403 592 492 636 post
522 586 622 624 alios
651 591 787 634 notos,
819 586 985 636 pertinet
1015 586 1133 635 igitur
1161 585 1213 625 ad
1242 597 1446 624 causarum
1475 586 1635 623 istarum
1666 586 1862 635 cognitio-

70 655 170 691 nem,
199 655 250 683 ne
279 644 351 683 hos
380 643 536 694 quidem
566 643 902 696 commemorando
933 645 1153 694 praeterire,
1182 644 1362 694 quamvis
1392 643 1442 682 ad
1473 643 1562 682 illos
1592 643 1861 682 observandos

70 713 148 742 non
188 713 331 752 magua
369 714 573 741 causarum
614 701 862 741 dicendarum
891 703 1123 741 necessitate
1160 699 1448 751 adstringimur.
1510 700 1682 749 Possunt
1712 703 1862 750 κάρυα

70 765 109 800 et
133 760 304 801 οὸεουηι
331 761 372 799 in
403 762 672 811 experimentis
703 760 901 810 capiendis
932 762 1209 812 praetermitti,
1247 771 1350 809 quae
1380 761 1417 797 in
1450 761 1591 805 causis,
1617 758 1860 798 elucidandis

70 829 148 857 non
183 823 358 869 possunt.
418 818 480 857 lta
518 818 848 868 praetervehimur
888 818 951 856 hic
989 817 1088 857 alter
1127 817 1292 857 alterum
1331 818 1415 856 sine
1461 819 1551 856 ictu.
1627 816 1863 856 Fractionoe

74 882 200 917 tamen
242 881 282 916 et
309 878 510 916 minutiae
539 876 694 915 dicendi
731 887 808 914 non
839 882 929 914 sunt
967 882 1148 927 aspectus
1179 875 1255 924 illi,
1296 887 1395 926 quos
1427 874 1716 922 decatemoriis‚
1760 886 1861 925 quos

72 934 418 982 dodecatomoriis,
451 945 550 984 quos
580 934 837 984 ogdoe'moriis
867 933 1017 973 zodiaci
1047 935 1763 974 metimur..

186 992 233 1031 In
263 991 394 1032 Terris
425 992 598 1031 dixeram
629 994 732 1031 coire
762 991 890 1031 radios
919 993 1175 1042 planetarum,
1207 993 1274 1042 qui
1305 993 1431 1030 coitus
1461 991 1494 1029 si
1524 993 1575 1030 sit
1596 990 1858 1039 harmonicus,

71 1056 166 1090 tnnc
181 1050 335 1101 pluvias
355 1050 545 1090 decidere.
607 1050 668 1089 'ru
688 1053 878 1089 occurris:
910 1052 1074 1101 primum
1096 1053 1132 1088 iu
1162 1053 1250 1089 ae're
1271 1061 1508 1088 concurrere.
1561 1048 1648 1087 Non
1670 1056 1742 1096 est,
1774 1048 1859 1088 Ro·

72 1108 200 1156 berte,
246 1108 444 1147 distinctio
475 1109 611 1159 prioris
641 1114 679 1147 et
708 1109 954 1158 posterioris,
995 1108 1060 1147 ubi
1093 1093 1257 1147 effluxus
1284 1108 1440 1146 luminis
1480 1106 1524 1145 fit
1551 1108 1635 1156 siue
1665 1112 1861 1157 tempore3

72 1173 141 1209 aut
178 1166 240 1210 dic
267 1168 405 1216 prim,
448 1166 487 1204 id
529 1173 588 1205 est
628 1169 804 1216 superius
846 1172 988 1205 centro.
1048 1166 1206 1215 Pergis,
1250 1167 1456 1204 mixtiones
1485 1177 1577 1204 suas
1615 1166 1790 1215 accipere
1821 1167 1861 1203 in

72 1227 175 1272 aere,
204 1235 281 1263 non
311 1226 351 1262 in
381 1223 512 1263 Terra.
574 1224 677 1273 Quid
708 1226 900 1276 accipiant
930 1223 1027 1261 radii
1062 1225 1122 1263 vei
1155 1225 1218 1262 hic
1248 1223 1310 1262 vel
1342 1223 1434 1271 illic,
1467 1234 1546 1260 nou
1576 1224 1705 1274 capio.
1752 1222 1860 1261 Mix-

72 1284 210 1330 tionoo,
241 1283 389 1335 inquis;
419 1288 460 1321 at
490 1284 572 1332 ipse
594 1285 720 1325 coitus
749 1289 808 1321 est
837 1283 972 1320 mixtio
1003 1281 1082 1328 illa,
1114 1293 1232 1332 quam
1253 1293 1326 1331 ego
1356 1281 1569 1325 concedere
1599 1281 1668 1319 tibi
1698 1279 1860 1332 possim.

73 1341 258 1379 Dixeram
288 1352 401 1387 vero,
442 1351 593 1390 semper
624 1337 712 1378 illos
742 1342 780 1381 in
811 1340 885 1378 hac
924 1340 1453 1390 conjunctione›mutuaqne
1490 1340 1660 1378 sectione
1692 1341 1859 1387 versari3
1915 1372 1919 1377 .

72 1397 165 1448 quid
195 1400 314 1447 igitur>
340 1399 413 1437 sibi
448 1398 531 1436 vult
559 1398 626 1437 illa
655 1403 724 1436 tua
754 1400 890 1444 oratio,
922 1398 1028 1448 quod
1055 1400 1289 1437 mixtionem
1312 1397 1466 1437 demum
1487 1399 1709 1446 accipiant,
1741 1408 1861 1447 quam

71 1468 233 1506 semper,
264 1458 298 1494 si
328 1458 383 1495 ita
412 1456 538 1502 lubet,
569 1456 725 1495 habent.
787 1457 848 1494 An
880 1457 917 1494 id
950 1456 1037 1494 illos
1069 1458 1243 1507 accipere
1274 1458 1312 1493 in
1343 1459 1432 1495 aere
1463 1455 1580 1502 dicis,
1616 1454 1723 1505 quod
1753 1456 1860 1493 mix-

61 1516 167 1562 ,tioni
196 1514 287 1554 huic
317 1513 395 1560 dat,
427 1520 469 1552 ut
500 1514 567 1552 fiat
596 1514 805 1565 aspectus?
865 1515 986 1564 Atqui
1016 1514 1091 1552 hoc
1121 1521 1159 1553 et
1190 1516 1228 1551 iu
1259 1517 1347 1553 ae're
1379 1520 1418 1552 et
1449 1515 1485 1550 in
1513 1519 1615 1553 terra
1643 1513 1759 1552 simul
1779 1524 1860 1552 uuo

64 1570 243 1623 'tempore
273 1572 425 1613 accedit
455 1574 514 1610 his
544 1573 810 1613 mixtionibus,
870 1571 1003 1619 Unde,
1034 1573 1114 1618 ais,
1155 1573 1277 1610 nubes
1308 1573 1346 1609 in
1377 1583 1424 1610 eo
1454 1576 1704 1620 generantur,
1745 1577 1861 1609 ante-

70 1642 188 1681 quam
215 1630 338 1680 pluat.
398 1629 485 1668 Hoc
513 1641 608 1668 sane
639 1642 773 1668 verum
803 1635 886 1677 est,
929 1631 1035 1680 prius
1066 1641 1151 1668 esse
1184 1630 1346 1676 nubem,
1383 1635 1521 1679 postea
1550 1629 1745 1680 pluviam,
1789 1640 1862 1668 nec

73 1700 161 1727 cum
191 1699 266 1738 ego
295 1687 343 1726 de
374 1687 509 1736 pluvia
539 1688 640 1735 dixi,
685 1688 828 1726 nubem
858 1687 1020 1726 exclusi.
1082 1689 1132 1724 At
1171 1687 1267 1724 illud
1300 1693 1409 1725 tuum
1438 1687 1548 1724 unde
1588 1688 1620 1724 si
1652 1689 1859 1734 excutiam,

72 1747 253 1793 invenio,
284 1751 322 1784 te
352 1747 639 1794 generationem
671 1746 784 1783 nubis
815 1758 861 1784 ex
893 1747 979 1794 ipso
1010 1748 1099 1783 aere
1128 1745 1296 1784 tribuere
1328 1746 1570 1795 praesentiae
1606 1750 1788 1795 aspectus
1818 1747 1859 1781 in

72 1807 173 1843 aete.
234 1804 367 1853 Atqui—
386 1803 619 1842 cantilenam
650 1804 807 1849 ominis,
839 1803 1039 1852 explosam
1070 1815 1093 1840 a
1123 1815 1183 1840 me
1222 1803 1436 1841 rationibus
1468 1802 1653 1841 Hannon.
1682 1802 1750 1840 lib.
1783 1801 1856 1841 IV.

73 1861 140 1900 illo
171 1862 256 1912 ipso
286 1861 353 1899 t'ol.
385 1863 489 1908 251,
521 1861 622 1900 unde
653 1867 695 1898 tu
729 1862 846 1898 verba
877 1861 940 1899 liic
969 1872 1068 1907 mea,
1100 1872 1200 1910 quae
1231 1861 1436 1907 refutares,
1477 1861 1714 1910 decerpsisti.
1774 1859 1860 1900 Ra-

75 1921 201 1958 tiones
228 1919 398 1958 Roberte
428 1931 536 1957 meas
568 1919 738 1967 adorire,
768 1919 909 1968 quibus
939 1918 1081 1967 dogma
1111 1918 1288 1966 stabilio,
1330 1925 1368 1957 et
1397 1919 1582 1969 promtior
1612 1917 1860 1967 postmodum

74 1990 139 2016 ero
169 1978 207 2014 in
238 1977 479 2015 dimovendis
510 1978 713 2014 instantiis.

188 2033 330 2084 Quaeri
374 2037 475 2073 enim
518 2048 542 2073 a
582 2047 643 2073 me
682 2045 798 2084 posse
836 2034 988 2079 vidisti,
1036 2035 1178 2083 quibus
1208 2034 1471 2072 instrumentis
1512 2034 1633 2071 sectio
1663 2032 1859 2071 radiorum

74 2093 300 2132 harmonica
338 2093 517 2131 conficiat
556 2105 603 2130 ex
641 2095 728 2132 ae‘re
767 2093 928 2137 nubem,
974 2094 1051 2130 imo
1090 2104 1156 2130 cur
1185 2104 1302 2130 unam
1338 2093 1467 2142 potius
1498 2092 1596 2129 ae'ris
1627 2091 1858 2139 particulam

7 2164 9 2166 ·
73 2162 166 2201 prae
204 2151 285 2189 alia
313 2158 493 2201 occupet,
534 2151 677 2188 nubem
715 2162 761 2188 ex
806 2162 853 2188 ea
884 2150 1075 2196 efficiens,
1122 2162 1207 2187 cum
1250 2149 1387 2188 cadem
1416 2151 1536 2187 sectio
1576 2150 1615 2186 in
1654 2154 1737 2186 toto
1769 2151 1859 2187 aere

77 2210 323 2248 circumcirca
350 2210 401 2246 sit
429 2209 640 2258 praesens?
703 2210 752 2245 At
783 2209 886 2257 quod
918 2209 1039 2246 nubes
1071 2219 1147 2246 non
1177 2210 1215 2244 in
1247 2211 1335 2246 aere
1367 2209 1530 2256 primum
1562 2207 1750 2253 existant,
1789 2205 1858 2244 sed

74 2267 181 2316 prius
206 2271 399 2315 'evaporet
422 2268 585 2304 materia
614 2267 774 2303 nubium
804 2278 851 2304 ex
881 2272 993 2313 terra,
1026 2266 1099 2303 hoc
1128 2264 1292 2315 probavi
1324 2265 1426 2303 dicto
1456 2265 1543 2302 loco
1573 2265 1788 2302 rationibus
1819 2269 1859 2302 et

76 2325 359 2377 experimentis.
418 2323 528 2362 Haec
566 2336 652 2362 cum
691 2325 760 2361 tibi
804 2324 967 2362 fuissent
1002 2323 1268 2361 submovenda
1315 2329 1383 2361 aut
1426 2322 1712 2359 assentiendum
1758 2322 1857 2361 bene

77 2381 365 2427 demonstratis,
405 2387 448 2419 tu
477 2383 572 2420 satis
611 2382 661 2420 ad
692 2381 983 2419 obtrectandum
1015 2392 1098 2419 esse
1128 2383 1294 2429 putasti,
1337 2383 1370 2417 si
1400 2391 1487 2417 cum
1517 2378 1617 2424 illis,
1661 2390 1760 2427 quos
1788 2379 1857 2417 illo

0 2437 8 2480 ἶ
78 2441 162 2489 ipso
191 2439 278 2476 loco
310 2440 460 2484 taxavi,
491 2440 715 2490 simpliciter
745 2451 924 2488 negares,
956 2439 1071 2476 uubis
1102 2450 1285 2487 vaporem
1316 2450 1337 2475 a
1371 2443 1471 2474 terra
1502 2438 1610 2484 oriri,
1648 2436 1687 2474 id
1715 2440 1776 2475 est
1806 2438 1858 2475 ab

0 2482 10 2533 Ξ

0 2618 9 2634 ,ψ

0 2657 38 2791 Ξ

77 2498 348 2536 extenuatione
378 2497 597 2542 humorum,
630 2499 695 2547 qui
727 2499 765 2533 in
797 2497 1007 2535 visceribus
1038 2496 1180 2534 Terrae
1212 2495 1330 2533 latent
1360 2494 1494 2532 abditi.

192 2554 329 2600 Terra,
361 2555 507 2602 inquis,
551 2556 671 2604 quieti
702 2560 759 2592 est
790 2555 1011 2605 aptissima,
1055 2555 1245 2592 contraria
1285 2553 1387 2591 actui
1422 2554 1597 2598 animae,
1638 2551 1785 2589 scilicet
1816 2549 1858 2590 ut

81 2623 221 2660 neges,
252 2613 378 2649 inesse
409 2613 445 2647 in
474 2610 596 2649 Terra
626 2614 804 2650 animam.
866 2613 985 2661 Atqui
1017 2616 1055 2649 et
1084 2611 1158 2649 hoc
1187 2618 1331 2657 terrae,
1364 2609 1468 2659 quod
1500 2611 1599 2646 inest
1629 2611 1665 2645 in
1699 2620 1858 2658 corpore

77 2680 186 2717 me0,
217 2670 339 2717 quieti
369 2674 430 2707 est
459 2670 698 2718 aptissimum
729 2676 863 2718 estque
893 2672 1123 2708 contrarium
1154 2670 1256 2706 actui
1286 2670 1437 2706 animae
1468 2678 1598 2712 meae3
1634 2667 1725 2704 dum
1755 2669 1856 2705 enim

78 2727 289 2775 agitatione
318 2728 457 2764 mentis
487 2727 561 2763 ista
589 2727 725 2770 scribo,
757 2729 963 2766 connivent
994 2727 1107 2774 oculi,
1140 2727 1274 2765 defluit
1304 2731 1431 2775 caput,
1464 2725 1629 2772 denique
1661 2725 1855 2763 obsecun-

0 2788 32 2827 Ἢ
81 2784 248 2821 dandum
279 2783 368 2821 huic
398 2789 545 2834 terrae,
577 2783 825 2822 dimittendus
856 2784 1048 2831 calamus,
1080 2796 1218 2835 corpus
1247 2786 1286 2820 in
1318 2789 1442 2821 torum
1473 2781 1752 2830 abjiciendum3
1794 2785 1858 2819 ina-

1 2926 19 2946 ξς

0 2878 24 2910 a
81 2840 351 2880 tercedendnm
381 2841 470 2878 huic
501 2842 702 2889 agitationi
733 2843 881 2888 mentis,
913 2848 955 2880 ut
985 2844 1114 2891 quiete
1146 2848 1183 2880 et
1202 2852 1337 2879 somno
1358 2851 1495 2888 corpus
1515 2841 1669 2877 truatur.
1720 2839 1856 2890 Neque

81 2903 207 2938 tamen
239 2898 326 2937 inde
357 2900 547 2947 sequitur,
578 2909 654 2935 non
686 2899 810 2936 inesse
838 2900 878 2936 in
907 2899 982 2938 hoc
1012 2907 1162 2939 terreno
1194 2909 1350 2947 corpore
1381 2899 1561 2934 animam.

194 2955 305 2995 Ciere
344 2958 471 2993 ae‘rem
510 2955 559 2994 ad
599 2957 886 3004 praescriptum·
913 2964 1157 3006 aspectuum,
1205 2957 1276 2993 hoc
1313 2965 1384 3003 ego
1416 2954 1493 2991 dixi
1536 2966 1673 2992 munus
1704 2957 1855 2996 animae

11 3061 24 3065 ρ
75 3012 222 3052 Terrae
253 3020 292 3051 et
322 3014 496 3062 probavi.
556 3013 616 3050 Tu
646 3014 800 3051 intactis
832 3016 979 3060 causis,
1017 3027 1085 3053 cur
1113 3015 1186 3052 hoe
1216 3015 1366 3050 animae
1398 3011 1538 3050 Terrae
1570 3014 1855 3064 transscribam,

83 3073 176 3109 satis
205 3071 346 3116 habes,
385 3067 509 3108 aliam
530 3069 586 3108 illi
616 3071 847 3109 substituere
877 3072 1008 3110 mundi
1040 3074 1207 3111 animam
1247 3070 1295 3109 ad
1327 3069 1505 3109 obeunda
1535 3069 1682 3109 isthaec
1711 3073 1854 3112 munia.
