1994 3276
131 93 211 132 352
810 88 1008 126 Ptolemaei
1033 89 1239 127 Harmonia.

242 207 339 243 Nota
362 206 422 242 IV.
471 204 769 242 communissima
791 205 935 252 quidem
956 210 1055 252 sunt,
1081 218 1185 253 quae,
1213 218 1258 244 ex
1276 212 1430 254 utroque
1451 219 1582 255 genere
1605 219 1725 246 rerum
1749 210 1924 260 desumta,

127 261 186 296 hic
211 260 307 295 inter
340 269 379 295 se
404 258 638 304 comparandi
662 269 721 294 res
745 259 844 304 ipsas
869 265 1120 305 argumentum
1151 262 1416 307 praebuerunt.
1454 262 1682 308 simplicitas,
1714 263 1925 308 aequalitas,

127 312 384 353 indifferentia;
410 311 584 355 diapason
609 321 690 347 cum
715 311 963 356 simplicitate,
989 312 1224 358 aequalitate,
1250 313 1510 360 indifferentia,
1547 315 1738 351 facultates
1762 315 1925 352 intellec—

127 366 246 402 tuales
259 391 269 407 ,
301 365 553 412 propinquitas
579 363 749 409 diapente
773 364 820 399 ad
843 363 1016 409 diapason
1043 376 1123 400 cum
1146 366 1416 411 propinquitate
1441 368 1611 404 sensitiva
1635 367 1680 403 ad
1703 367 1926 404 intellectua-

128 417 208 454 lem.
259 418 354 463 Quid
385 418 417 452 si
447 427 574 462 negem
614 417 825 452 dualitatem
856 415 1039 452 facultatis
1076 417 1281 463 dicamque,
1321 421 1475 456 animam
1511 422 1660 458 eandem
1695 432 1762 467 per
1798 432 1926 458 sensus

127 472 271 518 quidem
303 472 438 507 sentire
470 479 530 505 res
561 469 648 505 foris
679 469 893 514 existentes,
925 479 991 513 per
1015 470 1085 505 alia
1110 471 1287 515 quaedam
1319 472 1492 508 interiora
1526 485 1599 509 non
1633 474 1686 509 ita
1720 474 1925 519 conspicua,

127 526 226 561 velut
250 535 394 569 organa,
420 530 460 559 ut
485 524 617 559 docent
641 522 768 559 medici
785 521 959 566 nonnulli,
985 521 1041 558 vel
1066 523 1174 558 etiam
1199 533 1265 568 per
1289 534 1327 559 se
1351 526 1467 570 ipsam
1491 525 1569 562 sine
1592 526 1753 571 corporis
1770 525 1925 572 organis,

129 585 170 614 ιιι
194 577 420 624 philosophi,
457 575 682 622 intelligere?
729 575 824 619 Quid
855 586 947 620 opus
980 580 1036 611 est
1060 575 1257 612 harmoniis
1289 577 1335 612 ad
1361 578 1588 614 dividendam
1621 578 1795 623 animam,
1833 587 1925 623 quae

126 643 197 667 una
223 635 278 666 est
301 628 470 674 essentia,
496 628 526 664 si
549 639 668 663 rerum
693 627 836 663 illarum
862 627 988 663 divisio
1014 628 1102 664 satis
1120 638 1250 664 causae
1273 629 1326 665 illi
1341 631 1504 679 praebet,
1530 642 1594 667 cur
1609 642 1676 667 sua
1694 630 1928 676 dispertiatur

125 684 271 720 munia?
318 683 452 718 Rerum
477 681 572 717 enim
597 680 774 726 quaedam
797 680 894 715 intra
917 680 1141 716 intellectum
1165 686 1259 724 sunt,
1284 687 1388 718 extra
1405 683 1611 730 singularia,
1637 683 1815 729 quaedam
1837 681 1927 717 foris

126 741 230 773 extra
253 735 476 772 intellectum
499 734 537 770 in
561 732 815 778 singularibus,
841 742 934 777 quae
960 735 1001 767 ut
1022 732 1125 777 ipsae
1149 730 1194 768 ab
1218 734 1336 770 anima
1353 735 1714 782 comprehendantur,
1738 745 1806 781 per
1825 734 1925 770 fores

116 799 299 826 sensuum
322 787 454 823 debent
476 785 616 831 ingredi
641 784 889 830 specietenus·
926 789 967 820 ut
989 784 1041 820 ita
1063 785 1266 830 intelligens
1299 797 1372 822 non
1397 787 1510 824 altera
1546 798 1611 824 sua
1635 799 1759 834 manu,
1795 787 1861 823 sed
1887 797 1926 822 se

125 843 206 887 ipsa
238 846 275 877 et
304 839 558 884 intelligendo,
596 839 668 874 hoc
701 843 755 874 est
788 837 1020 883 percipiendo
1048 838 1259 885 singularia,
1293 839 1358 874 fiat
1381 830 1563 876 sensitiva.
1614 841 1708 886 Quid
1743 841 1774 876 si
1798 850 1925 886 negem

126 894 329 930 intellectui
362 892 650 937 simplicitatem,
684 890 956 936 aequalitatem,
993 890 1268 927 indifferentiam
1302 898 1471 938 respectu
1495 893 1716 930 sensitivae‘?
1762 893 1820 928 An
1843 891 1925 927 ideo

125 947 312 993 multiplex
345 951 382 982 et
412 945 554 981 omnino
589 944 805 990 quintuplex
838 944 947 988 haec,
982 944 1066 988 quia
1100 945 1259 990 quinque
1290 946 1401 982 habet
1425 957 1578 992 organa,
1613 948 1709 983 circa
1732 956 1825 992 quae
1848 956 1924 982 ver-

126 1011 210 1037 sans
241 1001 400 1045 quinque
435 997 572 1034 efficit?
621 996 822 1042 Specimina
856 996 1048 1045 sensitivae
1079 999 1286 1034 sensitivam
1317 999 1583 1045 multiplicant?
1636 999 1717 1036 Erit
1747 999 1860 1045 igitur
1889 1004 1926 1034 et

123 1053 335 1098 intelligens·
359 1050 549 1096 multiplex
585 1060 628 1086 ea
661 1053 698 1084 et
730 1049 899 1086 distincta
930 1051 1080 1086 sortitur
1111 1051 1248 1096 munia,
1285 1062 1379 1096 quae
1393 1052 1558 1088 finferius
1591 1055 1719 1089 auctor
1741 1051 1820 1097 ipse
1845 1060 1926 1095 sep-

125 1111 210 1142 tena
233 1109 413 1146 recenset,
447 1109 484 1138 et
508 1102 616 1138 variis
641 1101 830 1147 speciebus
855 1107 896 1138 ut
922 1101 1074 1147 objectis
1105 1109 1287 1149 movetur;
1321 1104 1499 1149 quaedam
1530 1105 1623 1142 enim
1653 1108 1737 1140 sunt
1759 1107 1924 1140 recentes

126 1159 184 1195 vel
209 1169 231 1194 a
255 1157 420 1193 sensibus
445 1156 649 1201 profectae,
675 1155 730 1190 vel
756 1155 854 1191 intus
879 1155 924 1191 ab
948 1156 1028 1202 ipso
1053 1156 1161 1191 animi
1186 1157 1347 1201 cogitatu
1372 1156 1632 1202 conformatae,
1664 1156 1840 1204 quaedam
1865 1166 1923 1191 ve·

125 1216 246 1249 tustae
270 1210 459 1255 utriusque
490 1208 632 1255 generis
660 1220 702 1243 ex
725 1208 918 1245 memoriae
939 1219 1055 1255 penu,
1092 1209 1352 1246 reminiscentis
1387 1210 1503 1246 conda
1532 1220 1678 1256 proma,
1712 1208 1923 1254 productae.

123 1267 181 1301 An
211 1275 285 1300 non
315 1262 531 1298 Aristoteles
562 1261 641 1307 ipse
673 1260 799 1298 dividit
830 1261 1053 1298 intellectum
1087 1262 1127 1297 in
1153 1268 1319 1309 agentem
1351 1267 1388 1299 et
1411 1264 1638 1309 patientem?
1686 1263 1736 1299 Et
1769 1263 1800 1298 si
1823 1267 1926 1298 tanta

126 1317 336 1364 simplicitas
359 1315 580 1359 intellectus,
607 1325 671 1350 cur
696 1325 739 1350 ea
762 1325 834 1350 non
861 1318 1090 1360 comparatur
1115 1327 1196 1351 cum
1220 1316 1382 1353 uuisonis
1407 1317 1547 1362 potius,
1579 1326 1673 1361 quae
1696 1315 1925 1351 intervallum

125 1370 352 1407 constituunt
374 1367 530 1409 nullum,
567 1377 675 1412 quam
701 1378 780 1403 cum
804 1367 1017 1404 identisonis
1043 1378 1107 1405 seu
1133 1369 1392 1415 homophonis,
1425 1379 1518 1414 quae
1543 1369 1756 1415 maximum,
1790 1369 1925 1414 quippe

126 1423 325 1470 diapason?
374 1421 484 1456 Esset
508 1419 580 1456 alia
603 1420 716 1456 multo
741 1420 939 1465 speciosior
964 1422 1105 1457 occasio
1130 1421 1261 1457 mentis
1288 1431 1417 1472 opera,
1450 1421 1800 1466 comprehensionis,
1830 1431 1925 1457 com—

124 1475 278 1524 parandi
302 1485 383 1510 cum
408 1472 664 1508 consonantiis.
711 1473 805 1508 Nam
836 1473 1111 1518 comprehensio
1136 1474 1217 1518 ipsa
1247 1479 1284 1508 et
1310 1479 1428 1509 motus
1462 1473 1607 1518 quidem
1633 1478 1690 1510 est
1725 1477 1762 1510 et
1784 1474 1926 1518 relatio,

125 1529 300 1567 terminos
322 1527 462 1562 habens
486 1530 642 1562 mentem
667 1525 1031 1570 comprehendentem
1057 1531 1094 1562 et
1116 1525 1297 1570 objectum
1318 1526 1628 1571 comprehensum.
1677 1525 1746 1562 Hic
1769 1526 1807 1561 in
1829 1528 1926 1561 men-

124 1584 190 1621 tali
222 1578 562 1642 comprehensione,
604 1583 645 1613 ut
676 1577 940 1623 perfectissima
974 1584 1012 1614 et
1036 1577 1313 1637 epistemonica,
1347 1588 1537 1623 possemus
1567 1578 1703 1614 intueri
1736 1578 1926 1638 imaginem

127 1635 290 1680 unisoni,
324 1633 388 1670 ubi
411 1632 554 1667 termini
578 1632 724 1677 penitus
749 1631 899 1676 similes,
932 1636 973 1667 ut
997 1643 1078 1668 cum
1104 1641 1143 1666 se
1167 1630 1282 1675 ipsam
1306 1640 1407 1666 mens
1433 1629 1564 1666 dicitur
1587 1630 1734 1673 intueri3
1768 1630 1806 1666 in
1830 1641 1924 1666 com-

124 1662 364 1750 prehensione
388 1684 607 1720 definitionis
635 1695 758 1719 eorum
783 1684 985 1721 essentialis
1015 1684 1135 1729 imago
1161 1687 1258 1718 esset
1283 1682 1470 1728 diapason.
1519 1683 1613 1719 Nam
1647 1686 1688 1719 ut
1718 1682 1828 1736 hujus
1854 1682 1924 1719 duo

126 1742 207 1779 soni
229 1738 330 1775 velut
353 1748 398 1774 ex
424 1737 591 1784 opposito
617 1737 791 1773 acuminis
817 1742 853 1773 et
878 1738 1065 1784 gravitatis
1090 1742 1175 1772 sunt
1199 1736 1357 1781 identici,
1382 1735 1434 1772 sic
1458 1736 1618 1772 definitio
1634 1737 1687 1772 rei
1712 1741 1749 1772 et
1772 1746 1829 1772 res
1846 1736 1927 1782 ipsa

125 1799 210 1832 sunt
232 1793 333 1828 velut
356 1791 523 1837 opposita
547 1795 583 1826 et
607 1794 727 1826 tamen
751 1790 858 1827 idem.
911 1793 961 1827 Et
988 1790 1072 1837 quia
1097 1790 1271 1835 diapason
1303 1793 1447 1824 constat
1470 1799 1515 1824 ex
1541 1789 1711 1834 diapente
1736 1794 1772 1824 et
1796 1788 1925 1824 diates-

126 1858 243 1893 saron,
272 1844 432 1881 definitio
456 1854 540 1879 vero
565 1843 783 1889 syllogismis
809 1843 1014 1889 congeritur
1038 1847 1075 1879 et
1098 1842 1200 1888 quasi
1225 1841 1484 1887 proficiscitur,
1509 1846 1636 1888 posset
1660 1854 1740 1879 cum
1757 1842 1926 1888 diapente

126 1898 327 1945 comparari
350 1896 466 1957 major
491 1896 700 1942 propositio,
731 1896 874 1932 axioma
905 1895 1110 1933 universale
1135 1895 1391 1938 scientificum,
1426 1895 1558 1941 thesis,
1592 1905 1673 1930 cum
1702 1894 1926 1930 diatessaron

125 1951 325 1998 propositio
350 1949 477 2008 minor,
503 1949 715 1994 subsumtio,
740 1949 971 2009 hypothesis,
1003 1953 1045 1985 ιιι
1068 1948 1162 1984 sicut
1185 1947 1219 1982 in
1246 1947 1415 2007 diapente
1444 1947 1562 1982 minus
1593 1952 1649 1982 est
1671 1947 1849 1982 mixturae
1874 1946 1925 1981 al·-

126 2003 292 2049 teritatis,
318 2013 425 2048 quam
450 2002 486 2037 ιιι
511 2001 749 2046 diatessaron,
775 2002 827 2037 sic
850 2001 887 2036 in
911 2002 1092 2037 axiomate
1117 2000 1310 2035 universali
1334 2010 1451 2035 minus
1470 2000 1518 2035 sit
1535 1999 1794 2045 singularitatis
1820 2000 1926 2044 (quae

126 2056 299 2093 scientiae
326 2054 550 2099 adversatur)
575 2064 682 2099 quam
707 2054 744 2089 ιιι
768 2055 966 2090 subsumto.
1017 2053 1119 2088 Tunc
1145 2053 1319 2089 concinna
1344 2053 1490 2088 dissona
1515 2057 1637 2087 essent
1660 2053 1927 2098 propositiones

126 2107 279 2145 sensiles
304 2106 466 2152 singulae
499 2106 734 2150 singularium
758 2106 846 2142 locis
871 2112 908 2141 et
931 2104 1153 2150 temporibus
1187 2105 1553 2150 circumscriptorum,
1591 2115 1743 2150 quarum
1765 2104 1925 2140 inductio

126 2162 179 2197 sic
203 2159 390 2196 constituit
413 2158 603 2203 firmatque
635 2158 902 2203 propositiones
927 2157 1232 2203 syllogismorum,
1267 2158 1360 2193 sicut
1382 2157 1580 2193 intervallis
1611 2157 1796 2194 concinnis
1820 2157 1924 2193 mini-

125 2212 192 2247 mis
217 2215 512 2250 consummantur
537 2210 807 2247 consonantiae.
857 2209 974 2245 Multa
997 2209 1084 2244 talia
1103 2209 1265 2253 jucunde
1290 2212 1340 2253 (at
1364 2222 1436 2245 non
1460 2211 1752 2255 demonstrative)
1777 2215 1925 2256 possent

125 2265 323 2312 excogitari
347 2275 392 2301 ex
417 2263 579 2301 doctrina
602 2263 834 2300 Aristotelica
859 2268 894 2297 et
919 2261 1217 2298 scholasticorum
1241 2267 1325 2306 post
1351 2273 1431 2297 eum
1465 2262 1509 2298 de
1545 2263 1675 2299 mentis
1709 2263 1924 2309 operationi-

125 2318 204 2363 bus,
229 2317 344 2354 multo
368 2316 600 2354 concinniora
623 2315 684 2362 iis,
710 2325 804 2360 quae
828 2314 886 2349 hic
911 2314 1079 2350 dicuntur
1103 2315 1148 2350 ab
1173 2315 1329 2359 incerto,
1356 2321 1396 2350 ut
1420 2315 1580 2360 videtur,
1606 2320 1765 2352 anctore.

242 2371 339 2407 Nota
361 2371 405 2406 V.
453 2368 638 2414 Diapason
674 2368 880 2404 continetur
911 2366 1055 2403 chordis
1086 2368 1242 2412 partium
1275 2368 1313 2412 2,
1350 2372 1385 2413 1;
1425 2367 1624 2405 differentia
1655 2379 1720 2405 seu
1754 2378 1924 2404 excessus

124 2423 239 2468 ipsius
265 2423 287 2458 2
319 2432 429 2468 supra
452 2423 472 2457 1
505 2427 562 2457 est
589 2424 624 2466 1,
661 2421 820 2467 aequalis
853 2420 1087 2456 terminorum
1119 2420 1231 2455 alteri.
1281 2421 1364 2455 Non
1396 2421 1448 2456 sic
1479 2421 1665 2467 diapente,
1698 2421 1792 2456 inter
1815 2422 1853 2468 2,
1891 2421 1922 2456 3.

125 2475 219 2510 Nam
244 2484 415 2510 excessus
440 2474 555 2520 ipsius
580 2475 600 2509 3
626 2485 736 2519 supra
760 2474 783 2509 2
807 2476 864 2510 est
889 2476 917 2508 1.
967 2473 1050 2507 Non
1075 2471 1180 2507 etiam
1207 2472 1440 2514 diatessaron,
1465 2472 1560 2508 inter
1585 2474 1616 2514 33
1640 2473 1672 2515 4,
1697 2473 1758 2508 ubi
1781 2483 1924 2509 rursum

125 2538 296 2564 excessus
321 2533 378 2563 est
401 2528 432 2563 1.
483 2527 525 2561 In
551 2526 719 2572 diapente
743 2531 864 2562 tamen
888 2534 1060 2561 excessus
1085 2526 1284 2570 proximior
1315 2531 1370 2561 est
1395 2526 1620 2572 aequalitati,
1657 2537 1766 2571 quam
1788 2526 1826 2561 in
1850 2527 1923 2562 dia-

124 2587 301 2618 tessaron.
350 2581 443 2617 Nam
467 2579 539 2615 illic
566 2581 581 2614 1
610 2590 632 2615 a
655 2579 807 2628 termino
832 2580 854 2615 2
880 2579 990 2614 distat
1015 2577 1092 2613 sola
1117 2577 1264 2621 unitate,
1289 2578 1348 2614 hic
1373 2579 1466 2615 idem
1496 2582 1508 2616 1
1544 2590 1566 2615 a
1589 2580 1741 2615 termino
1767 2580 1787 2615 3
1813 2578 1924 2615 distat

126 2634 266 2670 duabus
292 2632 500 2668 unitatibus.

240 2687 337 2723 Nota
360 2686 421 2721 VI.
470 2685 562 2721 Nam
595 2684 692 2730 quod
715 2695 858 2720 rursum
897 2689 953 2719 est
985 2682 1179 2728 insipidum
1205 2684 1484 2729 comparationis
1517 2688 1787 2729 argumentum,
1825 2683 1922 2728 quod

125 2740 270 2775 habitus
296 2749 452 2783 sensum,
479 2747 606 2773 sensus
629 2742 785 2772 mentem
808 2747 881 2771 non
906 2735 1110 2771 necessario
1134 2741 1255 2781 ponat,
1282 2743 1319 2772 at
1342 2748 1442 2773 mens
1467 2748 1628 2781 sensum,
1668 2747 1796 2782 sensus
1821 2736 1920 2773 habi-

125 2797 210 2830 tum.
237 2798 274 2828 et
298 2791 396 2837 quod
421 2790 473 2826 sic
498 2790 606 2826 etiam
632 2790 864 2834 diatessaron,
891 2794 931 2824 ut
955 2789 1083 2831 minus,
1109 2798 1180 2823 non
1204 2795 1317 2832 ponat
1342 2789 1522 2834 diapente,
1547 2793 1588 2824 ut
1614 2789 1747 2834 majus:
1775 2799 1920 2835 genera-

127 2844 303 2879 lissimum
327 2842 473 2888 quidem
498 2843 568 2879 hoc
592 2848 648 2878 est
671 2853 738 2878 nec
762 2842 808 2877 ad
832 2840 929 2876 aliud
954 2840 1054 2884 utile,
1079 2849 1186 2883 quam
1212 2846 1252 2875 ut
1274 2841 1379 2885 scias,
1404 2840 1494 2876 nihil
1510 2842 1771 2886 comparationi
1787 2840 1921 2888 opponi

126 2906 235 2941 posse
261 2907 306 2932 ex
330 2895 476 2940 majoris
503 2900 540 2931 et
563 2895 709 2931 minoris
734 2893 1037 2937 consideratione,
1064 2892 1239 2936 siquidem
1265 2893 1509 2929 fundamentis
1533 2892 1612 2928 aliis
1637 2893 1843 2929 melioribus
1867 2893 1919 2927 ni-

128 2953 235 2983 tatur.
284 2948 390 2984 Ratio
416 2949 560 2993 quidem
586 2959 731 2984 sensum
761 2947 798 2982 in
822 2946 978 2982 humana
1002 2950 1108 2990 gente
1133 2946 1234 2990 ponit
1258 2952 1360 2990 actu,
1395 2946 1569 2991 diapason
1599 2956 1684 2982 vero
1719 2946 1822 2991 ponit
1845 2945 1919 2980 dia-

127 3005 235 3045 pente
259 3001 338 3036 sola
359 3005 552 3046 potestate,
578 3001 756 3047 positione
780 3010 853 3036 ιιοιι
876 2998 1100 3043 harmonica,
1127 2999 1191 3035 sed
1216 2999 1385 3044 generali,
1410 2998 1663 3044 quantitativa,
1689 2998 1781 3034 sicat
1804 2997 1918 3032 omnis

128 3052 242 3097 major
266 3052 449 3097 quantitas
472 3053 576 3098 ponit
598 3053 780 3089 minorem.
