1994 3276
0 2734 29 2864 “W
0 2542 24 2751 βῶν*
0 2190 21 2534 αΜπ-Ν-’ἫγἾ
0 2163 6 2175 ·’
0 2145 2 2149 ·
0 2119 6 2131 „
0 2087 5 2102 ⁷·
0 2063 3 2065 ’
0 2040 2 2042 ⁴

447 991 704 1054 JOANNIS
743 992 1006 1054 KEPLERI
1050 990 1485 1082 MATHEMATICI

79 1110 268 1164 PRO
317 1111 499 1164 SUO
545 1112 856 1164 OPERE
907 1111 1523 1164 HARMONICES
1568 1111 1870 1164 MUNDI

767 1228 1177 1345 Apamam

546 1403 745 1443 Adversus
775 1405 1144 1444 demonstrationem
1178 1405 1415 1457 analyticam

391 1506 488 1552 cl.
525 1507 600 1552 V.
640 1508 723 1552 1).
755 1506 1030 1553 neberti
1072 1507 1154 1552 «le
1190 1506 1560 1570 Fluctibus,

789 1582 923 1618 Medici
947 1582 1173 1618 Oxoniensis.

256 1677 301 1716 In
330 1687 416 1726 ‘qua
458 1676 523 1715 ille
560 1689 602 1715 se
633 1678 728 1716 dicit
771 1677 1002 1728 respondere
1045 1678 1094 1716 ad
1129 1678 1396 1729 Appendiccm
1436 1678 1528 1717 dicti
1560 1679 1698 1728 operis.

379 1792 585 1824 francofurti
610 1793 782 1825 Sumtibus
805 1793 976 1824 Godetridi
1000 1793 1206 1834 Tampachii.
1256 1795 1353 1825 Anno
1379 1793 1584 1826 Mncxxn.

85 2132 158 2169 Ad
185 2132 492 2170 Clarissimum
523 2133 1052 2180 excellentissimumque
1081 2134 1260 2177 Virum,
1292 2134 1345 2170 D.
1376 2132 1627 2170 Bobertum
1657 2131 1714 2167 de
1741 2131 1877 2168 Flue-

207 2190 352 2235 tibus,
388 2191 641 2228 Medicinae
670 2193 716 2228 et
743 2191 1069 2237 Philosophiae
1098 2192 1342 2227 Doctorem
1379 2188 1725 2227 celeberrimum
1738 2215 1750 2233 ,

305 2249 493 2286 Joannis
522 2249 717 2296 Kepleri,
748 2249 1077 2294 Mathematici,
1114 2249 1320 2294 Epistola
1349 2246 1644 2294 apologetica.

201 2349 297 2400 Sero
327 2355 416 2398 tua,
449 2350 520 2389 Vir
549 2351 898 2399 Excellentissim,
943 2351 1155 2389 declaratio
1186 2350 1382 2401 analytica
1410 2361 1518 2388 meas
1550 2348 1600 2387 ad
1630 2359 1769 2386 manus
1800 2347 1871 2386 de-

89 2409 193 2446 venit
223 2407 458 2458 offenditque
488 2410 654 2458 negotiis
683 2408 1014 2448 inextricabilibus
1044 2408 1284 2458 implicitum,
1316 2413 1360 2446 ut
1384 2409 1415 2445 si
1448 2407 1565 2457 plane
1584 2407 1870 2456 praeteriissem

88 2467 292 2514 intactam,
333 2477 466 2513 nemo,
502 2469 571 2516 qui
600 2479 770 2505 mearum
802 2479 927 2505 rerum
959 2468 1136 2505 conscius
1166 2472 1246 2513 est,
1288 2466 1572 2504 contumaciam
1603 2463 1746 2501 silentii
1777 2463 1871 2500 mihi

89 2523 127 2560 in
168 2524 371 2574 superbiae
414 2530 545 2562 notam
586 2526 775 2574 imputare
813 2526 948 2574 possit.
1009 2523 1115 2562 Vicit
1155 2529 1283 2562 tamen
1314 2528 1452 2562 natura
1490 2533 1651 2571 mosque
1682 2521 1870 2559 hactenus

88 2580 288 2629 obtentus,
322 2582 436 2627 vicit,
479 2582 658 2630 inquam,
700 2582 872 2621 taedium
901 2581 1093 2620 scribendi
1122 2581 1376 2631 legendique,
1416 2592 1487 2619 nec
1518 2580 1765 2617 inhonestum
1794 2578 1870 2617 hoc

87 2641 278 2677 certamen
309 2640 553 2685 existimavi,
594 2651 666 2678 nec
695 2641 879 2679 lectorem
908 2639 1067 2678 avidum
1108 2639 1367 2677 frustrandum
1399 2639 1554 2685 censui,
1598 2637 1765 2686 denique
1795 2636 1870 2675 hoc

85 2695 227 2743 lucelli,
260 2695 363 2745 quod
395 2696 628 2746 typographi
658 2703 813 2747 captare
843 2697 1023 2736 videntur
1054 2697 1247 2735 irritandis
1285 2699 1325 2734 in
1356 2708 1397 2734 se
1428 2702 1564 2734 mutuo
1595 2693 1870 2733 incendendis·

88 2764 163 2802 que
193 2755 434 2800 auctoribus,
478 2760 664 2802 quantum
702 2756 740 2792 in
770 2767 832 2793 me
863 2761 940 2803 est,
980 2756 1134 2793 nonnisi
1169 2767 1238 2805 per
1268 2754 1483 2792 honestatis
1523 2755 1712 2805 speciem,
1757 2752 1870 2790 bonis

90 2812 266 2849 omnibus
297 2812 571 2862 approbatam,
608 2811 685 2849 illis
714 2812 994 2862 expediendum
1024 2814 1156 2851 sumsi.
1215 2813 1296 2851 Nec
1326 2811 1502 2861 pluribus
1532 2810 1751 2859 praefatus,
1798 2809 1870 2848 de-

91 2868 339 2907 clarationem
371 2870 516 2918 ipsam,
555 2869 744 2918 prolixam
784 2878 900 2908 antea
930 2872 1046 2919 satis,
1091 2876 1134 2909 ut
1170 2871 1207 2906 in
1239 2881 1317 2919 qua
1345 2868 1439 2906 mihi
1479 2879 1549 2918 pro
1581 2868 1869 2917 comparatione

14 2943 26 2946 =·
89 2936 176 2964 mea
205 2925 428 2976 centuplum
457 2925 646 2973 refundis,
678 2932 865 2976 quantum
894 2934 1030 2976 potero
1062 2929 1217 2967 conciso
1250 2927 1436 2965 orationis
1467 2937 1609 2975 genere
1636 2936 1868 2975 percurram,

91 2993 267 3033 quaeque
298 2986 336 3021 in
367 2995 415 3023 ea
444 2984 537 3021 mihi
568 2984 803 3022 videbuntur
834 2984 1007 3033 officere,
1039 2985 1195 3024 diluam.

203 3041 248 3078 In
291 3041 404 3080 titulo
447 3041 699 3092 praefationis
742 3043 878 3089 miror,
928 3054 1027 3091 quae
1070 3049 1109 3082 te
1154 3043 1364 3080 necessitas
1409 3040 1459 3078 ad
1504 3039 1862 3090 „respondendum“

91 3095 277 3148 adegerit,
318 3101 381 3139 cui
410 3100 513 3151 prior
541 3110 615 3149 ego
645 3099 740 3138 nihil
779 3099 1071 3151 spoponderim,
1108 3101 1204 3138 nihil
1234 3099 1472 3149 rogaverim,
1511 3095 1611 3137 nihil
1644 3097 1865 3148 obJecerim.
