1994 3276
106 75 194 116 404
813 69 1012 108 Ptolemaei
1027 68 1240 109 Baunonia.

103 188 191 225 ritas
208 188 265 224 vel
279 188 446 235 tarditas,
471 189 682 225 inconstans
699 189 809 225 ctiam
825 189 953 236 forma,
978 190 1189 226 inconstans
1207 188 1363 234 denique
1380 188 1540 226 duratio:
1564 190 1726 235 intellige
1741 190 1780 227 in
1796 195 1911 229 astro-

109 241 230 278 nomia
253 240 485 278 Ptolemaica.

222 294 389 339 Denique
413 293 527 330 totius
551 294 650 330 tituli
674 305 803 332 sensus
829 295 881 331 sic
905 300 962 331 est
985 299 1227 340 comparatus,
1254 299 1294 330 ut
1319 294 1426 331 facile
1449 299 1584 343 pateat,
1609 301 1721 342 caput
1743 296 1819 332 hoc<
1836 307 1910 332 uon

106 346 164 382 sui
187 345 303 391 ipsius
327 356 438 383 causa
461 346 585 394 scribi,
622 357 690 383 nec
714 346 821 383 finem
853 347 1087 383 dicendorum
1116 347 1152 383 in
1179 358 1217 382 se
1249 348 1330 392 ipso
1365 348 1566 396 continere,
1601 350 1666 386 sed
1693 347 1827 385 seririre
1853 348 1914 384 alii

107 398 217 436 alicui
240 403 433 436 secuturae
457 400 727 448 comparationi,
753 401 871 447 capite
899 401 950 438 16.
976 401 1142 446 sequenti
1170 400 1427 437 instituendae.

222 457 321 494 Nota
344 457 410 493 111.
458 458 502 495 In
524 458 723 494 Ptolemaei
759 459 981 495 astronomia
1018 464 1103 495 sunt
1134 459 1238 494 orbes
1265 459 1372 495 solidi
1395 460 1452 496 vel
1488 460 1609 508 quasi,
1646 463 1767 495 motus
1791 460 1913 496 nullus

107 511 380 548 transscribitur
396 511 467 557 ipsi
482 511 621 555 stellae,
645 511 715 547 nisi
733 522 914 557 apparens
931 512 1003 555 ille,
1028 513 1250 558 compositus
1277 511 1418 549 scilicet
1434 523 1480 548 ex
1495 512 1659 559 pluribus
1677 510 1913 559 simplicibus,

107 564 170 609 qui
193 573 233 600 re
256 574 343 600 vera
368 563 577 599 dividuntur
600 564 695 600 inter
719 564 897 610 sphaeras
922 564 1092 600 totidem:
1124 570 1164 600 ut
1187 565 1239 601 ita
1263 565 1440 610 sphaerae
1465 565 1629 612 singulae
1653 564 1806 611 singulis
1829 574 1912 610 pro-

105 616 195 661 priis
219 616 415 652 incitentur
438 616 594 653 motibus
618 617 751 662 iisque,
787 623 828 653 ut
851 618 968 663 prima
991 618 1111 653 fronte
1136 623 1304 662 apparet,
1341 617 1449 663 plane
1474 618 1695 664 simplicibus
1720 622 1757 653 et
1781 627 1915 664 aequa-

106 668 250 705 bilibus.
298 669 379 714 Qua
402 668 439 705 in
464 669 635 714 opinione
658 670 804 706 fuerunt
837 671 944 706 etiam
968 675 1131 717 veteres,
1167 671 1362 718 Eudoxus,
1400 670 1572 717 Calippus
1606 681 1742 716 eosque
1766 676 1915 707 secutus

107 721 336 768 Aristoteles,
362 726 403 758 ut
426 723 668 768 perscriptum
692 723 838 769 reliquit
862 725 950 760 Met.
977 724 1059 759 XII.
1109 725 1225 768 Quam
1251 724 1455 769 opinionem
1482 734 1548 768 ego
1572 723 1726 759 refutavi
1749 724 1786 759 in
1812 724 1913 759 Com-

105 775 292 811 mentariis
325 776 370 811 de
402 777 561 813 motibus
594 775 721 812 stellae
745 777 874 812 Martis
912 776 1128 822 defendique
1150 776 1350 812 rationibus
1381 777 1619 819 evidentibus,
1643 787 1784 813 omnem
1815 777 1915 813 illam

107 833 270 864 motuum
295 828 524 874 varietatem,
551 839 644 873 quae
669 829 784 864 stellis
808 830 927 864 inesse
951 834 1120 875 putatur,
1146 834 1209 865 aut
1231 830 1461 875 phantasiam
1485 841 1566 866 esse
1589 831 1760 876 visusque
1785 829 1915 875 decep-

107 880 260 920 tionem,
296 891 343 917 ex
367 893 488 918 annuo
514 882 670 917 Telluris
694 887 795 918 motu
819 887 961 928 natam,
999 888 1062 918 aut
1095 893 1135 918 re
1158 893 1243 919 vera
1278 883 1505 928 planetarum
1529 883 1647 929 globis
1670 884 1760 930 ipsis
1784 884 1915 925 inesse,

108 933 161 970 sic
184 938 225 969 ut
248 934 302 970 illi
325 945 552 981 nequaquam
578 935 891 970 circumvehantur
915 935 1015 971 velut
1038 935 1074 970 in
1100 947 1207 971 curru
1231 941 1294 971 aut
1317 941 1358 974 ut
1381 936 1503 972 clavus
1520 937 1557 972 in
1573 940 1663 981 rota,
1688 936 1916 981 quiescentes

108 997 159 1023 sc.
184 987 222 1023 in
247 998 319 1023 uno
345 988 401 1024 sui
426 988 523 1024 orbis
548 988 645 1031 loco,
682 987 746 1023 sed
770 998 810 1023 re
834 999 919 1024 vera
943 988 1125 1033 trajiciant
1147 1000 1212 1034 per
1235 989 1523 1034 limpidissimam
1547 999 1672 1024 auram
1696 989 1914 1033 aetheream,

107 1039 161 1076 illi
185 1040 391 1077 nullatenus
415 1041 556 1086 illigati.
591 1040 711 1085 Quare
733 1042 934 1078 meminerit
958 1042 1083 1087 lector,
1109 1053 1165 1078 me
1184 1042 1254 1088 hic,
1280 1043 1365 1078 dum
1388 1042 1601 1078 Ptolemaici
1624 1042 1744 1088 operis
1769 1042 1916 1079 lacunas

108 1093 249 1139 expleo,
287 1105 359 1130 non
385 1095 543 1131 scribere
569 1105 613 1130 ex
639 1095 747 1131 animi
770 1096 840 1131 mei
864 1096 1055 1136 sententia,
1082 1096 1145 1131 sed
1170 1095 1368 1132 Ptolemaei
1393 1095 1555 1140 vestigiis
1592 1094 1798 1131 necessario
1831 1095 1916 1130 insi-

109 1150 220 1192 stere,
243 1147 275 1182 si
299 1146 392 1182 viam
417 1148 563 1192 quidem
588 1149 827 1184 eccentricam
851 1147 1008 1193 planetis
1035 1148 1186 1194 singulis
1211 1148 1384 1194 relinquit
1407 1148 1514 1184 etiam
1539 1158 1619 1183 mea
1643 1158 1689 1183 ex
1714 1146 1915 1194 Copernico

107 1202 330 1235 transsumta
354 1200 594 1244 astronomia,
632 1211 726 1245 quae
751 1200 889 1236 scilicet
913 1201 1011 1237 aliud
1035 1202 1204 1237 observat
1228 1206 1392 1237 centrum
1416 1212 1438 1237 a
1462 1206 1586 1237 centro
1611 1201 1723 1238 totius
1748 1200 1917 1246 universi,

109 1251 207 1297 quod
232 1251 294 1287 Sol
319 1257 386 1288 est.

224 1309 321 1346 Nota
343 1310 405 1346 IV.
465 1311 659 1357 Epicyclos
691 1322 815 1348 omnes
851 1312 979 1348 unicus
1016 1311 1172 1347 Telluris
1206 1316 1326 1348 motus
1364 1321 1505 1347 annuus
1541 1311 1638 1356 apud
1676 1311 1913 1356 Copernicum

107 1361 204 1397 tollit
227 1361 467 1408 planetasque
491 1368 631 1399 tantum
657 1364 825 1408 directos,
851 1367 992 1400 tantum
1017 1375 1089 1400 uno
1113 1364 1220 1400 modo
1237 1364 1379 1400 veloces
1405 1374 1485 1400 esse
1510 1363 1657 1409 patitur,
1681 1374 1762 1399 cum
1780 1364 1917 1401 scilicet

108 1420 194 1451 sunt
217 1415 254 1450 in
278 1414 475 1461 periheliis,
502 1421 539 1452 et
562 1417 668 1452 Luna
691 1416 727 1451 in
751 1417 921 1462 perigaeo
948 1429 1034 1464 su0;
1071 1418 1225 1453 alterum
1249 1417 1318 1453 hoc
1342 1417 1544 1453 velocitatis
1568 1421 1809 1461 augmentum,
1835 1422 1915 1453 tan-

109 1478 217 1513 quam
242 1477 288 1502 ex
313 1467 493 1513 epicyclo,
531 1479 605 1504 una
641 1480 722 1504 cum
759 1468 977 1504 stationibus
1016 1473 1053 1504 et
1083 1470 1469 1515 retrogradationibus,
1507 1469 1660 1505 sublatis
1684 1469 1854 1514 epicyclis
1879 1473 1916 1504 et

108 1521 308 1558 substituto
333 1520 598 1565 simplicissimo
623 1526 660 1557 et
686 1522 793 1557 unico
811 1521 967 1558 Telluris
993 1527 1104 1567 motu,
1131 1523 1238 1558 simili
1262 1524 1420 1559 motibus
1445 1527 1646 1559 ceterorum
1669 1522 1766 1557 circa
1782 1521 1914 1568 Solem,

108 1574 146 1610 in
169 1584 305 1610 meram
329 1574 427 1610 visus
454 1574 705 1620 deceptionem
731 1575 925 1611 evanescit.
974 1575 1022 1610 At
1045 1576 1292 1621 Ptolemaeus,
1332 1575 1394 1621 qui
1420 1585 1523 1610 veros
1548 1574 1700 1611 credidit
1724 1573 1915 1619 epicyclos,

108 1627 306 1674 praeterire
330 1628 397 1664 has
421 1628 650 1664 incitationes
676 1633 712 1664 et
735 1629 957 1665 retentiones
983 1640 1212 1675 nequaquam
1236 1629 1365 1675 potuit.
1413 1628 1518 1664 Unde
1541 1627 1686 1671 factum,
1713 1631 1754 1662 ut
1778 1636 1917 1662 summa

108 1681 281 1717 existeret
305 1685 469 1716 motuum
494 1678 656 1717 confusio
683 1681 781 1726 apud
805 1681 1068 1725 Ptolemaeum,
1096 1692 1189 1726 quae
1213 1682 1372 1727 ineptam
1397 1686 1433 1717 et
1458 1681 1715 1716 abhorrentem
1739 1677 1915 1715 reddebat

109 1743 251 1769 omnem
273 1735 586 1780 comparationem,
612 1739 797 1779 utcunque
823 1744 863 1769 ea
889 1734 1171 1773 institueretur..
1198 1734 1302 1769 Hanc
1326 1735 1416 1770 adeo
1442 1745 1586 1771 causam
1612 1742 1693 1769 esse
1717 1735 1823 1778 puto,
1848 1741 1914 1767 cur

108 1785 337 1822 Ptolemaeus
361 1787 585 1832 praescripto
611 1786 740 1832 capitis
756 1786 923 1822 lemmate
948 1783 1201 1823 tractationem
1220 1788 1497 1823 subsecuturam
1520 1786 1653 1830 lacuna
1667 1784 1809 1829 texerit,
1832 1782 1917 1828 quia

109 1837 336 1883 impossibile
361 1840 514 1885 videbat,
539 1841 576 1875 in
601 1839 822 1876 astronomia
839 1850 905 1875 sua
923 1840 1160 1876 demonstrari
1184 1839 1294 1875 talem
1322 1845 1483 1875 motuum
1503 1839 1713 1879 coelestium
1738 1841 1916 1878 ornatum,

111 1889 253 1934 qualem
277 1892 356 1937 ipse
380 1903 425 1927 ex
450 1892 647 1939 archetypo
671 1903 792 1928 rerum
817 1893 1041 1929 musicalium
1068 1898 1283 1938 conceperat
1309 1894 1438 1930 animo.
1465 1893 1614 1928 Poterat
1639 1901 1725 1927 sane
1749 1888 1914 1926 confusio

108 1942 180 1978 ista
202 1942 410 1981 Ptolemaeo
434 1945 675 1990 persuadere,
707 1950 747 1980 ut
778 1946 888 1981 missa
919 1956 985 1980 sua
1016 1946 1238 1982 astronomia
1270 1945 1316 1981 ad
1348 1950 1504 1981 veterem
1528 1943 1807 1990 Pythagoricum
1831 1952 1914 1978 cou-

111 1995 267 2041 fugeret.

229 2060 326 2096 Nota
349 2058 393 2094 V.
441 2057 674 2093 Ptolemaeus
698 2057 824 2092 Lunae
855 2056 1002 2092 eosdem
1025 2057 1169 2103 quidem
1195 2056 1322 2092 tribuit
1347 2056 1452 2092 orbes
1477 2055 1748 2101 nominetenus,
1775 2065 1866 2099 quos
1891 2055 1913 2090 5

111 2111 277 2159 reliquis,
314 2111 512 2158 epicyclum
544 2109 681 2146 scilicet
704 2110 742 2144 in
768 2110 987 2146 eccentrico:
1026 2115 1064 2146 at
1088 2110 1140 2145 vis
1167 2115 1222 2145 est
1253 2109 1310 2144 his
1341 2107 1602 2154 hypothesibus
1629 2107 1868 2143 diversissima
1892 2117 1914 2142 a

115 2165 149 2200 vi
172 2166 326 2202 illarum.
375 2165 468 2200 Nam
493 2164 647 2209 primum
673 2163 907 2208 apparentiae
931 2162 968 2197 in
992 2162 1099 2197 Luna
1122 2162 1214 2198 tales
1232 2161 1353 2197 nullae
1380 2166 1474 2206 sunt,
1501 2159 1546 2195 ob
1573 2171 1662 2205 quas
1688 2160 1817 2196 ceteris
1842 2159 1912 2195 sin-

115 2218 208 2263 gulis
234 2217 365 2262 singuli
390 2216 466 2252 dati
491 2221 576 2251 sunt
601 2216 768 2261 epicycli,
806 2226 886 2251 cum
908 2215 1013 2250 Luna
1036 2225 1103 2250 nec
1128 2214 1341 2260 retrograda
1364 2213 1447 2258 fiat,
1473 2223 1539 2247 nec
1563 2212 1599 2248 in
1625 2223 1763 2248 summa
1787 2210 1913 2256 apside

113 2269 229 2305 velox.
276 2270 404 2314 Itaque
429 2269 555 2304 Lunae
580 2267 764 2313 epicyclus
790 2267 1012 2312 aequipollet
1037 2267 1236 2303 eccentrico
1264 2271 1476 2302 ceterorum.
1524 2264 1664 2300 Deinde
1689 2263 1909 2300 eccentricus

113 2322 239 2359 Lunae
264 2322 545 2358 diversissimam
571 2332 593 2357 a
617 2320 747 2357 ceteris
783 2331 946 2364 causam,
985 2330 1050 2355 nec
1074 2320 1191 2354 minus
1227 2324 1263 2354 et
1299 2319 1450 2354 formam
1485 2318 1764 2354 diversissimam
1799 2316 1911 2353 habet

113 2381 292 2412 motuum:
317 2376 396 2412 vult
419 2376 515 2411 enim
532 2375 772 2418 Ptolemaeus,
798 2373 895 2408 hunc
921 2372 1159 2408 eccentricum
1177 2376 1363 2407 menstruo
1388 2376 1550 2416 tempore
1568 2370 1725 2406 volubile
1750 2372 1910 2405 centrum

113 2429 248 2465 habere
271 2439 339 2474 per
361 2433 476 2464 totum
501 2428 700 2472 zodiacum,
724 2438 791 2462 nec
815 2431 933 2461 tamen
960 2426 1055 2460 circa
1078 2424 1114 2459 id
1132 2425 1274 2470 aequali
1299 2425 1385 2461 cieri
1409 2430 1519 2468 motu,
1547 2424 1611 2460 sed
1634 2423 1794 2459 velocem
1818 2432 1909 2467 esse,

113 2493 195 2517 cum
220 2481 293 2517 fert
316 2481 517 2527 epicyclum
540 2481 577 2516 iu
603 2491 754 2524 summo,
778 2479 932 2523 tardum,
957 2489 1037 2514 cum
1061 2478 1098 2513 in
1122 2478 1194 2513 ima
1219 2483 1256 2513 et
1279 2478 1448 2523 perigaea
1473 2477 1530 2513 sui
1553 2482 1668 2523 parte.
1693 2475 1910 2511 Refutarunt

112 2539 235 2570 tamen
259 2535 356 2572 hunc
382 2535 620 2570 eccentricum
646 2509 873 2568 solidissimis
898 2531 1097 2567 rationibus
1122 2531 1431 2575 Regiomoutauus
1456 2535 1492 2565 et
1517 2529 1747 2575 Copernicus
1782 2522 1909 2572 Itaque

113 2598 181 2633 ego
208 2587 390 2624 substituo
415 2586 508 2621 viam
532 2586 659 2621 Lunae
685 2585 780 2620 circa
805 2586 951 2620 Terram
978 2584 1215 2620 eccentricam
1241 2582 1376 2628 duplici
1401 2583 1527 2618 modo:
1553 2593 1625 2616 uuo
1651 2585 1767 2625 stato,
1794 2578 1907 2614 altero

112 2640 285 2685 variabili,
310 2644 352 2675 ut
374 2639 554 2674 interdum
578 2638 685 2683 plane
710 2647 782 2672 non
809 2637 866 2679 sit,
892 2636 980 2671 alias
999 2641 1186 2672 excrescat
1210 2636 1257 2671 ad
1282 2640 1411 2671 statam
1437 2640 1474 2670 et
1498 2638 1630 2670 certam
1657 2632 1906 2677 quantitatem.

112 2693 154 2728 In
179 2692 359 2728 Mercurio
383 2691 612 2727 Ptolemaeus
637 2700 702 2735 pro
728 2689 882 2734 simplici
907 2693 1107 2724 ceterorum
1133 2688 1334 2723 eccentrico
1360 2686 1540 2732 duplicem
1564 2685 1668 2731 fecit3
1693 2685 1795 2726 mihi,
1821 2694 1905 2728 sup-

112 2747 232 2790 posito
258 2746 391 2781 Terrae
415 2749 515 2780 motu
540 2753 677 2788 annuo,
710 2742 768 2777 via
790 2740 961 2776 Mercurii
985 2739 1093 2785 plane
1118 2739 1241 2776 similis
1266 2741 1309 2776 fit
1333 2739 1462 2775 ceteris
1489 2738 1669 2784 quinque,
1706 2748 1756 2775 sc.
1783 2746 1904 2772 eccen-

112 2799 204 2834 trica
227 2799 321 2834 circa
346 2798 477 2834 Solem

228 2858 324 2894 Nota
348 2857 409 2893 VI.
457 2855 558 2891 Haec
582 2852 811 2900 periodorum
836 2850 1055 2895 comparatio
1081 2850 1331 2886 nominetenus
1363 2850 1506 2895 quidem
1532 2849 1662 2885 attinet
1685 2850 1835 2892 motum,
1863 2856 1904 2881 re

113 2917 198 2942 vera
222 2920 296 2944 non
319 2915 467 2953 motum,
493 2908 557 2943 sed
583 2917 770 2942 numerum
795 2904 950 2947 dierum,
977 2903 1040 2947 qui
1062 2903 1210 2938 metitur
1234 2907 1375 2948 tempus
1400 2903 1537 2938 reditus
1563 2901 1736 2946 cujusque
1760 2898 1899 2934 sideris.

112 2958 229 2995 Aliter
252 2966 373 2996 tamen
397 2960 502 3005 mihi,
539 2959 643 2995 aliter
665 2957 886 2993 Ptolemaeo.
934 2957 1025 2991 Nam
1053 2957 1137 3001 quia
1159 2955 1389 2991 Ptolemaeus
1414 2954 1515 2999 ponit
1541 2953 1730 2998 sphaeram
1753 2950 1902 2995 primam

113 3011 402 3054 aequabilissimo
426 3017 526 3048 motu
550 3010 703 3055 moveri,
729 3011 814 3046 hinc
839 3021 883 3047 ex
909 3009 1167 3054 compositione
1190 3008 1447 3053 magnitudinis
1473 3006 1649 3051 sphaerae
1673 3008 1710 3040 et
1732 3002 1901 3038 tarditate

111 3061 248 3101 reditus
281 3064 443 3100 nascitur
477 3063 586 3100 etiam
610 3064 724 3099 motui
761 3063 937 3108 sphaerae
960 3061 1081 3106 aliqua
1117 3066 1216 3097 certa
1247 3066 1283 3097 et
1307 3065 1476 3096 constans
1500 3057 1691 3102 velocitas3
1727 3059 1767 3092 at
1801 3054 1900 3101 mihi,
