1994 3276
86 85 170 124 280
612 82 668 118 De
692 81 852 119 Motibus
874 82 1107 118 Planetarum
1130 81 1368 118 Harmonieis.

85 201 281 251 noncuplo
312 200 517 240 mediocris
549 200 760 240 distantiae
790 201 958 240 Telluris
997 213 1022 240 a
1052 200 1156 240 Sole.
1214 201 1344 251 Hujus
1383 201 1633 242 theorematis
1664 215 1756 242 usus
1788 203 1885 244 infra

87 271 172 310 cap.
207 262 245 300 9.
279 261 520 299 necessarius
553 262 624 299 erit
653 259 705 298 ad
736 259 1103 299 demonstrationem
1136 261 1477 300 eecentrieitatum.

199 341 325 379 Nouo.
386 329 426 379 Si
453 341 537 391 jam
567 342 653 391 ipsa
683 342 887 379 verissima
908 341 1046 378 itinera
1067 340 1414 391 diurnaeuJ'usque
1442 341 1624 392 planetae
1655 338 1721 393 per
1751 354 1885 382 auram

84 397 305 438 aetheream
337 398 474 438 eadem
513 398 635 438 veluti
675 398 911 450 decempeda
941 398 1110 437 volueris
1148 401 1285 446 metiri,
1319 400 1627 450 conjungendae*
1652 406 1763 439 erunt
1792 413 1885 452 pro-

84 459 280 506 portiones
312 457 424 506 duae,
459 470 536 496 una
567 457 789 496 diurnorum
820 469 978 495 arcuum
1009 459 1211 496 eccentriei
1242 469 1419 496 verorum
1453 455 1549 512 (non
1581 457 1884 514 apparentium),

82 514 203 554 altera
233 516 528 555 intervallorum
558 516 747 566 cujusque
778 528 801 554 a
832 515 924 555 Sole
955 514 1218 562 mediocrium,
1251 518 1345 566 quia
1376 515 1511 556 eadem
1543 523 1602 556 est
1632 522 1670 556 et
1697 517 1884 568 amplitu-

84 573 184 612 dinis
217 575 389 622 orbium,
432 574 507 614 hoc
547 579 627 623 est,
653 573 1100 641 multiplicandus
1145 574 1395 625 cujusque
1437 575 1679 625 planetae
1723 588 1881 615 arcus

83 643 231 671 verus
270 633 482 672 diurnus
527 635 578 670 in
615 633 693 671 sui
735 633 881 671 orbis
923 632 1382 671 semidiametrum:
1428 644 1504 683 quo
1542 633 1644 672 facto
1675 634 1886 684 prodibunt

84 692 233 730 numeri
270 691 401 730 idonei
446 691 496 730 ad
539 690 842 741 exquirendum,
886 702 978 728 num
1025 689 1093 729 illa
1137 692 1277 730 itinera
1318 692 1463 730 faciant
1493 693 1763 742 proportiones
1793 693 1885 732 har-

82 750 268 788 monieas.

199 819 374 858 Decimo.
435 816 489 858 Ut
519 830 611 858 vero
641 818 801 867 habeas,
833 821 1020 869 quantam
1051 818 1255 868 quodlibet
1285 818 1420 857 talium
1453 818 1675 859 diurnorum
1705 822 1885 860 itinerum

85 876 206 915 faciat
236 878 522 928 apparentiam,
570 877 683 916 oculo
720 876 830 916 velut
864 878 904 914 in
935 876 1027 915 Sole
1072 871 1295 925 collocato,
1326 879 1398 915 etsi
1438 877 1514 916 hoe
1544 878 1645 917 idem
1677 890 1725 918 ex
1756 884 1885 918 astro-

81 936 214 974 nomia
243 940 372 986 potest
401 935 622 974 immediate
653 937 756 987 peti,
806 940 934 974 tamen
966 936 1083 973 etiam
1114 936 1170 973 sic
1199 935 1368 985 patebit,
1413 937 1447 973 si
1478 936 1674 976 addideris
1704 938 1885 976 itinerum

30 1013 41 1017 -
80 994 319 1045 proportioni
350 995 638 1045 proportionem
670 1006 845 1033 eversam
876 993 1169 1045 intervallorum
1199 1005 1276 1031 non
1309 993 1546 1044 mediorum,
1592 995 1660 1034 sed
1692 1007 1882 1044 verorum,

85 1064 186 1101 quae
218 1057 308 1090 sunt
339 1053 480 1102 quovis
511 1053 598 1091 Ioco
631 1054 951 1099 eccentricorum,
993 1048 1358 1102 multiplicato
1381 1053 1567 1092 itinere
1598 1056 1885 1104 superioris

82 1112 128 1148 in
159 1110 509 1149 intervallum
540 1111 811 1150 inferioris
843 1123 866 1149 a
897 1109 1016 1148 Sole
1048 1115 1092 1148 et
1121 1111 1353 1148 vicissim
1392 1111 1583 1151 itinere
1625 1113 1884 1152 inferioris

82 1170 129 1206 in
161 1168 500 1208 intervallum
531 1170 821 1219 superioris
852 1180 875 1206 a
906 1167 1034 1207 Sole.

197 1237 423 1278 Undecimo.
484 1238 566 1277 Nec
604 1240 732 1277 minus
778 1239 896 1277 etiam
936 1249 983 1276 ex
1031 1237 1132 1276 datis
1169 1238 1338 1276 motibus
1381 1240 1680 1289 apparentibus,
1726 1240 1881 1291 aphelio

81 1297 196 1335 unius
227 1303 266 1336 et
297 1296 483 1348 perihelio
515 1296 696 1345 alterius,
739 1296 804 1335 vel
835 1297 1006 1334 vicissim
1036 1295 1255 1343 alternisve,
1287 1299 1555 1348 proportiones
1587 1298 1791 1338 eliciuntur
1821 1300 1884 1337 in-

80 1354 331 1394 tervallorum
375 1355 519 1406 aphelii
564 1357 676 1394 unius
717 1354 767 1394 ad
811 1354 1040 1405 perihelium
1086 1354 1272 1403 alterius;
1317 1356 1385 1393 ubi
1415 1361 1544 1395 tamen
1575 1356 1723 1395 medios
1754 1363 1883 1396 motus

82 1418 234 1465 oportet
263 1425 348 1453 esse
378 1415 669 1464 praecognitos,
713 1425 766 1452 sc.
798 1414 1085 1464 proportionem
1124 1412 1405 1463 periodicorum
1445 1419 1660 1466 temporum
1693 1427 1883 1464 eversam,

83 1484 129 1511 ex
161 1473 303 1521 quibus
335 1463 484 1511 'elicitur
515 1473 664 1511 orbium
695 1472 904 1523 proportio,
937 1482 1004 1522 per
1033 1482 1136 1509 num.
1160 1470 1269 1509 VIII.
1292 1473 1564 1524 praemissum:
1595 1478 1687 1512 tunc
1718 1479 1884 1513 sumto

81 1530 249 1570 medio
291 1530 683 1581 proportionali
724 1531 854 1568 inter
897 1534 1092 1568 motum
1139 1528 1438 1568 alterutrum
1469 1536 1806 1582 apparentem
1836 1538 1883 1571 et

81 1599 218 1628 suum
260 1588 498 1637 medium,
536 1589 595 1627 fit
634 1593 685 1627 ut
726 1588 818 1627 hoc
860 1587 1075 1626 medium
1119 1589 1505 1638 proportionale
1547 1589 1607 1628 ad
1638 1590 1882 1630 semidiaa

85 1651 299 1686 metrum
331 1647 487 1695 orbis,
526 1647 606 1696 jam
638 1647 898 1698 patefactam,
943 1647 1022 1684 sic
1051 1645 1246 1684 medius
1277 1651 1439 1685 motus
1480 1647 1541 1686 ad
1582 1644 1884 1688 distantiam

81 1705 169 1755 vel,
190 1704 521 1744 intervallum
553 1706 853 1755 quaesitum.
897 1703 983 1743 Sint
1014 1703 1176 1743 duorum
1207 1703 1450 1755 planetarum
1480 1706 1679 1757 periodica
1709 1713 1884 1759 tempora

82 1766 137 1802 27
171 1768 209 1803 et
241 1764 291 1812 8,
333 1775 424 1814 ergo
455 1763 574 1802 medii
604 1768 731 1802 motus
771 1762 897 1801 diurni
942 1763 1046 1801 illius
1091 1762 1142 1800 ad
1171 1763 1273 1801 hunc
1305 1768 1362 1802 est
1393 1763 1484 1813 illa,
1530 1776 1640 1814 quaer
1671 1766 1694 1803 8
1733 1765 1796 1804 adx
1815 1768 1882 1815 27,

82 1834 201 1872 quare
233 1827 344 1860 erunt
374 1822 649 1861 semidiametri
690 1822 840 1860 orbium
883 1825 925 1859 ut
957 1822 979 1859 9
1012 1820 1063 1859 ad
1094 1822 1132 1859 4.
1193 1821 1293 1860 Nam
1334 1821 1443 1860 radix
1485 1823 1623 1862 cubica
1666 1825 1718 1861 27
1752 1829 1811 1863 est
1845 1826 1882 1873 3,

81 1880 129 1920 de
164 1881 186 1918 8
220 1885 278 1919 est
309 1882 360 1928 2,
403 1879 541 1918 harum
573 1879 745 1919 radicum
778 1881 800 1918 3
834 1884 871 1919 et
904 1881 927 1917 2
961 1878 1151 1929 quadrata
1182 1885 1271 1918 sunt
1304 1881 1327 1918 9
1361 1885 1399 1918 et
1431 1882 1467 1919 4.
1528 1880 1615 1920 Sint
1640 1881 1724 1932 Jam
1753 1887 1881 1921 motus

82 1943 335 1990 apparentes,
383 1938 562 1988 aphelius
595 1939 707 1976 unius
740 1940 763 1975 2
796 1942 834 1976 et
875 1937 1084 1988 perihelius
1124 1937 1283 1977 alterius
1316 1935 1439 1992 3373.
1500 1939 1634 1978 Media
1663 1942 1883 1991 proportio—

80 1997 187 2036 nalia
216 1999 315 2036 inter
345 2001 472 2035 motus
502 1996 651 2035 medios
684 1997 707 2034 8
739 2000 778 2035 et
809 1997 862 2034 27
895 2001 933 2034 et
962 1996 1034 2034 hos
1065 2001 1295 2047 apparentes
1326 2002 1436 2035 erunt
1467 1998 1492 2034 4
1520 2002 1558 2036 et
1590 1999 1657 2037 30.
1716 1998 1758 2037 Si
1790 2011 1882 2048 ergo

79 2055 251 2095 medium
283 2057 308 2092 4
341 2054 408 2093 dat
437 2054 669 2094 mediocrem
714 2053 936 2092 distantiam
977 2054 1157 2105 planetae
1192 2056 1234 2102 9,
1279 2060 1371 2093 tune
1408 2054 1558 2093 medius
1599 2060 1727 2095 motus
1760 2057 1783 2095 8
1817 2057 1883 2096 dat

81 2114 280 2165 aphelium
310 2113 559 2152 intervallum
585 2114 649 2161 18,
681 2111 918 2163 respondens
950 2114 1152 2163 apparenti
1182 2114 1303 2151 motui
1325 2114 1371 2162 23
1404 2117 1442 2151 et
1463 2114 1496 2151 si
1517 2114 1685 2152 medium
1717 2114 1881 2154 alterum

83 2174 136 2211 30
169 2171 236 2210 dat
267 2171 501 2211 mediocrem
532 2171 755 2209 distantiam
784 2169 942 2209 alterius
973 2170 1152 2221 planetae
1173 2171 1209 2218 4,
1243 2176 1333 2209 tune
1363 2171 1512 2209 medius
1542 2171 1646 2211 illius
1676 2178 1803 2212 motus
1826 2176 1878 2212 27

82 2230 149 2269 dat
180 2230 410 2281 perihelium
442 2229 545 2268 illius
575 2228 822 2267 intervallum
856 2226 945 2282 3²75.
1007 2228 1105 2267 Dico
1136 2229 1263 2277 igitur,
1296 2228 1517 2267 distantiam
1549 2231 1743 2281 apheliam
1775 2231 1879 2271 illius

83 2300 169 2327 esse
202 2288 252 2327 ad
283 2287 511 2339 periheliam
540 2288 669 2337 hujus,
702 2291 745 2325 ut
780 2287 828 2324 18
861 2285 910 2324 ad
943 2283 1040 2340 3³75.
1102 2286 1156 2324 Ex
1190 2298 1266 2336 quo
1298 2292 1417 2337 patet,
1451 2288 1554 2337 quod
1586 2290 1755 2328 inventis
1786 2290 1879 2330 har-

83 2347 223 2385 moniis
252 2348 350 2386 inter
379 2351 507 2385 motus
538 2351 730 2385 extremos
768 2345 945 2383 binorum
977 2349 1015 2382 et
1045 2344 1257 2394 periodicis
1302 2347 1539 2397 temporibus
1582 2343 1743 2398 utrique'
1764 2360 1879 2398 prae-

82 2407 255 2455 scriptis,
300 2406 578 2449 necessitentur
619 2403 827 2443 intervalla
871 2408 1042 2442 extrema
1081 2407 1119 2440 et
1158 2402 1383 2452 mediocria,
1429 2416 1550 2454 quare
1591 2407 1709 2444 etiam
1739 2418 1877 2446 eccen-

85 2464 283 2502 tricitates.

197 2531 450 2571 Duodecimo.
512 2531 638 2570 Datur
675 2532 803 2580 etiam,
848 2543 895 2570 ex
936 2531 1051 2568 unius
1095 2535 1131 2568 et
1165 2530 1340 2579 ejusdem
1378 2531 1560 2581 planetae
1599 2533 1769 2572 motibus
1806 2545 1875 2572 ex-

81 2591 211 2629 tremis
233 2590 395 2629 diversis
416 2591 589 2628 invenire
619 2594 796 2627 motum
827 2588 1042 2627 medium.
1074 2587 1150 2627 Hic
1171 2590 1271 2627 enim
1292 2601 1368 2627 non
1401 2592 1572 2640 praecise
1602 2596 1660 2630 est
1689 2591 1875 2631 arithme-

84 2650 202 2687 ticum
233 2648 403 2687 medium
433 2650 532 2687 inter
561 2653 689 2686 motus
720 2652 932 2694 extremos,
971 2658 1043 2684 nee
1072 2649 1244 2696 praecise
1275 2648 1443 2687 medium
1474 2646 1772 2699 geometricum,
1804 2650 1874 2690 sed

82 2711 190 2745 tanto
220 2708 343 2745 minor
374 2708 608 2756 geometrico
639 2705 787 2754 medio,
832 2708 976 2754 quanto
1008 2704 1177 2742 medium
1208 2709 1481 2754 geometricum
1511 2708 1638 2746 minus
1668 2712 1728 2746 est
1757 2719 1874 2757 quam

83 2765 252 2803 medium
294 2766 394 2804 inter
434 2769 652 2814 utrumque.
713 2765 798 2802 Sint
837 2763 913 2801 duo
954 2767 1082 2800 motus
1121 2765 1277 2802 extremi
1311 2765 1333 2802 8
1366 2770 1403 2803 et
1437 2766 1512 2814 10,
1556 2762 1705 2804 medius
1744 2771 1872 2805 motus

85 2825 155 2860 erit
185 2824 313 2863 minor,
338 2835 455 2873 quam
488 2824 534 2871 9,
566 2824 690 2861 minor
718 2823 834 2861 etiam
866 2832 983 2870 quam
1013 2820 1122 2858 radix
1155 2821 1200 2860 de
1234 2823 1310 2873 80,
1342 2822 1500 2861 dimidio
1531 2824 1634 2873 ejus,
1678 2823 1783 2873 quod
1814 2829 1872 2863 est

84 2881 183 2919 inter
221 2886 445 2931 utrumque,
490 2883 513 2920 9
559 2886 598 2920 et
641 2881 722 2920 rad.
765 2879 813 2918 de
846 2880 911 2917 80.
972 2878 1033 2916 Ita
1074 2880 1107 2916 si
1147 2881 1197 2918 sit
1234 2880 1410 2930 aphelius
1443 2882 1518 2926 20,
1560 2881 1770 2931 perihelius
1803 2884 1869 2931 24,

84 2943 210 2977 motus
240 2939 390 2978 medius
422 2940 493 2979 erit
523 2941 644 2978 minor
675 2950 790 2989 quam
823 2939 896 2986 22,
941 2938 1065 2975 minor
1097 2939 1212 2976 etiam
1244 2950 1360 2987 quam
1391 2939 1499 2977 radix
1531 2939 1578 2977 de
1610 2940 1712 2988 480,
1755 2939 1870 2977 dimi-

87 2994 149 3034 dio
181 2997 283 3045 ejus,
330 2998 433 3062 quod
472 3002 531 3037 est
570 3000 668 3037 inter
706 2997 806 3037 hanc
845 2994 1014 3036 radicem
1055 2999 1092 3036 et
1124 2998 1189 3036 22.
1250 2996 1378 3049 Hujus
1410 2997 1658 3037 theorematis
1689 3009 1781 3036 usus
1811 3002 1870 3039 est

85 3055 124 3092 in
153 3057 341 3105 sequenti
