1994 3276
568 129 804 168 numam
847 128 958 169 mu
979 130 1043 168 m
1073 131 1190 177 Caput
1212 129 1255 167 v.
1328 105 1329 110 ’
1720 134 1800 175 15⁶1

20 247 175 300 demes,
204 255 284 291 tam
315 248 423 305 ’ΨΜ
450 262 571 301 quam
601 247 697 304 ΠΙ,
723 249 971 290 intervallum
1001 239 1059 303 ss
1079 248 1390 300 deprehenditur.
1429 249 1580 302 'Quare
1611 262 1698 291 eum
1727 262 1802 291 na-

21 315 109 349 tura
135 320 207 348 nos
236 308 408 349 docuerit
436 314 619 359 coaptare
648 308 722 347 hos
746 318 943 356 numeros,
974 308 1026 347 ob
1054 309 1267 347 sectionem
1295 307 1429 347 circuli
1457 308 1701 360 peragam
1729 309 1802 348 de-

20 367 311 415 monstrabiles,
350 371 491 405 natura
519 369 636 417 igitur
664 365 742 404 duo
781 365 987 405 intervalla
1013 366 1276 416 sesquitertia,
1317 368 1410 405 certi
1438 369 1538 406 situs
1577 369 1676 407 inter
1703 366 1802 406 duos

21 427 202 466 terminos
247 426 506 477 proportionis
544 423 705 476 duplae,
742 430 831 462 actu
864 425 949 474 ipso
991 425 1204 462 sectionum
1243 423 1377 462 divisit
1415 426 1454 462 in
1492 426 1566 464 tria
1597 425 1803 465 intervalla

18 484 208 534 perfecta,
247 484 456 531 concinna,
493 490 626 522 tonum
660 481 867 532 majorem,
907 487 1040 520 tonum
1070 483 1257 522 minorem
1293 488 1332 521 et
1359 483 1618 523 semitonium.
1679 483 1801 534 Atqui

18 543 133 581 trium
176 540 469 581 intervallorum
505 542 773 591 contiguorum
814 545 967 590 oportet
1002 550 1089 579 esse
1127 539 1237 579 locos
1278 551 1350 579 seu
1378 552 1496 580 voces
1535 553 1606 581 seu
1636 541 1801 581 chordas

18 605 196 650 quatuor.
253 598 357 639 Hinc
394 600 510 650 igitur
547 597 793 638 intervallum
821 599 1107 652 sesquitertium
1143 598 1222 637 dici
1258 599 1388 650 coepit
1425 604 1583 650 quarta,
1612 600 1800 639 subaudi:

19 663 158 708 quarta
185 667 264 697 vox
291 670 318 698 a
344 659 469 708 prima
497 669 567 696 seu
597 657 795 707 superiore
822 667 894 695 sen
924 656 1112 696 inferiore.
1171 655 1319 696 Eadem
1346 656 1396 696 de
1416 667 1536 696 eausa
1557 656 1698 698 Graeci
1727 670 1804 710 ap—

15 715 165 766 pellant
192 714 271 756 hoc
296 715 544 756 intervallum
573 719 636 755 δια
664 728 889 766 τεσσαραη,
926 714 1034 765 quod
1072 714 1203 754 latinis
1241 716 1360 754 etiam
1386 714 1508 755 literis
1536 717 1800 767 exprimimus,

18 775 163 813 usitato
190 773 308 813 modo
337 774 563 813 sciribentes
592 772 845 813 diatessaron.

131 831 316 882 Sequitur
344 833 473 882 igitur,
502 836 546 869 nt
570 833 663 882 quia
682 830 926 870 intervallum
954 829 1252 880 sesquialterum
1281 830 1509 882 superaddit
1526 836 1663 871 tonum
1682 843 1803 876 unum

10 889 231 939 perfectum
270 891 433 941 (quippe
472 888 687 929 differentia
726 890 825 928 inter
862 886 916 941 ²]ss
936 894 994 927 -et
1025 886 1082 942 Ὗ,
1118 889 1190 927 suit
1218 885 1311 943 ⁸s9),
1341 901 1390 928 ex
1418 888 1494 929 hoc
1530 891 1616 942 ipso
1654 889 1804 930 dicatur

17 948 165 997 quinta,
192 959 284 995 eeu,
318 958 484 998 graecae
511 947 842 998 pronunciationis
871 948 1098 994 imitatione,
1128 945 1334 997 diapente,
1364 958 1442 987 non
1466 948 1661 998 obstante,
1692 948 1799 1000 quod

15 1011 108 1045 actu
137 1007 222 1056 ipso
252 1007 292 1044 in
320 1004 494 1045 totidem·
512 1006 700 1044 concinna
728 1004 855 1043 divisa
892 1016 970 1042 non
998 1012 1090 1043 sunt
1128 1016 1197 1055 per
1234 1007 1430 1045 sectiones
1457 1012 1609 1046 nostras
1644 1006 1801 1046 harmo-

16 1064 128 1103 nicas
155 1063 360 1103 intervalla
389 1064 661 1114 sesquialtera,
705 1074 828 1113 eaque
858 1061 907 1101 de
937 1073 1055 1102 causa
1085 1074 1266 1103 uumerus
1295 1075 1396 1103 nnus
1424 1063 1476 1103 ad
1505 1064 1608 1104 hanc
1635 1064 1801 1105 divisio-

15 1132 105 1161 nem
133 1121 344 1172 plenariam
372 1124 612 1161 necessarius
641 1120 769 1161 adhuc
798 1121 911 1160 nobis
940 1120 1061 1168 desit,
1091 1133 1207 1172 quem
1236 1121 1429 1161 defectum
1447 1122 1556 1162 Deus
1574 1124 1660 1174 ipse
1689 1134 1800 1164 crea-

18 1184 78 1218 tor
107 1181 146 1218 iu
176 1179 420 1230 planetarum
449 1180 619 1218 motibus
649 1180 855 1230 expressit,
887 1185 931 1217 ut
960 1178 1059 1218 libro
1091 1181 1227 1229 quinto
1255 1180 1473 1219 audiemus.

128 1237 250 1277 Porro
256 1267 271 1287 ,
311 1239 404 1288 quia
441 1239 496 1276 sic
534 1240 650 1276 etiam
691 1244 769 1276 tam
807 1235 861 1290 ⁵13
899 1248 1017 1286 quam
1049 1235 1099 1290 ²7⁵
1138 1238 1401 1288 superaddunt
1436 1238 1714 1289 sesquialterae
1743 1236 1799 1294 2Ι8

17 1307 135 1334 unum
164 1307 213 1335 ex
234 1295 320 1346 jam
350 1295 463 1335 dictis
492 1295 703 1343 elementis,
734 1294 828 1333 iilud
848 1294 1004 1344 quidem
1021 1296 1268 1334 semitonium
1296 1294 1404 1350 ¹7¹5,
1433 1296 1508 1337 hoc
1539 1303 1632 1337 vero
1664 1303 1799 1338 tonum

14 1355 201 1394 minorem
229 1350 319 1407 Ἄ.»
349 1365 397 1393 ex
426 1353 501 1393 hoc
529 1353 786 1405 appellantur,
802 1359 957 1402 sextae,
988 1352 1085 1392 illud
1115 1353 1273 1404 quidem
1302 1354 1442 1405 major,
1473 1355 1547 1395 hoc
1576 1357 1712 1395 minor.
1790 1356 1793 1361 '

334 1458 529 1509 Diapente
833 1458 1086 1497 Diatessaron
1422 1459 1576 1499 Diahex

132 1846 327 1905 Vicissim,
358 1858 451 1907 qnia
489 1860 570 1895 tam
599 1853 651 1909 7⁵
681 1867 797 1905 quam
826 1852 882 1910 ⁵s,3
911 1855 1069 1895 demunt
1109 1854 1156 1894 de
1195 1856 1440 1906 sesquitertia
1479 1868 1598 1896 unum
1636 1870 1685 1897 ex
1714 1858 1799 1908 jam

19 1914 131 1973 dictis
173 1913 396 1964 elementis,
443 1914 540 1953 illud
583 1913 738 1964 quidem
786 1915 1030 1953 semitonium
1078 1910 1191 1968 ¹⁵sffi,
1235 1914 1310 1953 hoc
1358 1926 1450 1954 vero
1495 1920 1630 1955 tonum
1670 1918 1799 1956 miuo-

8 1944 98 2023 {tm
128 1969 220 2029 ⁸1¹0,
250 1978 294 2012 ut
323 1979 519 2012 ostensum
559 1979 618 2011 est
648 1974 773 2023 capite
803 1971 1069 2022 praecedenti,
1107 1977 1254 2011 restant
1284 1973 1402 2023 igitur
1436 1973 1484 2011 iis
1518 1973 1611 2012 bina
1648 1974 1798 2013 solum-

18 2025 134 2070 'modo
164 2043 212 2070 ex
241 2030 440 2070 elementis
471 2031 685 2077 concinnis,
729 2029 784 2068 illi
816 2029 972 2081 quidem
1001 2030 1103 2077 toni,
1143 2029 1267 2080 major
1309 2036 1348 2069 et
1376 2032 1519 2079 minor,
1560 2031 1652 2071 huic
1680 2037 1795 2071 tonus

18 2089 142 2139 major
171 2094 209 2127 et
228 2090 484 2128 semitonium.
544 2088 602 2126 Ex
630 2088 704 2126 hoc
735 2088 894 2138 quidam
923 2087 1130 2127 intervalla
1159 2088 1256 2127 haec
1294 2088 1494 2138 appellant
1522 2101 1620 2129 voce
1655 2101 1795 2140 graeca

18 2134 184 2195 ffitonos,
222 2147 406 2196 majorem
444 2151 483 2185 et
516 2147 703 2184 minorem
737 2145 800 2185 vel
839 2147 1134 2194 semiditonum,
1178 2157 1338 2192 cumque
1369 2146 1445 2185 duo
1485 2147 1689 2186 intervalla
1719 2154 1796 2187 tres

18 2196 213 2255 §quirunt
241 2207 422 2244 terminos
452 2216 520 2243 seu
551 2215 680 2250 voces,
712 2203 798 2243 ideo
830 2203 1008 2243 dicuntur
1038 2206 1191 2253 tertiae,
1228 2205 1351 2254 maj0r
1380 2210 1419 2243 et
1447 2205 1583 2244 minor.
1643 2206 1694 2247 Et
1722 2206 1798 2245 ho-

39 2305 46 2313 g
130 2261 419 2302 intervallorum
451 2274 521 2312 per
558 2264 748 2301 sectiones
784 2262 950 2301 chordae
985 2262 1182 2301 naturales
1220 2264 1513 2301 constitutorum
1544 2267 1672 2302 cetera
1707 2266 1798 2314 qui-

21 2308 108 2383 ξω
136 2325 226 2360 actu
255 2321 312 2359 sic
342 2319 469 2359 divisa
497 2326 611 2371 sunt,
640 2326 680 2359 at
710 2332 929 2370 supremum
960 2325 998 2359 et
1027 2321 1145 2358 imum
1164 2324 1253 2360 actu
1285 2319 1451 2359 divisum
1473 2326 1533 2360 est
1561 2320 1797 2373 nondum*)

27 2647 58 2670 ῆι
131 2635 182 2674 Et
209 2647 296 2675 cum
333 2635 578 2674 harmonicae
610 2634 658 2689 ⁵4,
688 2643 727 2674 et
756 2633 807 2690 ⁴15
836 2638 914 2674 sint
942 2649 988 2675 ex
1018 2642 1260 2687 pentagono,
1300 2637 1412 2686 cnjus
1451 2636 1555 2675 latus
1584 2637 1790 2685 ineffabile,

23 2691 91 2742 *d
117 2699 157 2732 et
182 2690 233 2746 *VS
262 2700 302 2733 et
330 2690 381 2746 ⁵!ss
410 2695 597 2731 misceant
625 2693 771 2743 aliquid
802 2694 849 2733 de
879 2700 1017 2733 natura
1045 2696 1272 2744 pentagoni,
1303 2694 1393 2732 hinc
1411 2693 1454 2732 fit
1483 2699 1527 2732 ut
1557 2694 1647 2745 biga
1686 2700 1795 2733 utra-

25 2756 97 2801 Qe
126 2752 178 2789 sit
205 2751 494 2801 imperfectioris
525 2754 818 2800 consonantiae,
849 2764 969 2802 quae,
1001 2764 1080 2802 quo
1108 2754 1233 2791 minor
1253 2758 1321 2798 est,
1352 2751 1428 2790 hoc
1446 2751 1599 2790 mollior
1617 2758 1657 2790 et
1676 2752 1793 2791 blan-

42 2852 48 2854 ,
86 2819 105 2845 r
140 2810 298 2847 auribus
326 2808 484 2857 accidit3
522 2809 647 2846 minor
684 2820 777 2848 vero
806 2815 865 2848 est
892 2812 931 2848 in
961 2807 1017 2864 ⁵s5
1046 2816 1086 2849 et
1114 2807 1184 2863 ⁵s3,
1222 2811 1315 2859 quia
1351 2814 1476 2847 totum
1506 2808 1691 2848 circulum
1728 2809 1793 2851 vel

76 2870 80 2871 ’
180 2868 395 2917 perfectiori
432 2866 479 2919 (s.
518 2865 742 2916 hexagona,
788 2867 898 2917 cujus
932 2867 1035 2906 latus
1072 2873 1131 2907 est
1170 2867 1323 2906 effabile
1359 2865 1617 2915 longitndine)
1651 2867 1718 2906 vel
1753 2869 1795 2906 in

128 2935 147 2962 s
176 2925 436 2976 proportionis
464 2925 643 2963 continue
674 2922 814 2973 duplae
841 2925 957 2977 (quae
986 2925 1156 2965 identica
1176 2923 1249 2977 est)
1278 2935 1332 2963 sc.
1363 2925 1400 2960 in
1422 2925 1447 2962 6
1477 2930 1517 2962 et
1538 2925 1562 2962 8
1593 2924 1792 2976 dividunt;

26 3049 75 3089 ’-ἒ
123 3071 158 3102 θ)
176 3072 328 3100 Galilaens
347 3073 439 3099 ditoni
457 3080 530 3100 voce
550 3073 644 3098 utitur
661 3072 696 3097 ad
716 3072 937 3104 significandum
954 3073 1034 3100 aliud
1053 3074 1203 3107 quippiam
1221 3080 1257 3100 ex
1277 3071 1433 3098 veterrima
1448 3071 1578 3104 musica,
1597 3072 1674 3105 quod
1692 3071 1792 3101 diflert

27 3105 159 3143 Ιραὶὶι,
178 3108 287 3141 majore
305 3111 496 3135 consonante.
533 3107 607 3134 Vide
626 3114 690 3140 cap.
710 3106 751 3134 ¹2
1014 3128 1018 3129 γ
