1994 3276
600 83 835 122 Harmonicis.
881 82 990 121 Liber
1012 83 1078 120 ΠΙ.
1104 83 1222 130 Caput
1242 83 1301 120 lx.
1767 62 1847 126 tos

59 216 141 247 nou
171 203 391 246 discernunt
420 216 506 245 eam
537 215 651 244 aures
678 214 704 243 a
726 203 879 248 66667,
910 203 1019 253 ,iusta
1048 202 1292 254 longitudine
1319 203 1440 254 partis
1470 213 1561 242 vere
1590 204 1849 254 consonantis,

57 268 100 303 at
125 262 322 315 residuum
349 263 454 303 illius
485 263 625 302 32975
655 272 733 301 non
762 264 823 300 est
852 260 1056 300 dimidium
1094 263 1217 313 ipsius
1249 261 1404 302 67025,
1463 261 1609 301 Aliter.-
1605 272 1710 312 orgo
1750 272 1847 301 oon-

55 311 211 361 sonabit
238 318 399 373 duplum
435 320 539 360 illius
573 320 735 367 65950,
781 318 894 358 aliter
923 320 1011 370 ipsa
1039 320 1201 368 67025,
1245 331 1332 358 eum
1362 321 1461 359 inter
1487 331 1556 359 ιο
1561 318 1745 360 :collatae
1770 319 1846 360 hae

57 377 239 421 chordae
260 378 457 421 diversum
496 389 634 418 sonum
669 377 827 420 faciant.
885 375 1002 427 Quod
1042 378 1159 428 igitur
1199 378 1239 415 in
1268 377 1471 417 harmonia
1508 389 1613 417 ηοητυ.
1624 377 1846 419 ᾶίιοιιι-ιιηηι

57 437 147 480 illos
173 448 300 486 aures,
329 435 374 476 fit
402 437 513 486 ideo,
545 437 640 487 quia
666 434 836 475 medium
864 446 1066 475 numerum
1094 436 1280 487 probant,
1314 436 1349 475 si
1376 447 1517 476 sensus
1539 436 1697 477 rationo
1724 447 1846 481 uena-⁶

57 501 130 543 tur,
153 494 314 537 scilicet
345 496 508 544 66667,
550 500 595 533 ιιι
630 493 714 544 ejus
753 493 1078 562 complementum
1116 495 1168 533 sit
1199 494 1364 542 33333,
1409 493 1633 533 dimidium
1629 505 1722 534 ue.
1731 494 1845 578 illiue

56 556 204 593 exacte.

169 591 351 657 Stahffito
376 609 459 660 jam
487 621 625 650 sensus
654 610 831 649 acumine
861 610 899 647 in
929 607 1207 659 dijudicatione
1236 608 1462 649 harmoniae
1490 611 1515 647 2
1546 609 1613 648 ad
1618 612 1642 649 3
1674 572 1845 660 itemque

59 671 78 708 l
111 668 163 707 ad
192 669 234 717 3,
263 669 437 723 sequitur
466 673 509 706 ut
538 667 714 707 similiter
743 668 861 707 etiam
891 666 939 706 de
971 670 995 705 2
1027 672 1066 706 et
1096 669 1121 706 3
1153 679 1243 708 cum
1274 668 1299 708 5
1323 667 1556 718 judicemus,
1590 668 1726 719 deque
1751 670 1781 707 l
1805 675 1845 708 et

56 728 80 768 3
112 738 201 766 cum
230 727 269 766 4.
327 719 428 765 Ram
457 728 491 764 si
524 726 665 766 59785
695 731 927 765 consonaret
955 736 1044 779 cum
1077 726 1257 774 100000‚
1278 730 1407 776 ,atque
1435 727 1494 765 sic
1511 725 1845 766 etiamvresiduum

55 784 208 833 40215,
239 778 352 824 certe
370 783 445 823 hoc
474 795 552 823 non
581 789 640 824 est
669 784 739 823 bes
769 783 817 823 de
848 783 926 830 illo,
959 795 1046 822 cum
1076 790 1205 823 tamen
1236 783 1362 822 bessis
1391 786 1648 823 consonantia
1674 785 1844 835 perfectu

50 841 264 892 justificata
286 841 371 892 jam
398 843 462 889 sit,
492 853 547 882 sc.
581 843 721 881 60000
752 854 839 881 cum
870 842 1024 881 40000.
1083 841 1172 881 Hoc
1202 847 1316 892 pacto
1347 842 1577 881 transfertur
1604 842 1779 910 auditus,
1809 844 1843 881 si

53 902 203 941 ratione
232 905 404 948 acuatur,
435 901 485 939 ab
517 912 594 939 una
623 901 794 939 sectione
824 899 877 938 ad
906 899 1044 949 aliam,
1076 901 1264 951 incipieus
1293 900 1343 937 ab
1374 901 1552 947 unisono,
1585 901 1698 950 cujus
1727 901 1843 951 agni-

54 959 115 998 tio
137 962 180 998 et
206 957 433 1008 dijudicatio
463 963 523 997 est
551 958 756 1003 facillima,
796 969 919 1008 usque
958 957 1050 996 dum
1080 969 1213 998 omnes
1252 957 1464 1007 pervadat,
1501 959 1670 1010 probans
1698 964 1841 1046 partes,

54 1027 152 1066 quas
181 1017 259 1058 mei
287 1017 435 1056 numeri
464 1017 642 1066 signant,
673 1015 880 1068 repudians
910 1015 1156 1055 mechanicas
1185 1017 1299 1067 primi
1328 1015 1485 1055 ordinis.
1588 1029 1593 1032 ·

168 1073 269 1113 Vide
297 1074 582 1123 argutissimam
620 1074 738 1113 aliam
774 1074 890 1124 hujus
918 1076 1071 1124 generis
1101 1075 1492 1124 contemperationem
1530 1074 1636 1126 apud
1665 1036 1841 1115 Vincen-

53 1133 153 1171 tium
178 1130 410 1179 Galilaeum,
440 1144 520 1172 non
546 1133 765 1182 ignorantia
794 1132 1122 1172 demonstrativae
1151 1143 1333 1171 sonorum
1354 1132 1595 1182 quantitatis,
1625 1131 1693 1171 sed
1711 1133 1843 1172 studio

5 1211 11 1217 -
51 1189 238 1240 singulari
265 1190 429 1239 sactam3
467 1195 585 1240 atque
615 1202 689 1241 ego
719 1190 875 1241 quidem
905 1201 1018 1228 usum
1056 1191 1141 1240 ejus
1172 1189 1438 1230 mechanicum
1472 1202 1663 1241 agnosco,
1701 1196 1747 1229 ut
1773 1202 1840 1230 or-

52 1248 164 1297 ganis
194 1246 330 1287 eadem
359 1259 458 1300 pene
486 1249 665 1287 libertate
697 1249 946 1295 intensionis,
987 1259 1089 1297 quae
1119 1254 1179 1288 est
1215 1250 1255 1286 in
1284 1248 1456 1288 humana
1485 1260 1608 1296 voce,
1646 1250 1843 1299 possimus

52 1306 126 1353 uti,
156 1304 207 1345 ad
236 1305 539 1356 speculationem
570 1319 684 1355 vero,
723 1308 800 1344 imo
842 1306 892 1345 ad
921 1312 1100 1344 naturam
1136 1311 1274 1346 cantus
1303 1306 1606 1357 dignoscendam
1646 1309 1842 1358 pernicio-

54 1375 138 1401 sam
169 1364 346 1402 existimo
388 1375 566 1414 quaeque
596 1365 670 1402 hoc
708 1365 870 1412 efficiat,
915 1370 957 1403 ut
995 1376 1180 1414 organum
1209 1366 1488 1415 ingenuitatem
1517 1365 1676 1404 humani
1706 1371 1843 1405 cantus

54 1432 143 1460 vere
170 1432 370 1472 nunquam
398 1429 640 1473 assequatur.

803 1587 991 1635 CAPUT
1025 1589 1096 1636 lx.

0 1676 5 1735 V,
51 1683 112 1730 D‘e
147 1694 483 1739 diagrammate,
517 1693 602 1728 hoc
627 1699 693 1730 est
719 1696 993 1733 chordarum
1028 1708 1104 1733 seu
1128 1707 1282 1732 vocum
1307 1697 1605 1740 denotatione
1628 1698 1841 1736 moderna

198 1761 276 1797 per
306 1751 450 1786 lineas
480 1756 523 1786 et
554 1751 718 1787 literas
744 1753 979 1799 alphabeti
1008 1761 1054 1790 et
1077 1760 1229 1800 n'otas,
1265 1754 1410 1802 deque
1444 1760 1701 1801 systemate.

125 1869 251 1908 Νοη
280 1870 364 1909 sine
392 1870 461 1909 lite
490 1882 550 1910 res
581 1875 661 1919 est,
701 1871 770 1910 sed
799 1883 941 1923 sequor
970 1885 1042 1924 ego
1073 1875 1242 1914 rationes
1273 1876 1525 1914 necessarias.
1584 1875 1726 1917 Musici
1742 1889 1839 1916 nos·-

51 1902 132 1967 trae
172 1930 313 1966 aetatis
351 1929 514 1979 pingunt
553 1929 718 1968 chordas
748 1929 860 1969 aliter
888 1932 927 1968 in
959 1931 1304 1982 diagrammatibus
1334 1932 1617 1983 testudinariis,
1658 1935 1771 1975 aliter
1799 1937 1839 1974 in

50 1980 244 2024 cantoriis.
301 1984 388 2025 Illic
429 1987 530 2025 enim
569 1987 745 2037 singulae
788 1988 910 2028 lineae
954 1984 1257 2040 diagrammatis
1279 1990 1453 2041 singulas
1491 1991 1655 2031 chordas
1689 1998 1837 2041 notant,

51 2055 215 2094 quarum
244 2043 440 2094 quaelibet
468 2056 546 2095 pro
569 2045 731 2083 diversis
763 2048 933 2085 tactibus
954 2047 1128 2087 diversos
1149 2054 1346 2099 praestant
1366 2050 1528 2098 sonitus,
1559 2052 1593 2089 si
1618 2044 1851 2101 pulsentur,

50 2102 88 2138 in
118 2103 299 2140 cantoriis
329 2103 432 2152 typis
463 2114 539 2140 non
570 2102 696 2142 lineae
726 2110 876 2143 tantum
906 2107 1081 2156 singulae
1112 2107 1284 2158 singulas
1317 2118 1433 2146 voces
1463 2120 1535 2147 seu
1562 2108 1742 2157 chordas,
1768 2109 1838 2149 sed

47 2160 134 2209 ipsa
163 2160 280 2198 etiam
309 2160 515 2198 intervalla
546 2160 708 2199 duarum
729 2162 916 2201 linearum
946 2165 1165 2214 significant
1193 2177 1311 2204 unam
1340 2165 1524 2205 chordam
1553 2166 1836 2206 intermediam.

60 2222 62 2225 “
164 2216 252 2255 Hoc
280 2221 395 2266 pacto
427 2219 452 2255 4
493 2218 619 2258 lineae
649 2225 890 2260 transversae
928 2233 1014 2261 cum
1055 2224 1177 2262 tribus
1205 2223 1419 2262 intervallis
1450 2223 1635 2266 denotant
1669 2227 1691 2262 7
1721 2225 1838 2264 ehor-

15 2314 24 2325 s
49 2274 120 2312 das
150 2279 189 2312 et
219 2274 243 2312 5
273 2273 398 2313 lineae
435 2287 521 2314 cum
554 2278 578 2313 4
609 2278 823 2316 intervallis
862 2279 1024 2319 chordas
1062 2293 1215 2320 novem.
1277 2281 1427 2320 Deinde
1467 2283 1683 2332 exprimunt
1720 2294 1837 2322 voces

20 2389 24 2391 ,
49 2330 180 2370 canori
209 2327 431 2382 systematis
462 2334 524 2372 vel
545 2336 646 2373 notis
666 2336 940 2386 peculiaribus,
971 2350 1042 2377 suo
1064 2339 1280 2388 quamlibet
1299 2340 1385 2378 loco
1411 2339 1701 2389 diagrammatis
1719 2338 1835 2393 (quae

48 2394 165 2428 notae
194 2389 309 2427 simul
340 2394 522 2440 temporis
553 2404 770 2432 mensuram
800 2395 1001 2448 innuunt),
1032 2397 1095 2435 vel
1125 2397 1246 2436 literis
1278 2396 1476 2446 alphabeti
1506 2399 1639 2447 primis
1670 2404 1834 2448 septem,

14 2476 15 2479 ,
51 2447 115 2485 vel
148 2447 316 2497 denique
336 2459 403 2486 sex
424 2449 601 2499 syllabis,
634 2456 689 2500 ut,
721 2464 776 2500 re,
808 2455 878 2501 mi,
907 2455 967 2505 fa,
999 2455 1067 2502 sol,
1099 2455 1153 2503 la,
1187 2454 1263 2503 vel,
1297 2460 1339 2493 ut
1358 2455 1475 2494 hodie
1495 2456 1656 2510 Belgae,
1686 2462 1834 2536 septem

18 2539 19 2543 ,
49 2504 159 2552 istis,
190 2505 275 2552 Bo,
307 2516 366 2553 ce,
397 2505 458 2554 di,
490 2519 564 2556 ya,
597 2508 658 2555 10,
690 2522 777 2558 ma,
809 2512 864 2548 ηἰ.

163 2562 263 2602 Nam
293 2564 385 2612 quia
415 2570 550 2603 cantus
579 2577 721 2615 genera
751 2567 828 2605 duo
859 2574 960 2616 sunt,
994 2568 1130 2607 durum
1150 2574 1188 2608 et
1208 2568 1335 2617 molle,
1367 2581 1530 2619 quorum
1555 2572 1606 2610 ab
1629 2583 1706 2610 una
1726 2583 1835 2611 eom-

18 2621 154 2657 mum
183 2631 280 2659 voce
310 2622 389 2658 ima
418 2622 654 2671 inceptorum
684 2625 780 2664 haec
811 2631 869 2664 est
900 2625 1136 2676 differentia,
1178 2626 1283 2677 quod
1313 2628 1426 2666 tertia
1461 2633 1500 2666 et
1529 2634 1638 2668 sexta
1668 2631 1709 2668 in
1738 2629 1834 2669 duro

49 2680 164 2726 cantu
194 2682 284 2716 sunt
313 2690 390 2716 una
422 2677 518 2718 diesi
549 2680 703 2720 altiores
734 2695 851 2732 quam
881 2685 918 2721 in
952 2685 1083 2732 molli,
1116 2685 1281 2724 chordae
1311 2685 1464 2734 itaque,
1499 2689 1613 2725 tertia
1642 2692 1682 2726 et
1710 2692 1833 2736 sexta,

11 2738 127 2795 gnon
157 2741 320 2785 possunt
349 2748 503 2774 manere
534 2738 692 2777 stabiles
723 2742 761 2777 in
792 2748 956 2791 utroque
986 2748 1123 2790 cantu,
1164 2743 1233 2781 sed
1263 2747 1414 2792 oportet
1443 2742 1530 2781 illas
1568 2744 1633 2784 vel
1661 2747 1834 2794 geminas

23 2791 174 2849 ζτῐὸιιιιιε
205 2795 243 2831 in
261 2794 533 2837 instrumentis
565 2800 601 2832 et
633 2800 799 2846 organis,
831 2805 873 2837 ut
904 2801 1048 2838 factum
1077 2802 1116 2837 in
1146 2802 1312 2838 numeris
1343 2811 1427 2850 cap.
1462 2803 1497 2847 7,
1533 2801 1595 2839 vel
1625 2807 1730 2841 tactu
1760 2816 1833 2843 va«-

32 2850 168 2899 2riare,
208 2856 251 2888 ut
281 2851 393 2889 credo
434 2852 578 2890 sactum
617 2853 709 2890 olim
746 2856 784 2892 in
812 2856 898 2907 lyra
941 2866 979 2896 et
1009 2859 1240 2909 syringibus.
1300 2857 1445 2895 Eadem
1480 2857 1526 2896 de
1557 2859 1831 2909 diagrammate

19 2909 91 2944 et
128 2919 224 2946 voce
255 2907 423 2948 humana
453 2915 542 2947 sunt
574 2909 748 2949 dicenda.
808 2913 904 2952 Cum
935 2917 1035 2954 enim
1066 2927 1134 2967 pro
1175 2917 1373 2964 utriusque
1402 2918 1553 2963 generis
1584 2919 1765 2967 octavis,
1765 2919 1828 2964 ab

0 2970 2 2985 ἰ
25 2958 184 3006 *eadem
214 2965 363 3004 radice
373 2967 630 3017 surgentibus,
661 2980 782 3007 unum
810 2971 935 3016 solum
953 2973 1189 3022 diagramma
1218 2973 1285 3011 fiat
1320 2974 1435 3021 inque
1467 2984 1513 3012 eo
1553 2979 1721 3018 tantum
1741 2983 1830 3018 octo

0 3021 2 3049 ¹
51 3019 155 3088 loca,
199 3028 287 3062 octo
318 3034 497 3064 sonorum
527 3025 698 3072 indices,
739 3027 789 3065 ab
826 3033 990 3086 utroque
1030 3043 1121 3070 vero
1159 3042 1298 3084 genere
1330 3035 1463 3070 cantus
1505 3033 1544 3070 in
1575 3044 1692 3079 unam
1720 3041 1830 3079 oetg-
