1994 3276
154 123 233 162 198
730 119 786 154 De
808 118 1106 163 Proportionibus
1130 119 1365 156 Harmonicis.

149 239 234 277 sive
264 237 416 277 nobiles
446 238 534 285 sint,
566 237 649 276 sive
680 238 884 287 ignobiles,
916 239 999 276 sive
1031 238 1183 287 divites,
1219 240 1301 277 sive
1333 250 1535 290 pauperes.
1597 240 1744 290 Quodsi
1775 253 1852 291 qua
1881 253 1943 281 res

151 301 221 345 est,
254 308 355 347 quae
386 307 463 334 non
493 297 638 346 patitur
669 295 900 335 divisionem
932 297 1031 335 inter
1061 297 1215 345 multos,
1251 308 1336 335 eam
1366 297 1534 347 populus
1567 299 1651 337 vult
1680 301 1818 347 sortiri,
1851 301 1944 349 quia

150 366 233 394 sors
265 365 382 394 caeca
412 359 481 402 est,
513 365 589 392 non
622 355 885 393 internoscens
916 354 1087 393 nobilem
1121 356 1170 394 ab
1191 355 1366 403 ignobili,
1399 355 1555 395 divitem
1586 369 1609 395 a
1630 349 1811 407 paupere,
1843 359 1943 397 bene

149 414 329 452 meritum
360 413 409 450 ab
441 414 644 460 immerito,
677 413 809 451 virtuti
842 411 1013 451 deditum
1045 426 1068 451 a
1099 415 1254 461 vitioso,
1287 414 1528 463 ingeniosum
1559 427 1583 454 a
1615 416 1782 466 stupido.
1843 415 1943 454 Tum

153 471 308 510 demum
339 472 439 510 enim
471 471 612 520 aliquis
644 483 686 509 se
717 476 829 521 putat
861 472 1019 520 aequari
1051 473 1209 518 ceteris,
1251 473 1283 509 si
1315 483 1400 510 cum
1434 473 1480 510 iis
1509 475 1666 512 sortitur
1706 485 1822 524 super
1851 474 1944 512 tali-

151 531 235 578 bus,
268 530 352 568 sive
379 529 462 578 jam
493 529 597 568 bona
627 531 710 567 sive
741 529 844 568 mala
875 536 976 568 sorte
1009 529 1255 579 adipiscatur.
1317 528 1391 568 Ubi
1422 532 1535 569 sortis
1556 531 1642 570 loco
1673 536 1838 581 possunt
1858 543 1943 570 esse

157 589 272 627 etiam
305 587 385 626 alia
414 588 638 637 acquirendi
667 587 814 634 media,
847 593 889 625 ut
920 589 950 625 si
985 588 1121 626 electio
1151 589 1395 638 permittatur
1426 590 1473 634 ei,
1505 590 1614 639 cujus
1645 590 1743 628 nihil
1772 592 1943 638 interest,

150 651 219 685 aut
249 647 315 697 qui
345 657 530 697 personas
559 657 637 684 non
667 647 856 696 respicere
888 645 1065 685 creditur.
1126 646 1188 702 Ita
1216 646 1363 684 Romae
1395 647 1617 686 consulatus
1648 655 1729 687 erat
1770 660 1949 687 commu·-v

152 705 212 743 nis
242 705 415 744 omnium
445 706 539 743 certi
570 704 714 743 ordinis
746 716 910 753 eumque
941 705 1084 743 licebat
1114 709 1245 754 petere
1283 717 1306 743 a
1337 705 1502 754 populo,
1541 711 1582 744 at
1611 717 1687 744 non
1725 707 1943 756 largitioni-

150 764 244 812 bus,
286 775 334 802 ne
366 768 670 813 corrumperetur
700 762 867 813 populus
906 763 1121 805 et,divites
1151 763 1435 812 praeferrentur
1474 765 1728 802 tenuioribus.
1788 766 1872 803 Etsi
1902 766 1940 803 in

152 821 227 860 hoc
257 833 351 860 casu
383 822 502 860 tacito
534 832 725 859 consensu
756 822 959 870 respicitur
990 823 1111 860 virtus
1151 820 1275 870 deque
1307 833 1354 859 ea
1385 826 1424 859 et
1455 820 1502 860 de
1534 823 1632 861 bene
1661 823 1806 861 meritis
1833 822 1943 874 judi-

153 880 254 918 cium
283 880 532 929 permitttitur
562 879 719 930 populo.
1037 916 1043 922 ,

270 938 302 975 Ε
335 939 548 993 contrario,
581 939 681 976 sicut
710 939 748 974 in
780 938 993 987 geometria
1032 948 1212 975 excessus
1242 949 1484 976 numerorum
1515 937 1775 977 assimilantur
1804 951 1942 979 nume-

151 997 203 1034 ris
234 996 339 1047 ipsis,
372 996 607 1045 utmagnus
638 1007 817 1034 numerus
847 1007 1029 1045 magnum
1062 995 1204 1034 habeat
1235 1008 1458 1044 excessum,
1489 1007 1635 1046 parvus
1665 1006 1848 1048 parvum,
1887 1000 1942 1038 sic

151 1054 189 1091 in
221 1056 449 1105 optimatum
480 1066 558 1104 rep.
592 1054 877 1104 distinguuntur
914 1066 1124 1104 personae,
1169 1053 1455 1104 distinguuntur
1497 1059 1535 1093 et
1574 1066 1711 1104 onera,
1756 1058 1940 1106 praemia,

155 1113 415 1162 magistratus,
449 1114 599 1159 munia,
633 1118 671 1151 et
700 1113 1034 1163 praestantissima
1064 1118 1309 1151 reservantur
1340 1113 1613 1163 optimatibus,
1644 1113 1795 1164 reliqua
1823 1115 1943 1155 relin-

152 1176 321 1220 quuntur
357 1171 516 1221 populo.
578 1169 656 1209 Ubi
695 1182 855 1209 necesse
896 1177 974 1218 est,
1019 1172 1178 1209 seorsim
1218 1173 1312 1209 inter
1350 1171 1524 1221 singulas
1563 1171 1751 1211 factiones
1791 1173 1943 1212 admitti

153 1230 271 1268 etiam
301 1229 584 1268 arithmeticam
615 1231 925 1279 proportionem,
968 1228 1014 1267 de
1046 1230 1092 1267 iis
1125 1230 1247 1277 enim,
1288 1242 1387 1279 quae
1419 1235 1508 1268 sunt
1538 1229 1696 1280 populi,
1738 1232 1943 1270 sortientur

152 1298 297 1333 omnes,
330 1289 395 1337 qui
427 1293 515 1326 sunt
547 1290 583 1325 in
614 1288 783 1338 populo,
827 1287 873 1326 de
904 1288 969 1335 iis,
1003 1299 1103 1336 quae
1135 1290 1382 1337 optimatum,
1417 1299 1547 1326 omnes
1580 1290 1799 1338 optimates.
1857 1290 1943 1328 Nisi
1986 1296 1994 1300 “

153 1347 254 1385 enim
284 1345 359 1384 hoc
389 1345 467 1395 fiat,
508 1348 684 1396 perpetui
717 1351 826 1384 erunt
866 1347 980 1384 etiam
1013 1346 1051 1382 in
1083 1346 1228 1397 populo
1269 1346 1411 1396 gradus
1453 1348 1700 1396 optimatum,
1740 1358 1863 1397 usque
1895 1348 1943 1387 ad

151 1405 269 1442 imam
298 1404 433 1455 populi
463 1404 629 1452 faecem,
671 1406 847 1454 perpetui
879 1405 994 1442 etiam
1026 1406 1125 1442 inter
1157 1406 1382 1454 optimates,
1421 1416 1546 1455 usque
1584 1404 1634 1443 ad
1671 1405 1766 1456 reip.
1799 1407 1944 1456 princi-

151 1474 260 1512 pem,
293 1474 369 1512 qua
399 1464 546 1501 ratione
578 1475 677 1512 resp.
711 1474 787 1500 non
819 1463 911 1510 erit,
943 1462 1010 1500 sed
1043 1464 1188 1511 regium
1221 1464 1390 1501 civitatis
1423 1475 1556 1512 genus,

268 1520 414 1570 Regius
446 1533 536 1560 vero
569 1526 708 1568 status,
742 1522 814 1559 etsi
846 1521 908 1570 vel
940 1522 1105 1559 maxime
1135 1522 1372 1571 proportioni
1406 1521 1663 1571 geometricae
1699 1522 1944 1571 assimilatur,
1991 1545 1994 1563 ;

152 1591 197 1618 eo
229 1578 333 1629 quod
372 1580 502 1618 omnia
534 1579 623 1629 jura
660 1579 877 1628 majestatis
917 1580 997 1628 regi
1036 1584 1304 1627 reservantur,
1349 1581 1448 1618 sicut
1478 1581 1561 1629 ipse
1607 1580 1669 1619 vel
1701 1579 1822 1619 nobili
1851 1593 1944 1631 pro-

153 1638 280 1688 sapia,
322 1637 384 1676 vel
416 1639 533 1676 armis
570 1637 630 1676 vel
665 1638 872 1676 virtutibus
912 1641 1084 1687 praestat
1122 1639 1258 1676 ceteris
1299 1639 1498 1690 omnibus,
1538 1637 1777 1687 gubernandi
1817 1643 1944 1677 tamen
1992 1682 1994 1684 q

151 1696 249 1734 ratio
281 1696 320 1732 in
351 1695 425 1734 hoc
456 1699 560 1734 statu
591 1696 802 1734 rectissime
832 1701 963 1745 potest>
994 1697 1197 1746 temperari
1231 1708 1276 1733 ex
1308 1701 1470 1746 utroque
1506 1697 1763 1746 proportionis
1793 1708 1944 1747 genere.

153 1754 255 1792 Nam
284 1765 385 1792 unus
415 1766 482 1793 rex
513 1755 655 1793 arbiter
687 1755 858 1793 omnium
887 1765 964 1792 non
998 1765 1114 1792 coeco
1146 1754 1311 1804 impetu.
1358 1760 1400 1793 ut
1431 1765 1533 1801 sors,
1566 1753 1634 1793 sed
1666 1755 1830 1803 virtutis,
1862 1767 1946 1794 me·
1988 1751 1994 1801 ξ

159 1814 328 1859 ritorum,
362 1812 506 1850 ordinis
537 1813 804 1862 graduumque
835 1813 1064 1859 rationibus,
1099 1824 1176 1862 qua
1207 1813 1310 1860 licet,
1345 1814 1473 1851 omnia
1506 1813 1605 1863 inter
1634 1814 1840 1863 optimates
1866 1825 1944 1864 po·
1986 1817 1994 1839 :-

154 1869 368 1920 pulumque
398 1870 607 1921 dispensat,
642 1883 773 1910 omnes
801 1870 978 1920 justitiae
1011 1870 1281 1909 distributivae
1315 1876 1353 1908 et
1385 1871 1684 1909 commutativae
1715 1876 1843 1922 partes
1876 1874 1949 1910 ex-'

153 1929 347 1978 sequitur,
380 1940 479 1978 quae
511 1931 715 1979 utriusque·
742 1930 1002 1979 proportionis
1034 1929 1255 1978 conjunctio
1287 1928 1437 1967 Bodino
1474 1929 1614 1968 sufficit
1643 1928 1692 1968 ad
1723 1931 1945 1980 proportio—

154 1997 242 2024 nem
275 1985 537 2025 harmonicam
570 1987 899 2036 constituendam,
930 1991 971 2025 at
997 1987 1111 2036 juxta
1143 1989 1270 2024 omnia
1294 1987 1455 2025 consilia
1485 1991 1661 2025 nontam
1689 1987 1739 2030 ad
1771 1988 1945 2039 singulos

154 2044 218 2083 vel
255 2043 407 2083 ordines
444 2045 507 2084 vel
547 2045 739 2093 homines,
783 2057 899 2094 quam
941 2044 989 2082 ad
1031 2050 1154 2083 totum
1186 2045 1354 2083 civitatis
1412 2057 1550 2095 corpus
1589 2045 1752 2095 'ejusque
1781 2045 1946 2086 salutem

154 2106 403 2151 mutuamque
435 2103 661 2142 charitatem
693 2109 730 2142 et
761 2102 1003 2142 concordiam
1035 2103 1159 2151 refert,
1191 2115 1269 2141 non
1299 2114 1410 2141 secus
1441 2115 1488 2142 ac
1518 2104 1551 2142 si
1582 2105 1620 2140 in
1652 2107 1820 2142 numeris
1851 2116 1944 2154 pro-

154 2161 352 2211 portiones
384 2160 432 2198 ab
463 2162 701 2210 aequalitate
734 2166 772 2199 et
802 2173 826 2199 a
857 2160 1107 2199 similitudine
1144 2160 1315 2198 nonnihil
1349 2160 1542 2213 deflexae,
1582 2163 1638 2200 sic
1668 2167 1711 2200 ut
1753 2161 1842 2202 illae
1874 2162 1944 2201 de-

155 2223 368 2267 struantur,
411 2219 442 2256 si
484 2224 542 2256 est
582 2230 698 2270 opus,
742 2218 791 2256 ad
832 2231 1072 2257 communem
1115 2220 1283 2256 omnium
1326 2219 1564 2259 harmoniam
1606 2220 1834 2263 referantur:
1867 2232 1943 2271 quo

156 2276 270 2316 modo
302 2277 398 2315 meis
429 2276 700 2316 medietatibus
730 2276 963 2315 harmonicis
994 2282 1131 2315 utetur.

272 2334 325 2375 ΙΙ.
355 2335 414 2372 Ex
446 2334 535 2386 Cyri
565 2335 704 2384 paedia
735 2334 950 2385 exemplum
982 2336 1161 2385 proponit
1192 2334 1385 2383 Bodinus‚
1424 2346 1499 2384 quo
1533 2337 1662 2374 omnia
1702 2337 1774 2373 tria
1803 2347 1945 2386 genera

158 2394 418 2444 proportionis
458 2392 639 2442 explicari
678 2398 850 2443 possunt.
912 2393 1035 2444 Cyrus
1078 2405 1190 2443 puer,
1237 2405 1322 2431 cum
1364 2393 1560 2432 hominem
1598 2404 1797 2444 procerum
1837 2399 1944 2433 curta

158 2452 289 2490 tunica
330 2451 507 2489 indutum
538 2451 780 2500 conspicatus
821 2457 940 2498 esset,
983 2450 1170 2501 pumilum
1196 2451 1309 2500 juxta
1343 2453 1474 2490 tunica
1503 2452 1614 2500 laxa,
1656 2453 1805 2490 censuit
1836 2464 1944 2492 com-

157 2508 362 2548 mutandas
392 2509 469 2547 illis
501 2521 585 2548 esse
618 2510 781 2556 tunicas,
811 2515 853 2547 ut
884 2508 1023 2559 cuiq'ue
1055 2509 1157 2558 quod
1191 2509 1434 2547 commodum
1466 2515 1568 2549 esset
1599 2510 1818 2560 obveniret3
1858 2523 1942 2550 ma-

159 2569 277 2618 gister
308 2568 445 2616 cuique
478 2578 590 2604 suum
620 2566 910 2616 relinquendum
942 2567 1082 2615 edixit3
1119 2566 1257 2616 quodsi
1287 2578 1446 2616 procero
1478 2568 1616 2607 suisset
1646 2567 1869 2617 injunctum,
1902 2574 1969 2607 ut‘

156 2624 302 2676 pumilo
333 2623 480 2674 aliquid
509 2626 696 2674 pecuniae
726 2624 894 2662 solveret
926 2631 963 2663 et
994 2626 1049 2663 sic
1080 2624 1233 2663 demum
1263 2628 1494 2675 permutatio
1516 2626 1644 2674 fieret,
1678 2627 1821 2675 optime
1845 2637 1941 2665 con—

162 2683 313 2724 ciliatus
349 2683 484 2721 fuisset
520 2684 703 2731 magister
744 2682 961 2733 discipulo..
1004 2683 1079 2720 Hic
1116 2682 1236 2733 Cyrus
1277 2685 1548 2731 geometricam
1587 2681 1682 2722 ursit
1721 2686 1940 2734 proportio-

160 2754 259 2790 nem,
291 2740 496 2780 admensus
528 2740 750 2791 corporibus
782 2744 921 2788 vestes,
954 2742 1135 2790 magister
1166 2740 1456 2789 arithmeticam,
1493 2743 1758 2792 possessiones
1789 2743 1940 2792 utrique
1978 2744 1994 2789 4}

162 2812 254 2839 suas
284 2800 427 2848 tuitus3
459 2804 499 2837 at
528 2801 662 2838 tertius
692 2797 758 2837 ille
788 2796 1015 2847 respexisset
1047 2803 1249 2848 utrumque
1282 2800 1407 2847 simul,
1439 2805 1518 2838 tam
1539 2811 1740 2850 corporum
1761 2797 1940 2850 indigen·

161 2859 278 2905 tiam,
321 2869 437 2906 quam
468 2858 599 2907 copias
632 2858 769 2906 cuique
812 2867 902 2893 suas
934 2855 1083 2903 salvas,
1125 2858 1254 2906 itaque
1286 2857 1544 2897 harmonicam
1585 2859 1622 2895 in
1653 2869 1768 2896 sensu
1798 2858 1939 2897 Bodini
1987 2880 1991 2890 2

163 2916 386 2954 asseruisset
405 2916 701 2965 proportionem,
735 2916 876 2963 quippe
907 2925 952 2951 ex
975 2919 1135 2963 utraque
1164 2917 1331 2964 priorum
1355 2917 1531 2965 mixtam3
1563 2915 1824 2954 harmonicam
1845 2928 1937 2955 vero

164 2974 278 3010 etiam
310 2974 348 3010 in
378 2985 493 3011 sensu
523 2985 621 3022 meo,
654 2973 746 3022 quia
775 2983 857 3010 non>
883 2970 1094 3017 dubitaret,
1127 2972 1236 3011 alteri
1268 2973 1372 3023 quod
1404 2981 1503 3011 esset
1533 2974 1650 3023 panni
1690 2972 1936 3024 superfluum,
1987 2978 1994 3015 ζ

164 3029 273 3068 alteri
303 3032 506 3080 pecuniam
537 3033 693 3082 eripere,
727 3034 769 3068 ut
800 3030 950 3079 utrique
971 3028 1245 3079 consuleretur,
1281 3033 1372 3081 quia
1392 3043 1590 3070 commune
1612 3033 1811 3082 utriusque
1829 3042 1937 3070 com·
1983 3067 1986 3068 γ

166 3087 319 3134 modum
359 3094 598 3139 comparatur
637 3089 822 3128 suavitati
860 3092 1079 3127 concentus.
1144 3088 1323 3128 Accidere
1360 3094 1488 3131 autem
1520 3089 1621 3138 dixi,
1662 3093 1706 3128 ut
1747 3089 1936 3134 interdum

1975 3086 1980 3103 t
