1994 3276
1730 13 1749 25 X

867 78 1058 144 Αιιοιοείι
1772 102 1858 147 ω

71 218 250 264 “tium-
308 208 428 250 Anno
467 205 627 257 quidem
670 206 794 250 1617,
823 204 1044 254 Tubingam
1081 205 1276 258 profectus
1314 206 1463 256 negotii
1502 207 1642 255 causa,
1686 205 1784 248 nihil
1821 207 1861 249 in

73 271 215 318 parato
243 265 382 318 banni,
407 270 561 317 praeter
589 261 777 314 panculas
806 262 995 315 pagellas,
1026 261 1112 302 libri
1131 263 1207 305 111.
1238 266 1439 304 materiam
1467 263 1602 316 rudem
1626 265 1861 317 complexas,

72 335 175 377 quas
203 324 418 370 monstravi
447 324 605 371 amicis,
649 321 842 372 explicavi
870 320 1063 362 scribendi
1103 323 1367 372 propositum,
1408 334 1509 374 quae
1538 334 1564 361 a
1594 323 1649 367 20
1679 325 1791 363 annis
1820 324 1860 365 iu

74 381 272 427 meditatis
300 382 470 423 babeam
498 391 677 431 quaeque
706 384 852 421 restent
881 378 1123 434 inquirenda,
1153 379 1308 430 singula
1336 381 1525 422 recensui.
1586 379 1666 420 Sed
1702 386 1741 420 et
1768 392 1862 432 gra-
1922 402 1925 410 ·

70 442 165 481 tiam
200 440 329 482 babeo
368 451 438 492 pro
478 439 681 478 verissimo
720 432 849 488 elogio
887 439 964 476 mei
1005 438 1159 488 operis;
1196 439 1340 487 fateor,
1382 438 1470 478 libri
1500 439 1728 489 praesertim
1757 440 1860 479 tertii

69 499 272 541 materiam
307 510 378 551 per
415 499 468 537 22
510 508 634 536 annos
675 497 812 536 iterum
849 496 1064 546 iterumque
1101 497 1288 544 revisam,
1328 497 1454 537 fateor
1495 497 1607 537 libris
1637 497 1707 537 lv.
1741 502 1781 537 et
1809 497 1859 537 V.

52 559 294 609 'quanquam
322 556 492 595 breviori
522 562 695 605 tempore
723 554 956 605 plurimum
984 556 1279 593 cimentationis
1305 554 1707 607 fermentationisque
1743 554 1859 595 adhi-

69 615 205 661 bitum,
237 616 331 666 quin
362 620 402 658 et
430 613 731 664 putrefactioues
760 617 800 653 et
817 611 1095 651 calcinationcs
1124 617 1164 650 et
1182 612 1478 663 sublimationes
1498 612 1855 655 reverberationes-

70 684 148 726 qne
184 673 274 723 jure
311 683 493 723 quasque
535 683 607 710 suo
637 671 903 721 apposueris..
938 671 998 708 An
1043 681 1135 708 vero
1177 670 1333 722 singula
1370 670 1421 711 ad
1460 683 1546 712 eam
1582 671 1858 722 perfectionem

70 732 213 773 fuerint
242 737 422 779 excocta,
461 741 578 781 quam
609 728 803 775 Robertus
832 729 1023 776 insinuat,
1062 739 1179 780 super
1208 741 1256 768 ea
1283 740 1325 768 re
1350 729 1502 780 judicia
1538 741 1626 769 cum
1655 729 1866 782 doctorum⁸

69 781 257 842 plurium,
281 795 363 828 tum
393 789 511 829 etiam
541 799 670 827 meum
701 782 822 838 ipsius
854 787 1099 837 exspectabo.
1162 785 1250 836 Qua
1280 787 1331 827 de
1357 799 1398 827 re
1427 793 1556 827 exstat
1583 788 1650 829 fol.
1669 789 1752 828 320
1782 790 1859 828 mei

71 848 451 900 operis-provocatio
480 845 705 885 luculenta..
1057 844 1059 846 ’

184 906 253 948 Ad
284 905 526 955 Analysin
557 903 631 944 111.
689 902 869 952 Ignosce,
902 901 1090 950 Robertc,
1124 902 1217 942 lana
1246 903 1342 942 mihi
1371 903 1445 942 suit
1474 915 1592 954 opus,
1633 904 1722 954 plus
1753 904 1858 943 illius

70 965 116 1003 in
144 964 293 1012 cauda,
322 975 447 1014 quam
477 965 522 1003 in
552 958 692 1011 capite.
754 959 921 999 Discedo
950 972 1084 1011 porro,
1116 967 1239 1000 emtor
1263 962 1349 1012 jam
1379 967 1602 1010 contentus,
1643 975 1667 1002 a
1697 968 1766 1002 tua
1795 968 1859 1002 ta-

69 1022 212 1072 berum
243 1028 286 1061 tu
314 1032 376 1061 res
408 1028 495 1059 tuas
525 1021 713 1061 arbitratu
733 1024 801 1059 tuo
833 1018 1041 1069 disponite,
1074 1019 1205 1058 ordine
1235 1021 1320 1059 sive
1339 1026 1457 1068 recto,
1489 1021 1574 1060 sive
1591 1027 1857 1073 praepostero.

71 1079 175 1130 Quin
203 1086 243 1119 et
271 1091 386 1133 parce
415 1081 512 1118 meis
543 1078 693 1127 verbis3
723 1081 797 1127 ego
828 1078 903 1115 nisi
934 1088 1030 1116 voce
1060 1077 1357 1127 quadamtenus
1386 1090 1513 1117 essem
1542 1090 1649 1127 usus,
1680 1081 1718 1116 in
1749 1082 1857 1131 peri-

70 1137 157 1177 culo
187 1138 255 1187 sni,
286 1149 334 1176 ne
363 1149 389 1176 a
418 1143 455 1175 te
485 1135 607 1174 salsae
636 1135 879 1185 gloriationis
908 1146 996 1174 reus
1026 1147 1174 1185 agerer.
1233 1136 1332 1175 Nam
1363 1142 1405 1174 tu
1436 1149 1460 1174 a
1489 1148 1550 1176 me
1581 1142 1641 1176 est
1671 1138 1738 1177 nbi
1769 1137 1853 1176 dis-

69 1197 227 1237 sentias.
287 1195 391 1246 Quid
420 1194 525 1245 qnod
555 1200 594 1233 et
622 1205 785 1234 accusas
815 1204 940 1232 meam
971 1195 1009 1232 in
1040 1195 1167 1247 capite
1198 1196 1236 1232 2.
1268 1194 1550 1247 prolixitatem,
1584 1206 1783 1245 nunquam
1814 1195 1854 1234 id

68 1254 260 1302 tacturus,
300 1255 376 1293 nisi
404 1258 448 1291 tu
478 1254 578 1291 intra
614 1252 731 1302 hujus
762 1253 871 1290 vocis
900 1252 1200 1302 quadamtenus
1237 1255 1437 1303 angustias
1479 1254 1749 1293 constitisses‘?
1809 1255 1859 1292 Et

69 1313 227 1356 interius
257 1313 336 1352 vim
367 1312 504 1362 capitis
534 1311 611 1351 mei
641 1311 732 1348 noni
764 1311 981 1358 coarctasti,
1012 1310 1142 1350 fassus
1174 1322 1232 1358 ea,
1264 1323 1366 1364 quae
1399 1313 1481 1362 ipse
1512 1311 1635 1351 multa
1658 1311 1857 1353 locutione

70 1369 280 1421 multisque
314 1369 419 1410 foliis
449 1367 694 1417 tradiderim,
736 1373 775 1406 te
814 1369 854 1406 in
890 1368 1099 1418 parvulum
1139 1368 1333 1419 redegisse
1364 1369 1515 1418 locum,
1554 1369 1630 1412 hoe
1669 1382 1762 1409 vero
1799 1376 1858 1410 est

71 1428 370 1479 quadamtenus
400 1427 816 1469 eandemmatcriam
846 1427 1062 1475 complecti.
1122 1426 1222 1465 Nam
1252 1428 1507 1477 tuspeculum
1538 1427 1731 1479 profiteris
1761 1440 1853 1468 eru-

71 1485 222 1526 diendis
251 1486 392 1534 omum
430 1496 502 1534 ego
544 1485 672 1524 verbis
702 1490 762 1523 tot
788 1495 876 1523 sum
906 1496 1018 1533 usus,
1058 1491 1101 1523 ut
1139 1486 1203 1524 vel
1239 1485 1383 1525 clausis
1415 1486 1545 1524 oculis
1580 1487 1698 1526 etiam
1727 1498 1854 1536 aures,

54 1543 166 1595 s-quid
192 1544 330 1592 >velim,
369 1545 565 1594 percipere
596 1550 753 1594 queant.
814 1542 863 1581 Et
893 1543 986 1592 quid
1025 1549 1102 1589 est,
1149 1540 1315 1593 ¹quaeso,
1351 1548 1495 1582 cantus
1532 1544 1792 1584 harmoniam
1822 1550 1859 1583 et

70 1606 148 1641 tres
177 1602 424 1649 medietates,
466 1602 592 1652 capite
621 1612 709 1639 meo
745 1602 808 1640 16.
839 1612 907 1651 per
936 1612 1028 1639 suas
1059 1611 1198 1639 causas
1229 1601 1433 1649 deductas,
1476 1602 1527 1640 ab
1556 1602 1696 1652 effectu
1725 1608 1856 1641 osten-

72 1659 175 1709 dere,
206 1662 281 1699 nisi
310 1659 619 1709 quadamtenus,
650 1658 799 1699 scilicet
829 1670 1033 1698 causarum
1062 1664 1194 1707 tenus,
1227 1671 1325 1709 quas
1355 1666 1445 1699 ante
1475 1672 1537 1699 me
1567 1660 1739 1699 nondum
1770 1666 1858 1700 ten-

72 1723 175 1759 tatas
205 1719 397 1765 existimo,
429 1716 662 1766 complecti?
723 1715 904 1755 Omnium
934 1718 1100 1755 maxime
1132 1718 1203 1756 tibi
1234 1719 1307 1767 ipsi
1338 1719 1499 1767 parcito,
1530 1730 1579 1756 ne
1607 1727 1860 1770 μεμψιμοιρος

0 1814 3 1817 ,
73 1776 221 1819 audias.
289 1775 389 1816 Nam
430 1774 524 1824 quid
562 1776 699 1813 attinet
745 1774 908 1813 voculae
947 1786 1154 1823 usurpans
1200 1775 1456 1815 succensere?
1524 1775 1659 1827 Egone
1702 1776 1857 1815 titulum

72 1833 574 1875 HarmoniaeVMundanae
615 1832 688 1870 soli
726 1844 813 1871 meo
857 1834 963 1884 operi
1003 1833 1172 1882 arrogo?
1231 1834 1313 1871 Aut
1352 1835 1441 1883 quis
1478 1831 1540 1872 hie
1584 1845 1701 1885 super
1735 1835 1857 1886 pallio

73 1893 271 1938 trabeatus
309 1891 583 1944 philosophus,
623 1891 689 1940 qui
721 1892 853 1929 titulos
892 1896 929 1928 et
958 1890 1170 1940 diynitates
1194 1892 1380 1940 politicas
1415 1893 1515 1929 inter
1555 1891 1858 1943 disceptationes

75 1949 367 2000 philosophicas
397 1950 607 1995 somnians,
638 1960 680 1987 se
711 1949 837 1999 ipsum
866 1948 1223 1988 stomachabundus
1252 1949 1431 1997 incendit,
1463 1955 1506 1987 nt
1535 1961 1607 1988 nec
1636 1948 1860 2000 ab‘injuria

74 2019 116 2051 se
146 2001 373 2048 contineat?
431 2007 570 2056 Legite
599 2012 748 2045 textum
778 2018 906 2045 meum
927 2006 1009 2055 III,
1042 2018 1157 2056 quem
1187 2009 1269 2057 ipse
1293 2009 1492 2047 verissime
1527 2008 1681 2057 „sterile
1699 2009 1851 2051 solum“

76 2065 197 2115 dixit3
225 2067 259 2107 si
288 2067 329 2103 in
359 2076 405 2104 eo
435 2065 665 2115 philantiam
695 2066 933 2113 inveneritis,
965 2064 1185 2115 exemplum
1216 2065 1397 2104 damnate
1428 2070 1466 2104 et
1496 2071 1643 2104 cavete.

188 2123 377 2173 Reliquas
407 2125 715 2173 comparationes
745 2122 1000 2172 particulares
1030 2134 1055 2161 a
1075 2134 1136 2161 me
1168 2126 1348 2171 omissas,
1380 2123 1502 2172 adde,
1532 2123 1642 2171 licet,
1680 2135 1750 2174 pro
1780 2125 1858 2163 tuis

75 2179 297 2220 lectoribus.
355 2181 440 2230 Ego
480 2183 518 2218 in
558 2182 762 2220 verborum
798 2192 958 2220 numero
996 2186 1144 2231 partem
1184 2181 1414 2220 discriminis
1451 2192 1554 2231 pono
1596 2181 1764 2230 nullam3
1808 2181 1856 2221 de

75 2237 300 2279 harmonica
329 2238 495 2277 chordae
527 2240 698 2278 sectione
729 2243 838 2277 tanta
867 2251 953 2277 sum
985 2251 1077 2277 usus
1110 2240 1314 2278 verborum
1343 2240 1468 2289 copia,
1499 2245 1686 2289 quantum
1716 2241 1857 2291 requiri

0 2322 3 2340 3
78 2298 210 2336 censui
239 2297 290 2335 ad
319 2296 548 2347 explicanda
577 2298 749 2335 musicae
779 2296 1053 2345 fundamenta3
1093 2299 1129 2334 in
1160 2297 1434 2336 medietatibus
1470 2308 1584 2346 porro
1622 2297 1856 2336 harmonicis

78 2359 189 2394 tanta
217 2355 419 2402 brevitate,
451 2356 597 2404 quanta
626 2357 782 2394 omnino
797 2357 939 2408 potui,
972 2357 1064 2404 quia
1094 2361 1132 2392 et
1162 2367 1326 2405 parvum
1355 2356 1394 2392 in
1426 2356 1472 2391 iis
1504 2360 1740 2393 momentum
1771 2361 1855 2395 erat

0 2412 5 2462 {1
80 2413 198 2454 situm
226 2411 277 2451 ad
306 2412 381 2450 hoc
409 2424 532 2462 genus
562 2412 852 2462 contemplandi
881 2412 1207 2462 philosophicum,
1240 2419 1279 2451 et
1298 2413 1398 2451 ultro
1420 2413 1682 2461 sequebantur
1701 2412 1851 2452 medie-

0 2467 6 2491 ‘⁷
75 2474 186 2518 tates,
217 2471 436 2509 constitutis
468 2472 665 2518 extremis,
698 2470 738 2507 id
767 2476 826 2507 est
854 2470 1065 2509 harmoniis
1095 2470 1188 2520 ipsis
1220 2471 1316 2509 inter
1340 2482 1382 2508 se
1413 2471 1656 2519 compositis,
1689 2482 1852 2520 quarum

0 2491 10 2573 ξ
77 2532 201 2566 ortum
242 2522 447 2565 docueram
486 2530 611 2578 capite
641 2530 679 2566 2.
738 2527 825 2565 Non
865 2527 979 2566 video
1021 2532 1169 2575 tamen,
1212 2528 1279 2577 qui
1313 2527 1617 2577 superficialiter
1653 2529 1855 2578 scripsisse

0 2575 6 2602 ξ
77 2582 154 2624 dici
181 2587 327 2636 possim
358 2585 405 2623 de
435 2585 707 2624 medietatibus
736 2585 982 2634 harmonicis,
1014 2587 1079 2635 qui
1113 2591 1151 2624 et
1181 2585 1443 2624 definitionem
1472 2596 1576 2635 pono
1598 2597 1645 2623 ex
1666 2588 1857 2625 sententia

5 2659 7 2663 ¹
78 2647 250 2682 veterum
279 2648 317 2681 et
346 2655 371 2681 a
399 2641 656 2682 fundamentis
685 2644 779 2694 ipsis
810 2655 896 2683 eam
926 2643 1118 2691 convello,
1149 2650 1192 2682 ut
1223 2655 1323 2693 quae
1352 2643 1660 2693 frequentissime
1686 2644 1858 2693 proferat

14 2735 16 2738 ,
76 2710 255 2739 numeros
290 2711 367 2739 non
396 2700 659 2748 harmonicus,
698 2711 837 2739 nomen
871 2703 955 2739 sine
985 2713 1037 2740 re.
1098 2700 1226 2752 Quare
1264 2701 1478 2739 mouendus
1520 2706 1579 2739 est
1608 2700 1702 2738 mihi
1732 2700 1856 2741 lector

51 2763 205 2799 ‚noster
231 2759 446 2801 communis
476 2759 642 2807 iusuper,
673 2758 807 2797 videat
836 2760 950 2797 etiam
981 2765 1098 2808 atque
1130 2762 1267 2805 etiam,
1298 2771 1389 2796 num
1419 2758 1612 2796 Robertus
1643 2770 1736 2797 suas
1766 2771 1853 2798 me-

1 2840 21 2871 ,i
77 2813 240 2856 dictatas
279 2815 522 2854 harmonicas
539 2826 604 2853 .ex
627 2814 702 2853 hac
733 2820 904 2860 veterum
936 2816 1155 2855 definitione
1186 2817 1395 2865 describat;
1439 2817 1581 2865 quippe
1612 2817 1679 2864 ait,
1711 2828 1753 2855 se
1784 2829 1852 2856 eo-

0 2870 19 2914 ,5
72 2874 292 2922 pinei-ssime
320 2873 412 2910 illas
440 2877 477 2910 et
504 2872 633 2910 verbis
661 2872 822 2921 quidem
850 2875 1172 2914 concinnior-ibus
1194 2874 1412 2912 tradidisse.
1473 2873 1515 2911 Si
1542 2878 1606 2913 est
1630 2874 1735 2923 qnod
1764 2873 1852 2915 dico

0 2911 14 2985 ξ
78 2925 176 2982 (non
207 2936 265 2970 est
294 2932 396 2968 enim
429 2930 527 2968 liber
557 2930 641 2979 ejus
672 2929 723 2968 ad
750 2927 933 2983 manus),
972 2937 1063 2971 tnnc
1105 2932 1284 2981 equidem
1312 2931 1507 2968 Robertus
1544 2931 1621 2969 ista
1651 2932 1855 2972 verborum

0 2986 26 3031 ,ξ’
78 2989 191 3037 eopia
219 2989 403 3027 erraverit
442 2999 528 3026 cum
569 2988 765 3026 veteribus
806 2999 831 3025 a
860 2990 1035 3028 veritate.
1096 2989 1223 3038 Quare
1256 2987 1471 3026 cavendum
1502 2990 1573 3027 erit
1613 2988 1766 3039 lectori,
1804 3002 1855 3030 ne

0 3053 16 3091 a.
77 3046 297 3095 acquiescat
326 3046 458 3094 dictis,
487 3046 713 3095 priusquam
741 3044 935 3085 Robertus
963 3048 1132 3086 rationes
1162 3058 1267 3085 meas
1297 3046 1493 3085 veteribus
1525 3049 1726 3096 oppositas
1753 3047 1854 3100 legi-

0 3216 21 3258 ξ,
