1994 3276
141 112 234 157 310,
660 107 715 142 De
739 106 901 150 Motibus
925 105 1159 144 Planetarum
1185 106 1422 149 HarmoniciS.

119 218 320 261 *Saturnus
344 227 501 269 utroque
526 233 593 259 suo
617 227 717 259 motu
742 223 919 269 diapason
942 222 1063 260 facere
1088 234 1170 259 cum
1194 223 1320 259 mediis
1344 223 1440 260 inter
1463 225 1484 260 3
1508 229 1546 261 et
1570 226 1591 262 5
1614 226 1851 272 harmonicis,
1879 227 1944 263 sed

142 282 183 314 ut
207 281 243 312 et
269 288 349 312 cum
375 277 395 312 3
421 277 555 311 Terrae
581 279 618 311 et
642 286 722 312 cum
748 277 768 312 5
793 276 945 312 Veneris
969 276 1191 312 concordent
1214 276 1291 321 ejus
1315 280 1453 321 motuS,
1481 287 1630 315 necesse
1655 283 1729 326 est,
1755 284 1797 316 ut
1821 292 1944 319 eorum

143 331 236 366 alter
260 341 341 365 cum
372 329 487 365 altero
518 329 770 371 terminorum,
806 339 854 365 sc.
889 340 970 365 cum
995 340 1067 366 uno
1093 329 1269 364 dictorum
1300 327 1528 374 planetarum
1558 330 1720 376 ipsorum
1751 335 1946 373 concordet

142 382 314 427 identice,
347 393 412 429 seu
442 393 507 429 per
536 382 677 427 aliquot
707 382 894 427 diapason.
944 383 1032 418 Cum
1067 386 1187 417 autem
1221 382 1505 426 praestantiores
1539 383 1610 419 sint
1639 384 1836 432 identicae,
1873 393 1943 424 sta·

146 435 302 474 tuendae
328 440 434 471 erunt
459 436 569 470 etiam
591 436 685 471 inter
710 440 871 470 extrema
896 441 1059 470 motuum
1085 435 1367 480 praestantiora,
1405 445 1454 471 sc.
1478 436 1573 471 inter
1595 437 1775 483 aphelios‚
1801 440 1885 485 quia
1908 445 1945 476 et

144 488 311 535 principii
342 489 461 523 locum
497 488 661 524 obtinent
699 488 744 523 ob
771 488 1008 524 elevationem
1042 488 1267 534 planetarum
1304 492 1340 522 et
1371 487 1593 524 harmoniam
1620 488 1682 535 ³15,
1719 490 1764 526 de
1800 501 1872 537 qua
1904 497 1945 527 ut

143 541 279 586 majore
305 540 459 576 Telluris
491 545 528 576 et
553 539 704 576 Veneris
735 552 830 577 nunc
862 541 1017 585 agimus,
1055 540 1239 585 propriam
1275 539 1344 574 sibi
1369 539 1633 583 quodammodo
1664 547 1701 579 et
1737 554 1818 580 cum
1842 555 1944 591 prae·
1983 542 1990 548 '

137 594 308 638 'rogativa
341 593 533 629 vindicant.
583 593 665 629 Etsi
699 594 792 629 enim
827 594 1015 628 harmonia
1046 593 1118 628 ista
1142 592 1250 628 etiam
1275 592 1451 638 perihelio
1476 593 1627 630 Veneris
1658 601 1695 630 et
1719 596 1839 642 aliquo
1864 597 1945 633 Tel-

145 648 234 684 luris
258 646 471 682 intermedio
498 647 682 691 competit,
707 658 774 692 per
798 647 853 693 22,
880 651 917 682 a't
942 646 1080 682 initium
1103 645 1147 680 'fit
1169 657 1191 681 a
1214 650 1378 680 motuum
1401 645 1583 691 extremis,
1607 652 1726 684 motus
1743 649 1946 686 intermedii

147 704 246 738 stant
276 703 361 745 post
392 699 579 744 principia.
629 700 712 735 Jam
747 711 827 736 cum
864 711 910 736 ex
943 699 1057 734 altera
1081 703 1185 744 parte
1220 698 1418 733 habeamus
1444 697 1590 733 Saturni
1620 699 1784 736 altissimi
1808 707 1945 738 motum

147 755 340 800 aphelium,
367 765 411 788 ex
438 754 552 788 altera
577 758 680 798 parte
706 765 786 789 cum
811 753 874 789 illo
900 751 1124 798 copulandus
1150 752 1217 788 erit
1242 750 1407 797 aphelius
1426 750 1583 788 Telluris
1607 753 1729 798 potius
1754 765 1861 800 quam
1877 756 1945 791 Ve-

147 806 275 852 neris,
297 807 382 850 quia
417 808 546 843 horum
571 807 738 849 duorum,
774 815 888 850 genus
918 805 1127 840 harmoniae
1153 804 1468 849 distinguentium,
1501 804 1565 840 illa
1587 804 1716 845 iterum
1749 813 1805 843 est
1828 808 1944 849 altior,

148 861 218 896 Est
242 864 278 894 et
303 858 373 894 alia
396 860 545 905 propior
570 869 696 900 causa,
721 858 818 903 quod
843 858 1002 893 rationes
1028 857 1272 902 posteriores,
1297 857 1335 892 in
1360 856 1490 902 quibus
1510 857 1588 902 jam
1612 863 1817 906 versamur,
1843 860 1945 895 dero-

149 917 235 959 gant
259 911 403 956 quidem
428 912 626 958 prioribus,
654 911 718 946 sed
743 915 884 946 tantum
910 910 1005 946 circa
1030 911 1195 956 minima,
1223 911 1319 957 quod
1345 915 1402 947 est
1424 910 1462 946 in
1485 910 1692 947 harmonice
1717 911 1812 948 circa
1836 913 1946 948 inter-

147 965 243 1001 valla
268 965 431 1000 omnibus
458 965 642 1010 concinnis
666 964 817 999 minora.
869 964 939 999 Sed
965 975 1031 1009 per
1055 964 1211 999 rationes
1237 964 1376 1010 priores
1401 974 1474 999 non
1497 963 1668 1008 Veneris,
1703 964 1767 1000 sed
1792 964 1946 1000 Telluris

111 1030 115 1034 ·
149 1017 315 1063 aphelius
340 1018 605 1063 approximabit
629 1016 836 1052 harmoniae
862 1016 1036 1061 diapason
1061 1017 1209 1063 aliquot,
1236 1028 1317 1052 cum
1337 1017 1484 1052 Saturni
1500 1017 1645 1062 aphelio
1663 1018 1945 1053 constituendae.

150 1070 285 1113 Collige
311 1071 405 1108 enim
429 1071 467 1106 in
491 1080 600 1105 unam
626 1079 800 1105 summam
834 1069 949 1114 primo
974 1070 1157 1115 propriam
1184 1069 1460 1106 Saturninorum
1484 1074 1646 1104 motuum
1676 1069 1946 1114 proportionem

151 1127 210 1170 ⁴s5,
242 1125 280 1160 id
305 1130 359 1162 est
384 1125 430 1160 ab
455 1122 600 1168 aphelio
625 1122 662 1157 in
687 1121 901 1167 perihelium
926 1122 1089 1167 Saturni,
1121 1134 1165 1158 ex
1200 1134 1255 1168 pr.
1282 1123 1344 1167 11,
1381 1121 1540 1157 secundo
1566 1119 1858 1166 convergentium
1881 1122 1944 1158 Sa-

150 1179 247 1215 turni
272 1184 308 1215 et
332 1178 434 1214 Jovis
463 1178 523 1220 ¹l2,
548 1175 583 1210 id
611 1179 666 1212 est
691 1186 713 1210 a
735 1175 909 1220 perihelio
933 1169 962 1222 ἣ
1000 1175 1046 1210 ad
1071 1174 1254 1220 aphelium
1284 1169 1346 1227 ᾞ,
1375 1184 1419 1209 ex
1436 1185 1489 1218 pr.
1507 1174 1540 1218 8,
1566 1174 1673 1210 tertio
1687 1174 1947 1219 divergentium

156 1228 204 1285 Q
232 1237 269 1269 et
300 1233 333 1273 (ζ
376 1230 433 1275 118,
459 1229 495 1263 id
522 1232 578 1263 est
595 1228 640 1264 ab
665 1228 810 1274 aphelio
843 1222 889 1279 ‘LI
908 1227 952 1263 ad
982 1227 1197 1273 perihelium
1228 1228 1283 1272 ὀ,
1310 1238 1355 1263 ex
1381 1239 1434 1273 pr.
1464 1227 1526 1273 14,
1571 1231 1698 1271 quarto
1733 1237 1950 1273 convergen-

133 1286 241 1322 ,tium
265 1284 394 1326 Martis
421 1286 457 1317 et
475 1281 632 1317 Telluris
660 1279 713 1324 Ἃ,
737 1281 775 1316 id
800 1286 855 1316 est
880 1291 902 1316 a
925 1279 1102 1326 perihelio
1122 1281 1252 1316 Martis
1277 1280 1323 1316 ad
1348 1279 1531 1326 aphelium
1550 1279 1719 1325 Telluris,
1745 1290 1791 1315 ex
1814 1291 1868 1326 pr.
1890 1282 1947 1317 15:

151 1336 394 1377 accumulabis
417 1335 512 1370 inter
536 1333 718 1378 aphelium
745 1333 890 1368 Saturni
915 1338 951 1368 et
976 1333 1157 1378 aphelium
1181 1332 1336 1368 Telluris
1361 1332 1632 1378 proportionem
1660 1333 1738 1379 730,
1762 1333 1822 1368 cui
1848 1331 1950 1378 deest

150 1399 223 1430 non
249 1391 337 1437 *plus
370 1399 477 1433 quam
503 1388 597 1431 ³⁰s'32,
634 1386 670 1421 id
703 1391 758 1421 est
795 1386 866 1431 ’5116
898 1397 968 1422 -seu
994 1386 1240 1431 semitonium,
1276 1395 1347 1430 quo
1383 1386 1502 1421 minus
1535 1385 1582 1422 sit
1613 1387 1669 1432 ¹s³2
1704 1396 1769 1422 seu
1793 1386 1950 1431 quinque

153 1447 338 1491 diapason.
386 1442 514 1486 Itaque
540 1440 569 1475 si
595 1439 833 1483 semitonium,
858 1439 896 1475 in
920 1439 1123 1484 particulas
1142 1439 1287 1474 minimo
1313 1438 1488 1474 concinno
1514 1439 1670 1475 minores
1689 1443 1838 1483 sectum,
1864 1448 1950 1484 qua-

151 1503 234 1534 tuor
258 1497 314 1532 his
340 1492 526 1530 elementis
552 1492 716 1533 addatur,
742 1491 906 1536 perfecta
930 1491 998 1527 erit
1021 1491 1117 1526 inter
1141 1491 1348 1536 propositos
1375 1491 1521 1527 Saturni
1545 1496 1582 1527 et
1606 1490 1762 1527 Telluris
1787 1489 1950 1536 aphelios

151 1549 339 1587 harmonia
371 1545 729 1592 pentakisdiapason.
777 1546 826 1579 At
861 1548 902 1579 ut
924 1544 1020 1579 idem
1052 1543 1217 1588 aphelius
1245 1543 1389 1578 Saturni
1418 1554 1499 1578 cum
1524 1543 1666 1588 aphelio
1691 1543 1842 1579 Veneris
1876 1542 1950 1578 dia-

154 1613 270 1650 pason
294 1601 432 1645 aliquot
456 1598 608 1643 faceret,
643 1597 864 1642 oportuisset
888 1592 1090 1649 rqionibus
1114 1596 1295 1641 prioribus
1321 1596 1501 1642 integrum
1526 1596 1602 1632 fere
1633 1595 1862 1647 diatessaron
1884 1596 1950 1632 eri-

153 1667 256 1703 pere,
294 1653 415 1690 addito
441 1651 533 1686 enim
559 1650 620 1695 ³s5,
657 1649 753 1695 quod
779 1655 834 1684 est
857 1650 952 1684 inter
976 1649 1139 1694 aphelios
1165 1649 1320 1684 Telluris
1351 1655 1386 1684 et
1410 1649 1579 1695 Veneris,
1610 1649 1656 1685 ad
1689 1648 1862 1686 summam
1890 1649 1950 1694 ¹l30

155 1721 200 1745 ex
225 1712 379 1754 quatuor
403 1705 583 1751 prioribus
610 1703 796 1738 elementis
821 1703 1032 1747 conflatam,
1066 1703 1246 1748 colligitur
1270 1700 1441 1747 tanquam
1474 1712 1520 1736 ex
1543 1701 1725 1746 prioribus
1753 1702 1951 1739 rationibus

154 1757 250 1798 inter
273 1758 436 1805 aphelios
462 1756 607 1793 Saturni
647 1761 683 1790 et
707 1756 858 1791 Veneris
888 1756 965 1801 ¹l50,
998 1755 1095 1800 quod
1127 1755 1353 1791 intervallum
1380 1754 1502 1789 differt
1532 1754 1577 1789 ab
1606 1755 1681 1799 7³2,
1711 1754 1954 1799 pentakisdia-

155 1824 280 1861 pason,
306 1822 372 1857 per
397 1811 496 1855 ³²l502
522 1810 591 1844 hoc
617 1813 672 1844 est
696 1819 760 1852 per
790 1809 878 1853 ¹⁶l25,
904 1809 1000 1853 quod
1026 1813 1082 1844 est
1106 1809 1276 1854 diapente
1301 1819 1382 1843 cum
1407 1807 1511 1851 diesi3
1545 1811 1582 1843 et
1605 1806 1950 1852 ab'hexakisdiapa-

127 1887 130 1891 ·
158 1878 225 1902 son
258 1875 322 1900 seu
351 1864 409 1908 764
434 1861 554 1898 differt
578 1872 644 1906 per
669 1861 764 1905 ⁵⁰lw
799 1861 895 1906 qnod
921 1866 976 1896 est
1003 1862 1096 1906 2⁵l32,
1132 1872 1197 1897 seu
1223 1861 1449 1896 diatessaron
1478 1859 1596 1894 minus
1627 1870 1699 1895 una
1723 1859 1836 1894 diesi«
1869 1861 1951 1895 Non
1986 1883 1990 1885 -

154 1919 266 1965 igitur
298 1917 393 1951 inter
416 1914 568 1950 Veneris
601 1920 639 1949 et
663 1913 831 1955 Saturni,
865 1913 928 1948 sed
954 1913 1048 1948 inter
1073 1913 1228 1948 Telluris
1262 1917 1298 1947 et
1325 1912 1469 1947 Saturni
1494 1911 1657 1956 aphelios
1686 1911 1846 1947 identica
1869 1912 1950 1946 har-

155 1969 276 2007 monia
301 1967 412 2003 statui
439 1966 579 2010 debuit,
606 1970 646 2001 ut
671 1966 826 2000 Saturno
852 1976 932 2000 cum
958 1965 1099 2001 Venere
1123 1965 1346 2001 diversisona
1371 1964 1557 1998 harmonia
1579 1967 1745 1999 restaret.

199 2050 204 2055 ·
261 2029 337 2067 ·Pr
352 2029 496 2077 oposi
512 2028 582 2064 tio
622 2025 810 2064 XXXII.
884 2026 926 2063 In
961 2026 1173 2064 harmoniis
1205 2027 1452 2076 planetarum
1483 2027 1771 2065 universalibus
1801 2027 1953 2076 generis

118 2136 120 2138 v
157 2089 285 2129 mollis
325 2091 456 2124 motus
497 2084 652 2124 Saturni
691 2084 805 2133 plane
836 2085 1014 2134 aphelius
1058 2096 1144 2123 cum
1176 2086 1314 2123 ceteris
1349 2085 1514 2134 planetis
1554 2090 1687 2133 exacte
1719 2084 1951 2124 concordare

156 2160 235 2187 non
265 2146 403 2202 potuit.

271 2214 363 2250 Nam
387 2211 512 2248 Tellus
544 2215 644 2246 motu
678 2220 743 2245 suo
777 2210 920 2255 aphelio
955 2210 1000 2246 ad
1032 2208 1253 2244 harmoniam
1285 2210 1523 2246 universalem
1555 2210 1695 2256 generis
1729 2210 1846 2246 mollis
1879 2221 1951 2247 non

158 2266 353 2312 concurrit,
386 2265 470 2310 quia
494 2263 629 2309 aphelii
654 2263 809 2299 Telluris
836 2268 871 2309 et
896 2264 1044 2298 Veneris
1070 2264 1206 2299 faciunt
1239 2262 1466 2298 intervallum
1493 2263 1554 2309 ³l5,
1589 2263 1729 2307 generis
1753 2262 1855 2308 durig,
1886 2274 1952 2309 per
1991 2267 1994 2270 ⁴

156 2333 210 2367 pr.r
239 2322 294 2357 17.
343 2319 520 2354 Saturnus
545 2327 628 2352 vero
654 2317 797 2361 aphelio
823 2327 888 2352 suo
923 2317 1009 2353 facit
1032 2317 1224 2352 identicam
1247 2317 1468 2351 harmoniam
1500 2327 1580 2352 cum
1614 2316 1757 2362 aphelio
1782 2317 1949 2357 Telluris,
1987 2337 1991 2368 3

158 2385 224 2419 per
248 2384 302 2418 pr.
329 2372 382 2407 31.
430 2371 528 2415 Ergo
555 2380 672 2415 neque
698 2371 873 2406 Saturnus
899 2369 1042 2414 aphelio
1069 2380 1134 2404 suo
1159 2374 1259 2405 motu
1285 2369 1478 2406 concurrit.
1528 2369 1697 2405 Succedit
1726 2373 1847 2405 tamen
1869 2370 1950 2406 loco

157 2425 291 2472 aphelii
314 2428 434 2459 motus
458 2422 633 2458 intensior
657 2420 786 2466 aliquis
810 2421 958 2456 Saturni
982 2427 1112 2467 motus,
1138 2422 1280 2467 aphelio
1294 2422 1490 2466 proximus,
1515 2422 1560 2458 ad
1578 2433 1692 2467 genus
1709 2422 1816 2460 etiam
1831 2423 1948 2468 molle,
1975 2432 1989 2437 ¹·

157 2483 299 2522 ut-cap.
326 2478 359 2512 7.
385 2475 563 2521 apparuit.

273 2537 569 2588 Propositio
602 2535 809 2574 XXXIII.
869 2535 1020 2573 Durum
1049 2535 1335 2574 harmoniarum
1375 2539 1413 2574 et
1453 2535 1583 2574 scalae
1614 2537 1784 2575 musicae
1826 2548 1948 2586 genus
1973 2546 1991 2588 J

112 2627 115 2630 ψ
162 2603 222 2638 est
249 2596 438 2636 familiare
469 2594 640 2633 motibus
671 2593 856 2643 apheliis,
889 2592 1006 2632 molle
1035 2593 1244 2642 periheliis.

273 2652 366 2688 Nam
390 2650 459 2686 etsi
485 2649 574 2685 dura
598 2648 829 2684 constituitur
863 2647 1050 2683 harmonia
1072 2647 1166 2683 inter
1190 2648 1342 2683 Telluris
1378 2659 1448 2683 non
1483 2647 1663 2693 aphelium
1692 2652 1832 2683 tantum
1867 2660 1948 2685 cum

160 2705 310 2742 Veneris
336 2703 489 2749 aphelio,
516 2702 580 2738 sed
604 2702 710 2737 etiam
734 2700 826 2746 inter
851 2700 1006 2735 Telluris
1031 2705 1148 2735 motus
1175 2701 1336 2745 aphelios
1362 2699 1549 2735 inferiores
1582 2711 1662 2735 cum
1686 2701 1834 2736 Veneris
1858 2699 1948 2736 infe·
1978 2694 1982 2706 ⁷

158 2758 312 2795 rioribus
336 2766 452 2801 usque
475 2756 511 2790 in
536 2755 614 2800 ejus
640 2753 869 2800 perihelium,
903 2757 939 2786 et
963 2752 1120 2787 vicissim
1144 2753 1262 2788 mollis
1287 2753 1472 2788 harmonia
1496 2756 1568 2788 nou
1593 2757 1736 2788 tantum
1759 2753 1855 2789 inter
1879 2753 1947 2789 Ve-

162 2811 257 2848 neris
281 2807 495 2854 perihelium
520 2818 599 2842 cum
622 2806 780 2841 Telluris
804 2803 998 2850 perihelio,
1032 2804 1095 2839 sed
1120 2806 1227 2840 etiam
1252 2806 1346 2840 inter
1365 2805 1516 2842 Veneris
1542 2804 1745 2849 superiores
1769 2815 1887 2851 usque
1910 2804 1947 2840 in
1974 2804 1978 2816 ²

160 2861 342 2907 aphelium
366 2871 447 2896 cum
473 2858 629 2894 Telluris
653 2857 916 2903 superioribus,
942 2867 1006 2902 per
1029 2868 1082 2902 pr.
1108 2858 1168 2893 ‘272
1202 2859 1348 2903 propria
1371 2863 1490 2894 tamen
1515 2858 1720 2894 et*'evidens
1745 2857 1963 2902 designatio¹

129 2943 131 2945 .
161 2914 308 2959 generis·
333 2913 375 2948 fit
397 2917 537 2948 tantum
562 2911 730 2947 extremis
754 2911 957 2956 utriusque,
990 2920 1054 2955 per
1078 2921 1131 2955 pr.
1157 2910 1212 2946 20.
1241 2916 1276 2946 et
1299 2911 1356 2947 24.
1404 2911 1556 2955 Propria
1580 2910 1689 2955 igitur
1723 2910 1804 2946 duri
1828 2910 1945 2957 desig·
1968 2942 1971 2943 ⁷

162 2966 259 3010 natio
285 2971 340 3002 est
364 2970 503 3002 tantum
526 2965 564 3000 in
588 2964 739 3011 apheliis
763 2963 936 3007 motibuS‚
962 2962 1108 3011 propria
1132 2963 1250 2998 mollis
1275 2967 1416 2999 tantum
1439 2963 1476 2999 in
1499 2963 1692 3008 periheliis.

276 3019 583 3078 Propositio
616 3024 817 3064 XXXIV.
877 3025 1027 3063 Durum
1057 3035 1179 3073 genus
1209 3024 1438 3065 familiarius
1468 3029 1527 3063 est
1556 3023 1736 3074 planetae
1766 3023 1804 3060 in
1837 3002 1962 3062 com·¹

171 3086 370 3136 paratione
402 3085 563 3125 duorum
593 3085 802 3138 superiori,
833 3082 948 3123 molle
978 3081 1158 3122 inferiori.
