1988 3276
780 133 1051 173 dem
1746 130 1803 172 u

37 256 355 300 munb-
420 248 1513 307 Οιιπὶιπιιιιοποαῆοἰᾙιαιὶιπῆιαοοιιηπιοᾼ
1541 247 1577 288 0
1612 245 1802 305 (hoccst,

36 313 572 366 msa-mgnum),
615 305 1803 363 ιπιιοαιυῃυᾰωιᾱιοίμπιπιοςοοπηπῶαιῆπ,

35 369 434 415 mouum-
480 373 535 411 At
560 380 647 411 αιιιι
674 376 734 411 est
761 371 888 410 sectio
911 367 1245 415 ianedietste,
1274 368 1472 418 portiones
1490 363 1803 416 fiunt-equales.

37 431 422 487 Abhoupunetoss
451 432 492 468 in
519 436 643 473 utram
672 429 767 469 velis
796 433 944 480 partem
972 428 1093 473 sectio
1121 425 1311 474 ambulet,
1349 435 1499 476 semper
1526 423 1804 476 alterapoitio

35 493 160 532 mur
183 492 268 533 erit
302 489 532 539 medietate,
559 479 679 527 ὤεα
713 487 849 537 maJor.
907 486 973 526 Sic
1009 486 1141 536 itaque
1178 494 1329 536 semper
1363 494 1412 522 ex
1450 482 1574 521 tribus
1610 483 1652 521 in
1686 482 1805 537 pluis

35 547 276 602 &mbas
301 548 512 588 harmoniis
538 557 617 588 uua
645 551 705 585 est
733 547 830 584 infra
859 550 1051 593 octavam,
1080 554 1159 582 nna
1186 549 1296 584 extra
1322 538 1364 581 et
1390 551 1518 592 supra.

60 622 62 626 ⁷
175 605 290 658 Quod
316 605 432 645 Philo
461 610 501 645 et
525 604 771 644 Ptolemaeus
798 608 975 654 quartem
1002 601 1134 641 dieunt
1159 610 1345 670 prorum,
1375 598 1565 638 Boethius
1591 598 1815 696 Ἢ

34 664 76 704 id
105 665 171 705 vel
197 664 287 705 ideo
315 664 379 711 iit,
408 665 501 714 quia
527 662 576 703 de
603 663 780 714 perfectis
807 661 1035 711 loquuntur,
1062 659 1128 698 vel
1155 661 1250 710 quin
1276 664 1449 698 errarunt
1475 658 1516 695 in
1544 656 1616 696 ads

34 728 224 765 tonorum.
281 694 427 763 Ven'm
467 721 570 761 enim
606 726 685 768 cst,
730 719 830 759 duos
864 730 1027 771 magnos
1066 715 1696 787 ιοιιοιιξποπῐπεαπιαιῆιιπι,
1734 712 1805 754 sed

33 781 134 835 pln-
182 779 261 821 Sed
288 779 418 826 video,
446 780 517 819 tibi
545 779 791 819 Ptolemaeae
818 779 985 817 musices
1013 787 1099 816 esse
1127 778 1291 829 copiam.
1335 773 1486 825 Quodsi
1514 773 1612 813 liber
1637 784 1718 812 non
1746 775 1806 812 cst

34 851 199 892 magnus
227 843 287 878 et
296 849 483 878 onerosus
509 839 662 884 nuncio,
693 849 781 876 eum
809 836 940 876 videre
969 837 1096 886 cupio.

171 897 334 939 Aurium
356 896 547 947 judicium
574 895 714 947 duplex
744 899 821 942 est,
850 893 1031 945 generale
1067 893 1116 933 de
1153 891 1490 943 qualibuscunque
1525 855 1737 931 hunonlis
1765 892 1806 928 et

34 954 202 1007 apud-le
230 966 318 995 eum
347 954 547 1023 voluptate
574 954 625 993 de
653 954 839 992 suavibus
867 953 1088 992 harmoniis.
1124 950 1179 990 At
1207 950 1294 1002 plus
1324 949 1443 989 distat
1470 945 1636 1001 ἇρμοπα
1663 949 1806 1000 imper·-

34 1012 136 1053 iecta
161 1018 201 1053 et
227 1014 401 1053 insuavis
429 1013 481 1052 ab
509 1011 739 1064 ‹imme›
765 1013 1057 1051 concinnatione
1081 1020 1234 1057 vocum,
1264 1019 1382 1059 quam
1401 1005 1564 1060 ἇρμονια
1582 1007 1807 1074 imperfecta

35 1083 61 1110 a
87 1071 255 1123 perfecta
282 1077 322 1111 et
349 1072 473 1111 suavi.
521 1070 651 1120 Voces
680 1072 781 1109 enim
809 1081 884 1111 ποπ
915 1075 1097 1108 coeuntes
1126 1067 1285 1106 laedunt
1312 1078 1436 1106 aures.
1494 1065 1546 1104 Et
1572 1065 1805 1116 memineris,

35 1141 102 1169 me
124 1129 236 1181 loqui
258 1140 338 1170 non
366 1128 415 1169 de
443 1130 621 1181 practicis
649 1128 857 1168 harmoniis
897 1130 1022 1184 (quae
1042 1128 1149 1165 varie
1178 1123 1435 1178 disputantur)
1471 1123 1543 1164 sed
1571 1123 1620 1162 de
1650 1122 1806 1162 theore-

34 1189 134 1229 ticis.
189 1187 312 1228 Porro
346 1193 477 1228 sextas
504 1188 560 1227 nil
588 1186 740 1227 dulcius
765 1198 903 1229 sonae
931 1197 1050 1236 quam
1086 1186 1310 1236 septimam,
1350 1183 1391 1223 id
1420 1188 1556 1225 contra
1580 1192 1738 1223 sensum
1767 1185 1808 1220 et

37 1245 399 1291 demensuationem
428 1252 507 1292 est,
536 1251 580 1285 ut
607 1247 641 1285 si
671 1245 799 1292 dicas,
828 1246 928 1283 iuter
954 1254 1113 1295 aegrum
1142 1248 1181 1282 et
1208 1249 1401 1282 mortuum
1428 1240 1525 1280 nihil
1553 1241 1750 1280 intereme-

53 1328 57 1329 ν
169 1304 408 1357 Aspectuum
434 1304 628 1343 efficaciae
656 1303 771 1344 fldem
798 1305 922 1371 prima
950 1302 1131 1342 conciliat
1158 1302 1411 1352 experientia,
1443 1309 1544 1352 qnae
1573 1297 1673 1338 adeo
1703 1297 1808 1336 clara

36 1361 112 1416 ese,
150 1367 196 1402 ιιι
224 1373 310 1402 eam
338 1373 414 1402 non
442 1364 566 1414 possit
588 1372 765 1413 ·,uegare
805 1362 879 1401 nisi
918 1363 985 1412 qui
1025 1358 1216 1412 αὖτοπτης
1253 1371 1331 1400 ποπ
1360 1359 1443 1398 suit.
1501 1355 1582 1399 Sed
1609 1355 1807 1408 distinguo

35 1421 134 1465 ἤπια
161 1431 288 1471 agere,
316 1421 466 1460 sortiter
494 1432 608 1471 agere
637 1426 677 1460 et
704 1420 817 1460 aliter
843 1431 973 1470 agere.
1013 1419 1060 1459 In
1090 1418 1278 1470 qualitate
1296 1418 1462 1459 actionis
1479 1427 1622 1467 magns
1640 1416 1808 1457 varietas

36 1483 107 1526 eet,
135 1489 206 1530 pro
222 1477 447 1518 habitudine
467 1479 643 1528 subjecti,
673 1479 714 1516 in
733 1480 948 1528 quantitate
966 1483 1009 1517 et
1025 1479 1187 1517 veritate
1214 1488 1357 1527 magna
1385 1474 1587 1515 certitudo.
1636 1472 1806 1522 Quaeso,

35 1536 282 1576 fortuitumne
318 1541 396 1586 est,
435 1536 540 1587 quod
580 1536 703 1588 Aprili
743 1541 827 1575 toto
868 1535 1024 1575 insolita
1060 1537 1134 1575 suit
1172 1536 1342 1584 siccitas,
1390 1533 1460 1573 Sol
1500 1533 1661 1582 rubeus,
1702 1530 1810 1571 calor

38 1593 190 1633 occulta
218 1594 422 1646 pollentior
449 1596 590 1634 virtute
620 1596 750 1634 omnia
788 1600 1070 1646 corrumpente,
1110 1605 1226 1646 quam
1266 1599 1424 1633 externa
1461 1590 1622 1644 specie?
1667 1588 1807 1629 Nonne

38 1650 270 1706 quadratura
295 1652 369 1691 fuit
396 1651 550 1691 Saturni
578 1657 617 1691 et
643 1652 759 1691 Jovis
799 1651 1006 1691 diuturna?
1064 1652 1113 1691 Et
1142 1648 1234 1704 qu'id
1264 1656 1343 1701 est,
1383 1650 1490 1701 quod
1532 1649 1635 1688 circ·
1666 1648 1807 1691 testum

37 1708 180 1749 Ja‘cobi
207 1714 292 1749 tota
317 1710 397 1749 fere
427 1709 556 1762 Styria
585 1710 841 1761 dysenteriam
870 1711 989 1749 sensit
1017 1709 1316 1750 creberrimam?
1344 1707 1446 1758 Quia
1464 1718 1603 1759 nempe
1620 1706 1808 1745 materiae

33 1767 117 1818 jam
146 1767 354 1821 dispositae
382 1773 693 1819 supervenerunt,
722 1769 845 1819 primo
875 1767 1046 1818 quintilis
1074 1767 1230 1807 Saturni
1259 1773 1299 1807 et
1316 1765 1445 1815 Jovis,
1472 1765 1565 1804 inde
1591 1763 1807 1815 triangulus

38 1824 210 1865 Saturni
233 1830 273 1865 et
310 1825 459 1865 Martis.
529 1825 626 1864 Cum
655 1831 784 1865 autem
812 1833 991 1877 aspectus
1020 1827 1071 1865 sit
1098 1825 1265 1875 schesis,
1304 1824 1451 1864 schesis
1476 1834 1573 1863 vero
1601 1821 1739 1866 relatio
1768 1825 1809 1861 et

35 1883 262 1923 relationum
289 1878 579 1923 fundamentum
607 1886 864 1934 quantitatum
892 1895 1085 1933 excessus,
1110 1885 1197 1935 ‚iure
1226 1885 1344 1935 igitur
1371 1884 1488 1923 etiam
1514 1882 1557 1921 in
1585 1880 1808 1932 aspectibus

36 1940 78 1980 id
103 1947 242 1981 namra
268 1941 428 1981 habebit
456 1953 524 1993 pro
555 1944 714 1990 eximio,
745 1942 849 1992 quod
878 1944 917 1980 in
948 1944 1071 1996 λογοις
1096 1943 1350 1993 geometricis.

172 1999 371 2039 Hactenus
398 2000 646 2051 pugnandum
672 2000 767 2038 mihi
793 2001 885 2050 fuit,
911 2000 995 2050 Jam
1025 2006 1135 2041 erunt
1162 2003 1280 2040 etiam
1309 1997 1519 2052 ejicienda,
1549 2009 1652 2050 quae
1680 1997 1805 2046 affers,

39 2057 196 2101 auxilia,
262 2057 355 2097 Jam
382 2059 453 2097 tibi
486 2060 585 2112 λογοι
614 2059 836 2109 geometrici
864 2059 1036 2098 fecerunt
1065 2060 1282 2110 opinione-
1313 2058 1362 2098 de
1390 2056 1544 2097 occulta
1570 2057 1808 2109 praestantia

39 2117 243 2166 septenarii
270 2117 553 2167 suspicarisque
583 2116 630 2155 de
660 2116 795 2156 eodem
822 2116 1062 2167 planetarum
1091 2128 1262 2158 numero.
1315 2116 1414 2167 ‘Ego
1441 2126 1536 2154 vero
1566 2126 1614 2154 ex
1643 2115 1809 2167 mystica

38 2185 281 2212 numerorum
317 2173 413 2213 nihil
451 2175 614 2224 probare
655 2175 765 2222 volo,
804 2186 875 2214 nec
911 2182 1005 2226 puto
1042 2187 1167 2227 posse.
1233 2175 1292 2214 Ex
1327 2175 1646 2226 geometricarum
1681 2182 1808 2211 rerum

37 2231 250 2283 aptitudine
297 2231 345 2272 de
392 2234 615 2283 corporibus
673 2232 839 2284 disputo.
922 2234 973 2272 Et
1020 2235 1054 2272 si
1101 2235 1255 2283 quaeris
1302 2243 1503 2273 numerum
1549 2230 1804 2282 planetarum,

4 2330 8 2331 ⁷
38 2292 169 2340 quare⁴
186 2290 250 2328 hic
277 2291 338 2338 sit,
367 2301 445 2329 uon
472 2290 583 2339 alius,
614 2302 702 2330 eum
731 2302 805 2341 ego
834 2290 969 2330 videor
995 2293 1034 2330 in
1064 2291 1197 2331 libello
1224 2303 1312 2331 meo
1341 2290 1615 2342 perfectissime
1645 2287 1808 2327 demon-

38 2351 193 2396 strasse,
223 2352 267 2385 ut
295 2358 406 2387 nemo
435 2350 616 2399 ambigat,
646 2350 713 2399 qui
741 2359 819 2387 non
849 2350 1011 2400 ambigit
1039 2349 1170 2389 Solem
1199 2355 1321 2399 stare,
1352 2349 1509 2388 Terram
1537 2347 1697 2387 moveri.
1744 2345 1806 2384 De

38 2403 125 2453 fixis
154 2416 246 2445 vero
275 2405 380 2444 aliud
409 2405 534 2446 dicere
562 2418 640 2445 non
669 2418 837 2458 possum,
867 2419 984 2457 quam
1014 2407 1185 2447 dixeram
1214 2419 1298 2460 cap.
1321 2408 1359 2447 3.
1388 2405 1511 2447 libelli
1530 2406 1620 2445 mei.
1658 2404 1807 2451 Forsan

4 2494 8 2518 3
39 2465 143 2505 mim
168 2467 277 2503 tanta
304 2463 417 2503 nobis
444 2464 569 2504 adhuc
598 2467 710 2515 copia
737 2471 911 2516 superest
938 2465 1277 2505 Archimedeorum
1312 2471 1352 2505 et
1378 2464 1692 2506 secundariorum
1719 2473 1807 2502 cor«

8 2554 10 2556 ,
38 2530 186 2572 porum,
215 2526 260 2559 ιιι
286 2523 433 2560 numeri
458 2525 646 2562 rationem
673 2524 768 2562 inire
798 2523 886 2562 inde
915 2525 1074 2574 possint,
1104 2525 1138 2562 si
1155 2526 1262 2575 prius
1289 2528 1512 2563 nmeratae
1536 2526 1627 2562 actu
1654 2521 1805 2560 fuerint.

13 2584 18 2587 '
41 2578 97 2618 At
123 2579 306 2631 quamdiu
335 2594 379 2619 w
409 2575 469 2619 ὅτι
494 2581 600 2629 latet,
631 2596 676 2620 το
706 2585 801 2621 dum
828 2581 987 2621 ridicule
1017 2584 1248 2633 quaerimus.
1475 2602 1488 2605 ⁴

175 2636 297 2687 Quae,
327 2636 481 2685 malum,
510 2650 593 2677 sors
612 2637 775 2678 adversa
793 2642 941 2690 premit,
972 2646 1014 2679 ut
1032 2640 1305 2692 promtitudine
1334 2644 1408 2679 tna
1432 2639 1472 2677 in
1496 2636 1680 2688 ,iuvandis
1708 2635 1807 2675 meis

8 2685 180 2742 ,isiadus
208 2696 265 2734 uti
292 2707 492 2745 nequeam.
550 2695 704 2744 Scribis,
733 2701 773 2735 te
800 2699 949 2737 mittere
978 2698 1173 2749 exemplar
1201 2698 1398 2749 Tychouis
1423 2694 1699 2748 Epistularum.
1752 2692 1808 2734 At

0 2735 128 2814 j'ssisco
165 2752 253 2791 libri
289 2759 457 2792 reserato
486 2758 705 2803 tegumento
735 2756 884 2806 accipio
913 2755 1039 2796 Clavii
1068 2756 1333 2796 Theodosium
1359 2759 1400 2794 et
1419 2752 1637 2804 triangula,
1678 2751 1807 2800 &²83

0 2793 387 2860 whcedaemonem
435 2822 560 2850 mores
608 2813 777 2861 gentium
820 2814 1054 2854 Damasceni
1099 2820 1139 2854 et
1179 2812 1424 2853 Heraclidem
1465 2811 1691 2858 Ponticum,
1718 2808 1807 2847 din

0 2858 269 2919 ‘meravi
308 2880 358 2907 an
397 2871 527 2908 statim
561 2870 809 2920 remitterem,
850 2871 1042 2911 videbaris
1070 2872 1145 2911 hoc
1181 2871 1313 2911 libello
1343 2872 1516 2917 sinuum,
1555 2868 1805 2918 tangentium,

1 2898 269 2992 {muntium
282 2927 522 2966 incommode
552 2938 689 2967 carere.
747 2928 802 2967 At
838 2935 989 2979 contra,
1029 2941 1095 2970 cnr
1129 2930 1269 2969 frustra
1305 2933 1456 2980 paterer
1492 2930 1692 2965 oneratum
1719 2936 1806 2965 esse

133 2983 303 3032 lhrium,
344 2987 436 3035 quin
476 2987 605 3038 potius
648 2985 865 3026 evolverem
906 2988 1047 3027 librum
1089 2999 1166 3027 ποπ
1211 2992 1326 3027 antea
1366 2985 1524 3024 visum?
1571 2981 1806 3022 Occasioues

0 2961 303 3138 ffittendi
272 3043 452 3141 cedma.
475 3044 647 3141 ¹35Itaqtlie
675 3043 1090 3156 νίᾱιᾱὶξπιεπιὶπίἕῃπι
1117 3048 1319 3085 retinerem
1345 3043 1487 3083 librum
1514 3043 1679 3091 interea,
1714 3040 1806 3080 dum

169 3101 331 3140 nuncius
536 3113 601 3141 mo
617 3105 741 3140 estum
869 3108 947 3153 est,
1046 3115 1138 3145 osce
1163 3105 1311 3155 ignaro.
