1994 3276
149 70 233 109 420
773 67 994 113 Appendicis
1018 67 1317 104 Harmonicorum

149 191 188 226 in
218 193 334 226 cantu
365 198 457 226 vero
488 185 700 225 secundum
733 186 851 235 duos,
893 187 998 238 quod
1029 187 1231 227 discrimen
1273 188 1479 238 diligenter
1508 188 1716 235 inculcavi„
1740 189 1839 228 libro
1868 180 1940 230 IV.

148 246 214 285 fol.
247 247 342 284 228.
403 245 452 283 Et
492 243 583 294 quid
626 244 789 283 multis?
848 243 927 284 Res
959 248 1044 296 ipsa
1075 246 1262 296 loquitur:
1305 246 1474 286 humana
1516 256 1591 287 vox
1628 246 1792 286 saltibus
1821 249 1941 286 i'ntcr-

148 304 254 343 valla
284 308 473 356 permeat,
518 313 593 340 non
634 304 808 342 tensione
841 306 1054 352 continua,
1087 304 1331 354 planetarum
1360 311 1488 343 motus
1532 317 1579 344 ex
1617 305 1802 345 celeribus
1841 306 1942 345 tardi

146 362 243 401 fiunt
273 364 447 401 tensione
480 363 674 409 continua,
707 373 783 399 non
815 361 940 412 saltu;
982 374 1060 412 qua
1091 365 1299 412 negatione
1331 363 1487 402 sublata
1516 370 1576 403 est
1606 365 1731 403 omnis
1761 375 1942 404 mensura

151 422 385 471 temporaria
407 420 620 459 durationis
643 420 815 469 ejusdem
837 421 1064 460 celeritatis.
1119 420 1225 470 Hoc,
1260 422 1332 460 hoc
1367 434 1484 460 unum
1515 426 1592 472 est,
1624 421 1806 471 Roberte,
1838 423 1941 472 quod

151 479 266 517 velim
306 481 343 517 in
384 479 556 517 divinam
588 479 732 528 ingenii
774 479 830 516 tui
871 481 948 517 vim
987 480 1156 528 penitius
1189 492 1273 519 esse
1306 481 1561 530 transfusum
1602 481 1756 519 videres
1797 482 1940 528 statim,

147 550 263 588 quam
294 539 581 589 impertinenter
612 541 881 586 comparentur
910 539 1008 576 inter
1039 550 1080 576 se
1112 543 1305 589 tempora,
1345 537 1515 587 periodis
1544 537 1788 588 planetarum
1829 541 1942 578 'attri-

146 596 254 635 buta.
315 596 509 646 Tempora
539 595 640 633 enim
672 594 767 632 nihil
798 600 887 633 sunt
916 597 990 634 nisi
1021 607 1222 646 numerus,
1264 609 1335 635 nec
1366 602 1587 635 mensurant
1610 609 1670 644 ‚ea
1702 597 1942 636 durationem

146 655 347 692 uniformis
377 666 446 706 per
475 658 604 704 partes
634 658 785 701 motus3
817 653 960 692 falleris
983 655 1057 701 hic,
1089 655 1270 703 Roberte,
1302 657 1565 705 tenaciusque,
1598 667 1714 705 quam
1738 655 1828 694 huic
1849 667 1940 706 spe-

147 713 335 752 culationi
376 712 586 758 conducat,
631 711 820 750 adhaeres
851 712 1126 762 aequabilitati
1165 722 1361 761 motuum,
1406 725 1523 770 quam
1554 711 1669 752 tradit
1706 716 1942 753 astronomia

147 777 284 821 vetus,
315 771 406 810 hinc
437 775 511 818 est,
544 770 648 819 quod
680 770 915 808 celeritatem
947 771 1134 821 cujusque
1166 773 1351 811 aestimas
1381 783 1427 811 ex
1458 777 1628 822 tempore
1661 772 1822 822 reditus,
1863 784 1941 811 non

147 831 264 880 igitur
294 841 445 868 mecum
477 831 514 866 in
547 828 674 877 globis
706 829 801 878 ipsis
833 828 1096 878 planetarum,
1136 830 1204 868 sed
1237 842 1321 868 cum
1352 832 1602 880 scriptoribus
1640 830 1875 869 theoriarum
1904 835 1942 869 et

147 900 235 936 cum
264 887 475 927 Aristotele
508 878 546 924 i'n
579 889 821 925 concentrico
857 889 1031 936 versaris,
1065 891 1131 937 qui
1163 889 1350 938 cujusque
1381 887 1561 938 planctae
1591 894 1764 939 systema
1794 888 1948 930 claudit.

146 947 315 985 exterius
354 947 549 996 vehitque.
613 946 732 994 Atqui
777 951 858 983 toto
899 947 954 984 sic
995 951 1141 984 erratur
1180 947 1309 995 coclo3
1352 945 1551 996 rejiciendi
1586 951 1678 987 sunt
1718 959 1766 986 ex
1809 949 1937 985 animo

143 1004 267 1049 fictitii
308 1005 441 1052 orbes,
487 1003 798 1054 amplectendum
837 1014 883 1041 ex
919 1003 1007 1043 libri
1047 1007 1122 1043 mei
1156 1004 1201 1042 V.
1243 1007 1370 1055 capite
1402 1007 1439 1043 3.
1473 1006 1627 1044 axioma
1660 1005 1698 1044 6.
1739 1004 1807 1043 fol.
1841 1007 1937 1053 2⁴78,

144 1075 222 1101 non
254 1065 346 1112 quia
377 1063 416 1101 id
447 1063 601 1101 axioma
633 1073 760 1099 meum
792 1066 861 1109 est,
893 1062 961 1100 sed
993 1064 1086 1113 quia
1115 1065 1215 1101 ratio
1248 1065 1460 1102 certissima
1490 1063 1716 1103 coelestium
1748 1063 1938 1102 observa-

145 1123 294 1159 tionum
325 1121 374 1159 ad
407 1120 576 1159 calculos
608 1125 792 1158 revocata
824 1119 870 1158 de
902 1121 1104 1169 ipsissimis
1137 1121 1378 1172 planetarum
1409 1122 1634 1172 corporibus
1658 1126 1834 1170 testatur,
1868 1133 1938 1160 ve-

143 1188 228 1218 rum
270 1191 355 1218 esse
397 1181 563 1218 axioma.
626 1178 754 1228 Quare
798 1179 870 1216 etsi
909 1179 1004 1217 nihil
1045 1179 1158 1231 plane
1203 1180 1386 1219 dixissem
1431 1182 1467 1218 in
1500 1180 1756 1230 explicatione
1799 1185 1936 1218 cantus

143 1238 303 1287 humani
332 1238 379 1277 de
411 1239 598 1276 mensuris
628 1243 855 1286 temporum,
887 1236 1015 1275 nullus
1047 1239 1136 1277 hinc
1167 1250 1270 1276 error
1300 1241 1339 1276 in
1368 1238 1509 1277 librum
1530 1239 1578 1278 V.
1612 1240 1728 1288 inque
1759 1244 1935 1277 contem-

144 1297 384 1354 perationem
413 1301 588 1334 motuum
619 1295 844 1334 coelestium
876 1295 1137 1335 harmonicam
1168 1296 1410 1336 redundaret.

260 1354 329 1392 Ad
360 1354 604 1405 Analysin
637 1353 706 1391 VI.
767 1353 852 1391 Non
885 1353 991 1391 solus
1023 1366 1116 1404 ego,
1161 1354 1350 1403 Roberte,
1394 1355 1554 1393 minima
1596 1353 1803 1392 intervalla
1843 1336 1937 1404 pro-

144 1414 327 1451 nunciavi
358 1413 538 1460 dissona,
580 1412 676 1450 dixit
706 1410 808 1450 idem
846 1417 935 1450 ante
966 1424 1027 1450 mc
1058 1413 1306 1452 Ptolemaeus
1349 1424 1560 1463 omnesque
1598 1411 1697 1451 adeo
1730 1413 1935 1462 scriptores

144 1471 370 1509 harmonici.
431 1470 532 1509 Vide
557 1478 618 1508 *ne
650 1471 790 1508 frustra
824 1474 862 1508 te
894 1470 1109 1520 profitearis
1150 1478 1380 1510 assertorem
1412 1473 1679 1520 antiquorum,
1723 1476 1765 1509 ut
1807 1477 1940 1510 contra

146 1540 245 1579 quos
276 1529 339 1576 hic
369 1529 469 1568 ultro
501 1540 666 1579 pugnas.
1228 1574 1229 1577 Ἴ
1624 1569 1629 1578 ι

261 1587 338 1627 Sed
377 1588 527 1637 explica
567 1592 636 1624 tua
674 1587 865 1624 contraria
902 1592 1140 1635 argumenta.
1219 1586 1257 1639 l)
1294 1588 1447 1636 Tonus,
1486 1588 1564 1634 ais,
1615 1590 1708 1625 tono
1749 1592 1939 1627 consonat

146 1658 270 1696 aeque
300 1651 519 1695 temperato
550 1646 605 1684 ad
634 1646 864 1683 unisonum.
926 1643 1048 1683 Ludis
1088 1647 1432 1695 aequivocatione;
1474 1651 1590 1684 tonus
1619 1643 1683 1691 hic
1724 1644 1794 1683 tibi
1838 1643 1938 1684 idem

147 1704 347 1754 estquod
388 1716 527 1750 sonus,
575 1705 757 1742 terminus
796 1714 865 1752 pro
909 1702 1127 1742 intervallo.
1190 1704 1286 1743 Cum
1326 1704 1424 1743 duae
1467 1701 1634 1745 chordae
1673 1702 1821 1741 faciunt
1851 1699 1939 1741 uni-

150 1773 311 1811 sonum,
343 1762 591 1801 intervallum
624 1762 687 1800 hic
719 1760 868 1798 nullum
900 1767 957 1799 est
990 1773 1114 1812 eoque
1144 1773 1221 1801 non
1255 1768 1384 1814 potest
1415 1762 1490 1801 dici
1519 1767 1654 1810 tonus3
1692 1765 1807 1799 tonus
1838 1763 1941 1800 enim

148 1826 208 1859 est
238 1833 357 1859 unum
400 1833 445 1859 ex
484 1820 711 1858 intervallis.
774 1819 827 1857 At
865 1819 1077 1858 harmonici
1117 1824 1250 1859 tonum
1283 1821 1480 1859 dissonum
1520 1819 1653 1859 dicunt
1681 1817 1938 1870 intervallum,

150 1879 260 1929 cujus
302 1879 401 1917 duae
442 1890 579 1927 voceS,
624 1884 716 1916 tono
757 1877 966 1926 distantes,
1008 1880 1105 1916 inter
1143 1891 1184 1918 se
1217 1879 1428 1918 dissonant.
1490 1879 1534 1928 2)
1567 1876 1832 1916 semitonium
1863 1877 1940 1915 ad-

146 1936 275 1975 ditum
314 1937 537 1976 harmoniis
575 1936 784 1975 nonnuliis
819 1936 920 1986 facit
960 1937 1086 1974 aliam
1125 1937 1410 1986 harmoniam5
1459 1947 1678 1975 consonum
1721 1936 1847 1984 iyitur
1885 1940 1941 1973 est

145 1995 419 2034 intervallum.
481 1995 681 2042 Effectum,
713 1993 894 2040 Roberte,
926 2005 1002 2032 non
1033 2000 1135 2032 recte
1168 1996 1388 2034 consideras
1419 2006 1488 2044 pro
1511 2005 1640 2033 causa.
1702 1983 1801 2031 Sunt
1820 1995 1939 2031 inter-

144 2053 251 2092 valla
283 2055 556 2092 consonantias
588 2052 886 2101 distinguentia,
931 2064 955 2089 a
985 2064 1062 2102 quo
1095 2052 1221 2091 officio
1255 2055 1464 2099 concinna,
1497 2050 1659 2101 ἑμμελη,
1692 2050 1766 2089 dici
1797 2051 1936 2099 solent,

147 2116 187 2149 at
218 2123 294 2150 non
327 2123 509 2160 consona,
543 2125 743 2161 συμφωνα.
806 2109 950 2148 Moneo
981 2111 1166 2149 lectorem
1186 2123 1326 2159 meum,
1359 2123 1406 2150 ne
1437 2110 1499 2148 hic
1519 2114 1556 2148 te
1577 2108 1722 2157 audiat,
1755 2110 1819 2159 qui
1843 2120 1938 2148 con-

147 2170 339 2209 fusionem
372 2170 457 2208 vuit
489 2171 625 2217 vitare,
659 2168 750 2206 dum
783 2179 883 2218 quae
915 2174 1005 2206 sunt
1035 2168 1182 2217 eadem,
1216 2175 1256 2208 tu
1288 2170 1503 2220 promiscue
1534 2172 1572 2207 et
1597 2179 1767 2206 consona
1797 2167 1937 2217 appel-

147 2227 206 2266 las
238 2233 276 2267 et
306 2227 475 2267 dissona.
487 2224 540 2279 S²³)

268 2285 332 2324 Ad
365 2285 619 2336 Analysin
653 2284 743 2322 VII.
806 2283 1018 2322 Causarum
1049 2295 1128 2321 una
1159 2289 1217 2322 est
1246 2283 1380 2334 procul
1412 2283 1551 2335 dubio,
1588 2295 1653 2322 cur
1682 2284 1817 2333 praxin
1849 2294 1936 2321 mu-

149 2345 253 2383 sicae
293 2345 583 2394 compositionis
622 2355 697 2382 non
737 2343 950 2393 attigerim,
994 2341 1096 2391 quod
1137 2344 1207 2379 sim
1240 2342 1323 2391 ejus
1352 2344 1509 2392 ignarus
1551 2347 1589 2380 et
1626 2343 1665 2378 in
1706 2340 1781 2380 hoc
1821 2353 1936 2392 opere

149 2403 436 2441 inexercitatus.
499 2403 555 2440 Ex
597 2402 737 2452 quibus
778 2406 906 2438 tamen
948 2404 988 2437 tu
1027 2400 1278 2448 stiymatibus
1322 2412 1491 2449 operum
1531 2411 1711 2438 meorum
1750 2397 1846 2437 hoc
1853 2400 1936 2438 sine

145 2472 234 2499 mea
264 2461 505 2499 consessione
536 2461 632 2510 prob
636 2458 761 2498 assis?
822 2458 927 2497 Cedo
968 2458 1179 2496 cantilenas
1210 2471 1234 2496 a
1259 2457 1504 2508 Pythagora,
1550 2457 1801 2512 Ptolemaeo,
1834 2456 1935 2495 Por-

149 2518 288 2569 phyrio
322 2520 570 2568 compositas.
632 2519 692 2555 An
724 2518 841 2566 igitur
882 2520 920 2554 et
950 2516 1020 2554 hos
1060 2528 1083 2553 a
1115 2515 1265 2555 theoria
1294 2516 1479 2565 repellis?
1541 2514 1574 2554 O
1604 2514 1774 2554 misellos
1805 2509 1936 2564 philo-

149 2577 305 2626 sophos,
338 2578 401 2626 qui
436 2576 483 2615 de
515 2577 719 2614 creationis
752 2586 866 2623 opere
897 2573 1182 2623 speculationes
1214 2585 1303 2612 suas
1336 2574 1567 2622 obtrudunt,
1600 2585 1685 2626 cum
1717 2573 1933 2611 creaverint

150 2636 223 2685 ipsi
255 2631 432 2683 mint-²⁹)
493 2634 649 2672 Scilicet
680 2634 794 2671 etiam
826 2633 864 2668 in
896 2631 1029 2678 oculis,
1063 2633 1178 2669 etiam
1210 2633 1248 2669 in
1270 2634 1507 2682 experientia
1534 2633 1659 2682 operis
1680 2631 1796 2669 alieni
1816 2630 1935 2669 habet

150 2705 263 2731 suum
301 2693 450 2731 theoria
491 2691 720 2730 subsidium.
780 2690 839 2727 De
881 2695 1007 2727 cetero
1048 2690 1208 2737 ignosco
1255 2691 1457 2729 acerbitati
1489 2696 1578 2728 tuae
1619 2690 1657 2726 in
1691 2688 1934 2727 assumendis

149 2752 245 2789 meis
278 2750 616 2790 extenuationibus
655 2747 940 2798 augendisque;
986 2748 1129 2796 quippe
1166 2748 1353 2797 scripsisti
1391 2751 1524 2786 iratus.
1584 2747 1644 2785 Tu
1676 2746 1848 2796 quidem,
1890 2751 1932 2784 ut

150 2809 212 2847 hic
253 2814 290 2847 et
329 2810 367 2846 in
410 2809 671 2859 superioribus
713 2810 889 2856 apparet,
935 2806 1063 2853 magni
1103 2806 1197 2843 facis
1228 2808 1495 2857 proportiones
1535 2806 1651 2844 etiam
1682 2804 1790 2853 illas,
1834 2814 1931 2852 quas

150 2866 326 2905 homines
358 2869 395 2904 in
426 2869 527 2905 notis
559 2867 715 2904 musicis
747 2863 1046 2910 constituerunt,
1085 2863 1217 2912 qualia
1249 2863 1359 2915 plura
1388 2864 1487 2903 libro
1517 2874 1604 2902 meo
1635 2861 1704 2900 IV.
1735 2862 1800 2900 sol.
1834 2861 1930 2908 228,

154 2936 253 2973 quae
285 2930 386 2963 certe
415 2936 491 2963 non
523 2924 611 2964 ideo
641 2924 786 2974 probae
817 2926 906 2959 sunt
937 2922 1222 2970 proportiones,
1262 2923 1355 2972 quia
1383 2934 1460 2960 non
1492 2923 1546 2960 ita
1584 2920 1715 2959 multis
1745 2923 1833 2957 ante
1865 2930 1930 2956 se-

153 2981 247 3020 culis
288 2996 311 3020 a
344 2982 522 3021 Guidone
555 2983 687 3021 Aretio
729 2982 919 3028 sociisque
959 2983 1048 3015 sunt
1085 2978 1231 3018 electae
1271 2979 1320 3018 ad
1359 2984 1513 3018 cantum
1550 2976 1814 3026 scribendum,
1859 2975 1929 3016 sed

152 3041 244 3090 quia
274 3042 470 3079 imitantur
500 3040 578 3080 alia
609 3039 800 3091 quaedam
829 3042 989 3076 naturae
1021 3047 1089 3075 seu
1120 3037 1195 3076 Dei
1226 3039 1406 3076 creatoris
1438 3048 1565 3088 opera.
