1988 3276
142 123 197 162 46
649 116 836 167 Epistolae
857 117 1006 166 Kepleri
1030 119 1252 166 aliorumque
1275 124 1421 157 mutuae

144 239 308 289 quisitis.
370 237 423 277 At
451 237 584 278 Solem
613 242 652 278 et
680 250 751 279 nos
781 244 821 280 et
851 241 975 280 omnis
1003 239 1248 291 planetarum
1278 239 1416 280 chorus
1447 237 1709 289 circumimus,
1740 240 1778 280 ei
1806 238 1929 280 veluti

143 297 395 346 famulantes,
437 297 521 346 ejus
557 299 713 348 propria
746 298 895 339 familia
930 304 969 338 et
1004 298 1212 350 peculium.
1271 297 1419 349 Quodsi
1462 297 1618 349 gentilis
1658 309 1784 338 essem
1821 302 1860 337 et
1895 300 1930 337 01

143 356 239 394 nihil
276 355 393 406 plane
432 367 479 394 ex
509 356 759 396 instructione
788 356 1007 396 Christiana
1036 357 1276 406 hausissem,
1318 357 1505 406 dicerem,
1546 351 1587 396 in
1624 355 1728 396 hunc
1769 355 1933 408 globum

144 416 264 454 totius
294 412 427 452 mundi
457 416 831 464 praestantissimum
859 420 992 466 patere
1022 416 1134 456 nobis
1163 415 1466 466 Wackheriique
1503 415 1697 455 similibus
1725 415 1930 455 animabus

145 484 354 513 recessum.

144 591 167 630 b
258 530 336 570 Sed
350 541 522 628 tmanum
562 529 610 570 de
641 531 787 572 tabula.
847 532 949 573 Nam
990 533 1073 572 toni
1103 531 1291 572 coelestes
1326 536 1418 571 sunt
1448 530 1684 584 exprimendi
1721 531 1932 582 schemati-

170 602 215 629 us
245 590 349 629 usita
367 591 418 628 is:

212 683 1853 904 ¹352&ssssssssssss

214 986 221 1000 ,
259 954 345 993 Ima
374 959 467 994 nota
499 958 557 994 est
587 958 715 993 motus
746 953 946 1005 aphelins,
977 966 1127 994 summa
1156 954 1388 1006 perihelius3
1432 966 1524 994 nam
1553 954 1644 995 dum
1674 953 1751 1005 duo
1783 953 1934 1004 durant,

145 1013 362 1053 intermedii
393 1014 510 1054 ceteri
539 1017 749 1052 mutantur.
810 1013 944 1053 Venus
973 1025 1051 1053 non
1081 1018 1230 1053 tantam
1258 1013 1378 1053 habet
1408 1015 1637 1054 varietatem
1664 1018 1860 1062 motuum,
1891 1017 1936 1052 ut

144 1072 210 1112 vel
241 1072 364 1111 diesin
393 1072 558 1121 faciant,
598 1077 786 1122 quantum
815 1077 873 1111 est
902 1073 999 1112 inter
1029 1073 1090 1111 dis
1121 1077 1158 1112 et
1189 1084 1232 1111 e:
1278 1083 1369 1122 ergo
1406 1084 1474 1123 per
1503 1075 1705 1112 unisonum
1747 1076 1838 1111 sunt
1866 1083 1936 1111 ex-

143 1130 334 1183 primendi
370 1130 454 1181 ejus
490 1134 633 1170 motus.
694 1129 933 1179 Quantulam
972 1136 1102 1171 autem
1143 1130 1211 1169 illa
1249 1132 1478 1170 varietatem
1506 1131 1620 1180 facit,
1662 1130 1855 1170 tantulum
1892 1134 1966 1169 et·

146 1190 282 1229 ceteris
322 1189 472 1228 accedit
509 1188 559 1228 ad
588 1189 651 1228 hic
682 1200 866 1239 expressa
904 1189 1109 1229 intervalla
1150 1188 1222 1228 vel‘
1246 1188 1410 1228 decedit.
1469 1188 1644 1240 Suntque
1685 1201 1727 1229 re
1757 1200 1851 1228 vera
1880 1190 1936 1227 sic

147 1248 317 1287 distincti
348 1247 588 1298 singulorum
618 1249 712 1296 toni,
745 1247 907 1287 diversis
936 1259 989 1287 00.
1022 1247 1228 1287 altitudine
1258 1248 1435 1287 clavibus
1468 1250 1507 1286 in
1537 1249 1648 1287 scala
1677 1249 1837 1287 musica.
1888 1245 1938 1285 Et

148 1309 205 1347 sic
234 1318 303 1357 per
331 1311 460 1345 motus
490 1306 669 1357 aphelios
699 1310 739 1345 et
755 1306 964 1356 perihelios
993 1308 1170 1357 signatae
1202 1310 1291 1345 sunt
1314 1305 1445 1346 claves
1467 1304 1515 1355 G,
1546 1306 1583 1355 h,
1614 1318 1646 1355 c,
1679 1306 1716 1354 d,
1748 1318 1780 1355 e,
1810 1306 1868 1356 fis,
1899 1317 1937 1355 9,

145 1366 240 1404 licet
276 1366 315 1403 in
352 1364 507 1404 diversa
545 1364 747 1404 altitudine
787 1369 890 1404 certa
933 1366 1016 1415 vis3
1071 1370 1113 1404 at
1153 1375 1245 1404 vero
1283 1375 1359 1403 non
1399 1368 1459 1404 est
1498 1365 1664 1415 signata.
1729 1363 1937 1403 Praeterea

146 1428 303 1475 propter
333 1424 532 1473 angustias
562 1423 818 1462 Veneriorum
848 1428 887 1462 et
915 1422 1144 1463 Terreorum
1174 1428 1233 1462 est
1255 1422 1319 1462 hic
1337 1423 1456 1462 etiam
1475 1424 1639 1462 mutatio
1670 1427 1806 1462 cantus
1835 1421 1938 1461 mol·

146 1482 196 1521 lis
225 1483 265 1520 in
297 1487 453 1521 cantum
484 1481 634 1530 durum,
665 1482 758 1531 quia
788 1480 932 1531 aphelii
963 1480 997 1534 ὅ
1029 1479 1123 1534 019
1153 1482 1301 1521 faciunt
1330 1482 1428 1520 inter
1451 1492 1495 1520 se
1525 1481 1737 1531 comparati
1757 1485 1937 1520 octavam

148 1541 295 1590 duram,
325 1540 500 1591 perihelii
529 1539 706 1579 mollemz
739 1551 816 1590 quo
847 1541 974 1590 posito
1004 1540 1126 1580 veluti
1156 1539 1299 1579 sceleto
1330 1540 1530 1589 utriusque
1550 1539 1743 1590 planetae,
1774 1544 1818 1578 ut
1845 1538 1937 1590 plu-

146 1601 287 1638 rimum
317 1599 482 1649 apheliis
514 1603 553 1638 et
580 1598 776 1650 periheliis
806 1599 976 1637 motibus
1007 1604 1205 1648 utcunque
1238 1598 1296 1637 bis
1329 1604 1366 1637 et
1399 1599 1455 1637 sic
1485 1599 1524 1636 in
1545 1599 1770 1637 universum
1801 1602 1937 1648 quater

147 1658 197 1698 ad
235 1669 476 1697 communem
514 1669 562 1696 ex
600 1658 777 1696 omnibus
816 1657 985 1708 planetis
1027 1657 1266 1697 harmoniam
1305 1658 1583 1707 contemperari
1624 1660 1800 1707 possunt.
1859 1654 1937 1696 Sed

147 1729 194 1769 sy
234 1728 320 1756 ema
358 1720 523 1766 occupat
558 1716 637 1755 fere
669 1717 693 1754 8
725 1715 934 1766 diapason3
980 1716 1112 1766 itaque
1143 1715 1290 1755 sceleta
1329 1716 1499 1754 omnium
1530 1715 1557 1752 4
1586 1714 1795 1755 formarum
1825 1714 1937 1754 exhi-

148 1776 196 1815 be
228 1786 250 1814 0
288 1776 327 1812 111
364 1786 442 1813 11113
477 1774 562 1813 0013
599 1780 750 1814 octava.
810 1773 888 1813 Sed
925 1773 975 1813 ad
1014 1785 1147 1814 omnes
1186 1774 1426 1813 universales
1455 1773 1676 1812 harmonias
1706 1776 1937 1813 concurrunt

146 1834 328 1884 planetae
367 1844 444 1872 non
484 1833 647 1883 apheliis
687 1837 726 1871 et
761 1833 959 1882 periheliis
998 1834 1167 1872 motibus
1207 1844 1358 1882 omnes,
1400 1831 1468 1871 sed
1508 1831 1665 1881 quidam
1694 1830 1935 1870 intermediis

146 1897 316 1931 tantum:
349 1902 481 1930 omnes
511 1896 640 1930 tamen
672 1890 722 1929 ad
751 1891 904 1929 illarum
934 1902 1052 1930 unam
1081 1892 1205 1930 solam
1220 1890 1341 1929 altero
1372 1901 1419 1929 ex
1440 1891 1634 1930 extremis.
1679 1889 1780 1929 Sunt
1799 1894 1931 1928 autem

147 1951 307 1990 extremi
344 1955 471 1989 motus
501 1951 594 1999 ipsis
637 1949 765 1988 studio
806 1949 1107 1998 accommodati,
1151 1948 1385 1997 intermedii,
1438 1949 1522 1988 sine
1551 1947 1682 1991 studio
1719 1947 1935 1987 ordinantis

147 2009 356 2057 architecti,
388 2009 571 2047 eveniunt
601 2009 829 2047 necessitate
859 2004 1060 2047 motuumx'
1089 2007 1190 2046 datis
1227 2008 1329 2046 enim
1368 2008 1571 2055 extremis,
1615 2017 1775 2046 necesse
1806 2010 1866 2046 est
1898 2011 1936 2045 et

146 2067 295 2107 medios
325 2066 498 2106 concedi.
556 2066 617 2105 De
653 2065 949 2116 particularibus
980 2066 1157 2105 binorum
1187 2065 1250 2105 vel
1280 2066 1466 2104 trinorum
1494 2065 1734 2114 harmoniis,
1778 2075 1857 2103 uno
1888 2075 1936 2103 ex
1969 2064 1974 2069 '

150 2138 219 2166 sex
249 2124 513 2174 discordante,
555 2124 651 2163 nihil
682 2123 787 2174 dico;
828 2129 917 2163 sunt
947 2126 1049 2164 enim
1078 2135 1205 2165 novae
1235 2127 1275 2163 et
1303 2124 1488 2163 eveniunt
1524 2122 1733 2174 pleraeque
1763 2124 1936 2163 necessi-

150 2189 232 2225 tate
261 2188 437 2223 motuum
440 2211 620 2225 .....

268 2277 341 2309 Huc
363 2286 467 2319 usque
491 2277 708 2316 fragmentum
731 2275 915 2318 literarum,
939 2284 1023 2318 quae
1047 2275 1132 2307 eirca
1157 2276 1253 2306 finem
1277 2275 1355 2306 anni
1382 2272 1470 2309 1617
1495 2274 1635 2316 scriptae
1659 2277 1748 2308 sunt.

266 2325 305 2356 In
328 2324 529 2365 praefatione
554 2323 709 2366 diximus,
734 2322 1039 2354 Schickardum
1063 2322 1228 2353 schemata
1250 2322 1410 2364 quaedam
1435 2321 1476 2352 ad
1498 2321 1710 2353 Harmoniam
1733 2320 1935 2363 pertinentia

153 2371 221 2403 aeri
242 2371 467 2412 insculpsisse.
515 2370 694 2411 Keplerum
717 2370 821 2400 multa
845 2378 918 2400 cum
944 2369 983 2400 de
1007 2369 1070 2401 hoc
1094 2378 1192 2409 opere
1215 2371 1286 2400 tum
1312 2369 1351 2400 de
1383 2369 1458 2400 aliis
1482 2368 1602 2400 studiis
1627 2367 1854 2400 astronomicis
1877 2376 1935 2408 per

155 2419 265 2450 literas
299 2427 373 2449 cum
406 2417 604 2450 Schickardo
630 2417 749 2460 egisse,
780 2419 918 2447 testatur
951 2416 1163 2456 epistolarum
1194 2416 1386 2456 fasciculus,
1420 2415 1476 2457 qui
1511 2416 1598 2447 inest
1628 2414 1704 2447 Mss.
1732 2415 1934 2446 Pulkovien-
1971 2434 1981 2436 <

154 2466 246 2498 sibus
269 2473 432 2507 quemque
456 2464 643 2496 Hanschius
674 2465 711 2495 111
735 2463 929 2495 collectione
954 2472 1012 2494 sua
1036 2463 1169 2494 exhibet
1193 2471 1212 2493 a
1235 2463 1293 2494 fol.
1321 2460 1389 2496 668
1411 2462 1446 2492 in
1471 2462 1530 2495 fol.
1557 2459 1635 2496 687.
1682 2461 1813 2493 Praeter
1835 2469 1933 2492 unam

155 2521 230 2544 vero
257 2521 368 2543 omnes
393 2514 470 2542 sunt
493 2519 650 2552 responsa
673 2509 863 2542 Schickardi
889 2509 930 2540 ad
955 2509 1110 2549 epistolas
1134 2509 1286 2549 Kepleri,
1311 2518 1394 2550 quae
1418 2508 1476 2540 illa
1501 2512 1637 2550 excepta
1668 2516 1779 2540 omnes
1803 2510 1934 2548 tempo-

155 2568 226 2591 rum
257 2559 378 2598 injuria
407 2558 587 2598 perierunt.
636 2557 783 2597 Scriptae
814 2559 891 2587 sunt
913 2555 1104 2587 Schickardi
1129 2554 1287 2595 epistolae
1321 2556 1361 2586 ab
1386 2564 1471 2586 anno
1500 2552 1589 2589 1618
1619 2553 1699 2593 (Gal.
1722 2554 1796 2586 Jan.
1823 2563 1853 2586 ν.
1880 2554 1934 2592 st.)

154 2607 190 2637 111
215 2614 336 2637 3111111111
363 2602 450 2639 1625
477 2603 525 2642 (7.
549 2601 666 2646 Sept).
713 2603 761 2634 Ea
790 2612 874 2644 quae
908 2604 1056 2643 superest
1079 2601 1213 2642 Kepleri
1238 2602 1376 2642 epistola
1401 2602 1478 2633 data
1503 2604 1552 2634 est
1575 2601 1607 2634 d.
1636 2599 1689 2635 11.
1713 2600 1807 2632 Mart.
1834 2597 1932 2639 1618,

156 2662 243 2695 quae
266 2652 417 2695 quamvis
440 2660 547 2692 pauca
570 2651 690 2682 habeat
714 2649 754 2681 de
778 2649 967 2691 Harmonia,
993 2652 1102 2680 tamen
1124 2649 1252 2687 integra
1274 2649 1360 2679 infra
1385 2653 1548 2690 sequetur.
1583 2647 1775 2688 Complures
1798 2647 1934 2688 Kepleri

156 2697 312 2740 epistolas
346 2698 387 2730 ad
411 2697 645 2730 Schickardum
671 2694 776 2739 (cujus
805 2698 873 2735 jam
906 2704 1062 2736 responsa
1094 2694 1330 2738 desiderantur)
1362 2694 1634 2736 deprehendimus
1666 2695 1701 2725 in
1731 2694 1935 2725 bibliotheca
1987 2732 1988 2736 Ἰ

156 2745 420 2787 Stuttgartiensi,
445 2754 538 2787 quas,
565 2753 639 2776 cum
660 2744 803 2775 maxima
820 2751 860 2773 ex
877 2745 967 2783 parte
990 2745 1104 2782 typum
1123 2741 1321 2772 Tabularum
1337 2741 1621 2782 Rudolphinarum
1636 2740 1797 2772 attineant
1816 2740 1932 2780 (scrip-

157 2795 207 2824 tae
232 2795 309 2824 sunt
332 2791 447 2824 Ulmae
471 2791 566 2822 annis
590 2786 842 2831 1626-1628),
868 2789 922 2820 1110
944 2789 1019 2819 illas
1044 2797 1110 2819 11011
1134 2788 1323 2819 inserendas
1349 2789 1546 2820 censuimus.
1987 2800 1988 2808 ¹

272 2837 468 2871 Guilielmus
504 2837 680 2870 Schickard
718 2835 908 2879 (Schickart)
945 2838 1039 2866 natus
1077 2837 1126 2866 est
1159 2834 1418 2878 Herrenbergae‚
1461 2834 1583 2875 oppido
1607 2832 1932 2872 Wiirttembergensi,
1987 2869 1988 2872 Ἴ

159 2884 188 2915 d.
214 2882 267 2918 22.
294 2887 374 2926 Apr.
401 2882 505 2927 1592,
539 2884 707 2923 Tubingae
731 2883 824 2914 aba.
851 2879 1078 2916 1610—1613
1102 2881 1286 2920 theologiae
1321 2891 1450 2922 operam
1477 2881 1589 2920 dabat,
1621 2881 1831 2920 praecipuum
1856 2887 1932 2910 vero

159 2932 305 2962 studium
329 2933 461 2971 linguae
485 2932 654 2963 hebraicae
677 2929 898 2970 impendebat.
937 2929 1033 2958 Anno
1054 2925 1143 2961 1614
1170 2927 1327 2960 diaconus
1351 2929 1545 2967 Niirtingam
1571 2927 1700 2964 missus,
1726 2935 1810 2958 anno
1831 2922 1930 2959 1618.

159 2977 342 3016 Tubingam
365 2978 474 3021 rediit,
497 2978 644 3017 linguam
668 2977 852 3008 hebraicam
868 2976 1081 3015 professurus.
1124 2974 1196 3006 Hoc
1219 2983 1352 3006 munere
1378 2975 1567 3016 perfunctus
1593 2977 1642 3004 est
1657 2982 1774 3012 magua
1796 2972 1931 3014 quidem

160 3033 233 3055 cum
255 3022 362 3065 laude,
387 3025 445 3056 sed
468 3025 586 3064 exiguo
611 3024 728 3055 salario
753 3023 895 3062 adiutus,
921 3021 1009 3063 quod
1035 3029 1119 3052 anno
1145 3021 1274 3052 demum
1295 3019 1381 3056 1628
1405 3019 1574 3064 liberalius
1600 3019 1844 3060 suppeditatum
1869 3021 1930 3061 est,

159 3080 225 3111 quo
250 3072 377 3101 senatui
394 3071 596 3110 Tubingensi
621 3069 863 3102 commendatus
888 3078 907 3099 a
932 3067 1114 3099 consilariis
1140 3068 1232 3100 ducis
1251 3066 1535 3106 Wiirttembergici
1561 3067 1593 3096 et
1617 3066 1772 3107 Philippo
1792 3064 1931 3096 Hassiae

161 3116 299 3161 comite,
322 3118 358 3148 in
379 3118 552 3158 collegium
575 3118 840 3159 philosophicum
862 3115 1025 3157 professor
1049 3114 1232 3147 ordinarius
1256 3119 1382 3148 creatus
1398 3117 1456 3146 est.
1496 3113 1558 3145 Per
1581 3121 1710 3154 paucos
1726 3121 1803 3144 vero
1827 3119 1930 3143 3111103
