1994 3276
827 99 834 103 “
883 81 1072 144 Andosin-
1780 89 1878 145 r4453

199 218 287 271 Age
314 229 503 270 namque,
545 218 806 258 conditionem
835 218 908 256 tibi
935 216 1087 261 defero
1116 216 1291 266 regulam
1319 215 1414 256 mihi
1453 219 1692 268 praescribe,
1722 231 1770 260 cx
1798 232 1879 272 qua

83 289 294 330 agnoscam
330 280 372 316 in
410 281 595 316 continno
626 277 873 328 perfectionis
903 286 1043 325 opere,
1084 273 1243 324 quando
1273 275 1448 323 tandem,
1494 288 1573 327 quo
1613 278 1757 317 indicio
1787 290 1878 331 pers

83 339 263 378 veniatur
283 336 342 375 ad
370 342 550 375 exactum
581 346 688 385 aque
712 335 873 384 reliquis
893 333 1117 372 distinctum
1135 333 1299 383 gradum
1318 334 1580 384 perfectionis
1640 336 1875 378 Demonstra

83 398 203 434 etiam
230 394 420 445 moinum
449 394 691 444 singulorum
719 390 1049 442 aequipollentias
1077 391 1287 459 physicas<
1322 391 1425 431 unde
1452 394 1598 441 sciam,
1637 395 1766 434 inesse
1797 396 1876 435 illis

84 453 279 504 quandam
308 454 496 491 rationem
527 452 786 501 aequalitatis.
844 450 910 489 Sic
940 451 1043 488 enim
1077 451 1120 487 in
1150 453 1363 499 geometria
1399 451 1516 500 inque
1554 454 1739 491 continuo
1768 453 1876 493 fluxu

82 513 215 562 puncti
245 511 296 550 ad
325 510 560 560 gignendam
591 510 732 548 lineam
753 509 974 547 demonstro
994 517 1081 556 ego,
1112 507 1270 557 quando
1297 520 1427 558 quove
1458 509 1601 548 indicio
1625 513 1878 562 perveniatur
1927 507 1938 517 ’

83 570 134 609 ad
165 575 343 608 exactam
370 580 473 618 aque
503 569 654 618 reliqua
682 567 811 606 lineae
840 565 1085 615 longitudine
1115 566 1335 605 distinctam
1366 578 1604 614 mensuram,
1637 581 1739 618 quae
1771 570 1876 609 divi-

82 630 231 667 sionem
259 629 299 664 in
330 627 515 666 circulum
545 627 682 665 inferat
712 625 995 672 harmonicam3
1027 623 1250 663 demonstro
1272 626 1404 672 etiam,
1434 632 1565 675 partes
1595 627 1741 674 circuli,
1773 639 1875 678 quae

82 686 246 736 singulis
276 686 491 724 unitatibus
521 685 740 731 afferuntur,
771 694 857 722 esse
887 682 1128 731 longitudine
1147 682 1348 732 aequales.
1406 683 1519 723 Tunc
1548 684 1771 733 concedam,
1803 686 1875 725 tibi

82 755 160 783 non
194 745 322 781 minus
361 754 478 792 quam
517 742 613 781 mihi
650 754 696 781 ex
727 743 895 779 numeris
934 742 991 778 sic
1022 741 1197 779 formatis
1227 752 1355 790 eoque
1387 742 1632 791 formalibus
1660 749 1876 783 concentus

81 805 126 841 in
154 803 310 840 mmiea
338 807 519 840 constare
547 806 584 839 et
609 803 653 838 in
683 802 734 838 iis
755 801 892 847 jacere
921 801 1042 838 totius
1068 799 1330 837 harmonicae
1359 803 1548 838 essentiae
1575 806 1781 839 secretum.

195 860 279 898 Etsi
310 859 385 898 hoc
414 861 487 897 erit
517 858 759 897 liberalitatis
796 868 920 896 meae.
978 856 1080 895 Nam
1110 868 1265 906 possem
1304 857 1432 896 adhuc
1462 858 1641 908 obloqui,
1687 859 1875 908 gradihus

83 917 160 956 illis
195 918 471 968 perfectionum
513 918 550 954 in
590 922 729 954 natura
768 917 898 965 potius
940 926 987 953 ex
1029 915 1091 953 his
1130 916 1227 954 meis
1265 916 1563 955 formationibus
1600 919 1874 967 quantitativis

82 977 298 1015 accessisse
328 976 669 1014 determinationes
698 973 809 1018 illas,
842 985 960 1022 qnam
992 978 1033 1011 ut
1062 974 1235 1012 musicae
1264 980 1420 1013 nostrae
1450 981 1708 1014 concentuum
1738 978 1875 1015 suavi-

81 1040 144 1073 tas
173 1036 307 1072 veniat
333 1045 381 1072 ex
412 1033 488 1071 illis
519 1033 703 1083 gradibus
733 1032 1002 1081 perfectionis,
1031 1037 1249 1081 propterea,
1281 1033 1375 1081 quia
1404 1034 1645 1081 quantitates
1670 1035 1714 1077 ,in
1743 1041 1874 1074 mente

81 1098 173 1130 sunt
199 1091 464 1141 mundumque
502 1091 740 1141 praecedunt
769 1097 812 1128 ut
843 1090 1062 1139 archetypi,
1101 1095 1143 1128 at
1171 1090 1419 1139 perfectionis
1453 1091 1596 1140 gradus
1633 1097 1723 1130 sunt
1754 1103 1874 1142 opera

82 1149 216 1189 mundi
238 1150 326 1198 {am
356 1150 569 1188 constituti.
630 1148 717 1187 Non
747 1149 863 1197 igitur
892 1149 1101 1194 assentior,
1142 1159 1228 1186 cum
1259 1149 1335 1195 ais,
1366 1149 1450 1187 sine
1481 1150 1701 1199 cognitione
1731 1150 1870 1189 horum

80 1219 337 1255 numerorum,
368 1208 435 1257 qui
464 1206 614 1246 scilicet
642 1218 667 1244 a
695 1206 880 1255 gradibus
910 1206 1157 1255 perfectionis
1178 1211 1339 1244 naturae
1370 1206 1595 1255 formantur,
1626 1209 1871 1258 impossihile

81 1277 189 1314 esse,
229 1265 277 1305 de
315 1267 463 1304 musica
497 1266 581 1304 sive
622 1263 818 1303 mundana
859 1265 944 1301 sive
974 1263 1166 1302 artificiali
1202 1265 1274 1302 rite
1299 1263 1488 1314 judicare.
1548 1265 1648 1304 Nam
1688 1268 1722 1304 si
1753 1267 1870 1306 modo

81 1326 159 1363 sint
189 1326 350 1372 numeri,
382 1330 426 1362 ut
454 1329 581 1368 tecum
611 1323 762 1371 loquar,
792 1322 957 1368 formati,
989 1323 1117 1360 verius
1137 1323 1305 1361 concreti
1333 1324 1617 1372 quantitatibus
1638 1325 1872 1364 mentalibus

82 1387 121 1420 et
149 1381 428 1432 archetypicis,
458 1382 670 1420 rectissime
702 1392 748 1418 ex
779 1382 826 1418 iis
858 1380 906 1418 de
937 1382 1041 1417 omni
1071 1381 1223 1419 musica
1247 1379 1416 1429 Judicari
1437 1386 1567 1431 potest
1597 1383 1793 1433 etiamque
1824 1383 1872 1423 de

81 1439 159 1479 illis
187 1441 282 1490 ipsis
311 1440 388 1478 tuis
417 1439 602 1488 gradibus
632 1438 910 1489 perfectionum
939 1443 1115 1477 naturae.

195 1497 298 1536 Illud
328 1499 446 1536 etiam
476 1496 596 1547 paulo
627 1496 721 1534 mihi
751 1501 811 1535 est
839 1495 1088 1544 insolentius,
1119 1494 1238 1545 quod,
1271 1506 1368 1545 qnos
1399 1508 1474 1547 ego
1503 1509 1684 1537 numeros
1714 1499 1872 1550 appello

57 1558 70 1572 ’·
81 1555 309 1603 abstractos,
340 1562 382 1595 tu
412 1554 632 1593 materiales
662 1560 701 1592 et
730 1554 894 1593 sensiles
923 1554 1111 1604 appellas.
1173 1553 1309 1592 Omnis
1339 1566 1542 1603 numerus,
1576 1562 1620 1594 ut
1650 1558 1703 1595 sit
1731 1569 1871 1596 numeo

81 1625 159 1660 rus,
190 1615 309 1652 menti
340 1615 469 1652 inesse
501 1613 637 1659 debet,
668 1618 710 1649 ut
742 1612 855 1650 docet
887 1612 1135 1658 Aristoteles;
1177 1613 1215 1648 in
1245 1613 1424 1651 sensibus
1459 1615 1575 1663 inque
1602 1617 1767 1654 materia
1795 1627 1871 1653 nu-

70 1682 210 1710 merus
240 1677 417 1718 nonest,
448 1671 515 1710 sed
547 1672 715 1708 unitates
747 1670 955 1720 dispersae.
1016 1669 1170 1708 Videris
1201 1670 1318 1707 etiam
1349 1670 1503 1709 titulum
1529 1672 1701 1710 formalis
1721 1675 1870 1712 numeri

80 1730 314 1768 confundere
345 1740 432 1767 cum
454 1728 700 1767 distinctione
721 1728 789 1766 illa
810 1727 1072 1775 Aristotelica,
1103 1739 1190 1766 cum
1224 1727 1506 1778 Pythagoricos
1546 1731 1602 1767 ait
1632 1741 1736 1769 nunc
1761 1730 1870 1781 loqui

83 1787 130 1826 de
160 1789 329 1826 numeris
359 1789 441 1825 suis
470 1792 514 1825 ut
542 1787 776 1833 numerosis,
806 1796 909 1823 nunc
938 1791 981 1823 ut
1011 1785 1059 1823 de
1088 1785 1283 1832 formatis,
1315 1792 1359 1824 ut
1387 1787 1426 1824 in
1458 1787 1616 1826 denario
1648 1788 1870 1828 considera-

81 1851 144 1884 tur
174 1845 234 1884 vel
265 1845 471 1883 multitudo
502 1846 693 1883 unitatum
724 1844 787 1882 vel
816 1844 954 1894 figura.

194 1903 327 1952 Negas
375 1910 413 1941 te
453 1905 532 1941 vim
573 1902 859 1940 harmoniarum
903 1907 1056 1939 tuarum
1103 1912 1151 1939 ex
1195 1903 1364 1940 numeris
1408 1902 1614 1942 abstractis
1656 1905 1868 1956 accepisse.
1922 1907 1926 1910 “

82 1959 218 2010 Neque
247 1962 323 1999 hoc
352 1973 425 2011 ego
455 1961 571 2011 plane
600 1962 654 1998 ita
687 1959 784 2006 dixi,
828 1959 897 1998 sed
926 1970 1014 1997 cum
1044 1957 1245 1997 didicisses
1276 1971 1324 1997 ex
1354 1962 1571 2009 veteribus,
1602 1962 1703 2001 inter
1730 1973 1869 2002 nume-

83 2029 146 2056 ros
177 2021 202 2057 3
228 2025 273 2058 ‘et
303 2021 330 2056 4
360 2031 444 2058 esse
475 2020 760 2069 proportionem
791 2017 1072 2063 harmonicam,
1114 2027 1240 2065 neque
1281 2018 1549 2064 observasses,
1591 2019 1667 2057 illis
1700 2022 1868 2059 unitates

85 2086 218 2115 omnes
249 2079 286 2114 in
316 2076 576 2127 applicatione
606 2076 724 2114 fuisse
754 2075 940 2125 aequales
970 2074 1210 2124 longitudine
1241 2075 1482 2123 chordarum,
1514 2077 1606 2125 dixi,
1638 2083 1677 2116 te
1708 2077 1868 2117 dimissa

83 2134 320 2184 aequalitate
361 2137 619 2184 quantitativa
659 2134 877 2184 applicasse
914 2143 1094 2171 numeros
1134 2134 1238 2182 ipsos
1271 2135 1316 2181 3,
1359 2135 1386 2171 4
1408 2146 1509 2173 -cum
1539 2136 1754 2173 unitatibus
1784 2137 1866 2174 suis

82 2193 258 2241 partibus
288 2192 440 2240 mundi,
483 2204 559 2230 non
591 2192 758 2242 amplius
788 2194 887 2230 inter
915 2203 956 2230 se
986 2190 1229 2240 aequalibus.
1288 2191 1382 2230 Jam
1419 2192 1518 2230 nihil
1546 2195 1723 2240 interest,
1763 2193 1866 2232 unde

83 2255 125 2287 tu
155 2252 237 2288 vim
269 2250 328 2288 his
356 2253 525 2289 numeris
556 2250 844 2297 conciliaveris,
883 2261 976 2287 num
1006 2261 1053 2287 ex
1084 2260 1131 2287 eo
1162 2249 1312 2298 solum,
1352 2251 1457 2300 quod
1497 2257 1588 2289 sunt
1617 2253 1784 2298 numeri,
1823 2257 1866 2290 ut

84 2313 248 2354 veteres,
279 2320 329 2346 an
359 2320 408 2347 ex
437 2307 513 2346 illis
544 2307 727 2357 gradihus
757 2308 1033 2358 perfectionum
1064 2307 1322 2356 naturalium
1352 2308 1510 2357 sufficit,
1543 2310 1787 2347 occasionem
1813 2309 1865 2347 ab

84 2365 178 2414 ipsis
208 2366 403 2404 veteribus
432 2371 470 2404 te
499 2367 657 2417 petiisse
697 2365 892 2404 deferendi
921 2366 1101 2402 numeris.

200 2424 281 2473 Ego
311 2424 402 2470 tihi,
431 2426 485 2461 mi
513 2424 703 2470 Roberte,
733 2424 874 2471 fateor,
906 2434 992 2461 cum
1023 2423 1150 2470 agitur
1179 2420 1226 2459 de
1257 2421 1482 2460 certitudine
1513 2423 1865 2472 comprehensionis

8 2500 11 2502 ·
84 2491 229 2527 rerum,
261 2481 411 2518 elatum
439 2493 502 2519 mc
531 2493 607 2519 esse
637 2483 791 2519 omnino
821 2483 1009 2529 opinione
1038 2490 1115 2517 non
1144 2491 1234 2516 mea
1240 2508 1254 2527 ,
1293 2479 1362 2516 sed
1392 2481 1584 2518 communi
1616 2481 1864 2520 mathemati-

86 2549 215 2576 corum
246 2540 436 2585 omnium‚
475 2544 519 2576 ut
547 2550 802 2588 quaecunque
832 2543 874 2576 tu
905 2544 1048 2576 tractas
1079 2536 1350 2575 mathematica
1380 2549 1485 2576 more
1515 2538 1757 2586 Hermetic0,
1794 2551 1864 2578 seu

0 2599 11 2631 ἴ
83 2597 275 2633 strictiora
304 2607 376 2634 seu
406 2597 635 2642 remissiora,
667 2598 706 2633 in
736 2602 931 2634 contemtu
963 2596 1140 2642 habeam,
1171 2594 1288 2643 idque
1319 2606 1396 2633 non
1428 2595 1519 2634 odio
1549 2608 1673 2635 rerum
1692 2598 1863 2646 ipsarum

0 2659 9 2704 ξ
56 2652 390 2692 ,Hermeticarum
430 2664 499 2691 seu
529 2656 796 2703 mysteriorum
831 2660 1012 2701 naturae,
1053 2652 1122 2691 sed
1152 2653 1202 2690 ob
1232 2652 1272 2689 id
1308 2655 1454 2702 ipsum,
1495 2655 1588 2703 quia
1625 2665 1698 2693 nec
1727 2665 1864 2704 capere

85 2710 357 2749 mathematica
396 2712 472 2747 nisi
508 2722 575 2760 per
612 2710 954 2750 demonstrationes
995 2710 1308 2756 mathematicas,
1352 2722 1423 2749 nec
1461 2712 1499 2748 in
1538 2712 1764 2760 penetralia
1802 2714 1865 2750 tui

85 2769 282 2807 Her-metis
311 2770 545 2817 opacissima
574 2769 696 2806 oculis
724 2770 1009 2807 mathematicis
1038 2770 1229 2818 inspicere
1257 2779 1426 2816 unquam
1453 2768 1581 2807 didici.
1631 2769 1730 2808 Nam
1750 2774 1863 2819 post-

86 2829 203 2875 quam
232 2827 362 2863 omnia
397 2830 466 2863 tua
493 2824 587 2862 mihi
618 2837 734 2873 quam
764 2826 1055 2875 diligentissime
1091 2828 1250 2863 rimatus
1281 2837 1365 2863 esse
1406 2826 1559 2874 videor,
1601 2838 1759 2865 somnus
1789 2828 1863 2866 oh-

18 2896 23 2908 ·
86 2885 197 2934 repit,
228 2883 454 2929 obliviscor,
486 2893 584 2931 quas
613 2888 656 2919 tu
683 2883 937 2922 formalitates
968 2885 1074 2923 dicas
1106 2886 1295 2921 unitatum
1325 2888 1498 2929 tuarum,
1542 2895 1657 2933 quem
1686 2885 1862 2935 spiritum

4 2963 18 2993 4
88 2941 312 2986 formalem,
347 2951 424 2988 quo
454 2940 562 2977 illum
593 2941 737 2988 ingenii
767 2943 967 2980 conamine
1008 2955 1055 2980 ex
1086 2953 1162 2990 qua
1203 2943 1263 2978 rei
1292 2941 1409 2978 litera
1450 2941 1672 2980 eruendum.
1733 2942 1862 2992 Quare

87 3009 149 3037 me
177 2998 406 3047 recolligens
435 2998 485 3035 ab
515 2998 589 3036 hoc
617 3008 751 3035 somno
782 3004 993 3048 temperare
1023 3000 1115 3037 mihi
1137 3010 1212 3036 non
1242 3009 1411 3047 possum,
1444 3001 1535 3048 quin
1573 3000 1763 3049 omnibus,
1794 3003 1862 3051 qui

90 3055 314 3095 certitudine
344 3055 515 3105 gaudent
551 3056 951 3106 comprehensionum,
992 3064 1030 3096 et
1059 3057 1229 3106 linguam
1267 3061 1306 3095 et
1341 3055 1475 3095 modos
1505 3058 1863 3099 mathematicorum

157 3133 280 3167 Kepleri
295 3134 395 3167 Opera
410 3133 447 3161 V.
1473 3116 1479 3121 ἢ
1601 3128 1654 3166 29
