1988 3276
821 84 1094 152 nunno-5.
1790 116 1847 158 35

258 261 263 267 .
313 230 464 266 Ponbni
1063 259 1068 262 .
1134 233 1286 266 Portionl

157 318 161 322 ·
196 303 349 341 ,ιιυνιιιι
392 304 550 344 ungros
809 289 811 292 ’
1023 285 1188 336 Μαι-Τ
1217 288 1374 344 Lo'ugiou

314 350 431 384 Partes
570 349 581 364 ¹³
1137 350 1251 383 Parus

269 395 292 432 1
441 395 497 432 15.
566 395 783 429 aberrabunt
1088 395 1126 435 ,5.
1263 394 1320 430 11.
1389 396 1606 430 dissonabunt

269 441 305 478 2.
445 438 837 486 14.·ξαιιιιιιιᾱ7
1093 442 1128 478 6.
1266 442 1324 478 10.
1393 440 1657 478 estut3ad5

277 487 313 524 3.
452 489 507 525 13.
575 489 792 523 dissonabunt
1095 488 1127 523 7.
1286 487 1319 524 9.
1389 489 1607 522 dissonabunt

274 535 311 571 4.
451 534 505 571 12.
573 539 624 569 ιιι
646 539 683 568 ιι
709 534 726 568 1
751 535 794 567 ιιι
816 532 838 568 3
1093 534 1128 570 8.
1286 534 1321 571 8.
1390 540 1442 568 ost
1463 540 1501 568 ut
1523 535 1542 569 1
1568 535 1612 568 ad
1637 534 1654 569 1

193 583 306 636 Quas
331 584 518 625 haeum
544 588 635 623 sunt
653 583 767 631 dicta,
797 593 846 621 ea
862 594 1045 634 praesens
1065 582 1211 624 tabella
1230 582 1458 635 compendio
1481 583 1676 634 proponit.
1722 580 1849 622 Unius

79 644 183 683 ssim
210 642 262 685 td
290 654 409 684 mm
437 643 633 695 proportio
662 647 722 682 ent
748 640 985 682 harmonica.
1019 646 1179 690 (Eandem
1207 646 1263 679 hic
1285 645 1449 689 Koplarm
1479 647 1613 679 exhibet
1642 654 1850 679 numeroru-

78 707 374 749 nonnum,
398 715 497 748 quan
518 703 617 747 supa
638 715 673 747 p.
696 702 765 742 23.)
822 699 1036 751 compositi
1062 701 1214 740 termini
1238 702 1258 738 l
1291 705 1332 740 et
1361 702 1383 740 l
1415 699 1586 740 efficiunt
1605 701 1645 748 2,
1675 700 1742 749 qui
1769 704 1851 738 ter-

79 761 207 800 minus
235 762 277 800 in
303 760 474 802 secundo
503 758 705 810 complexu
735 757 795 797 bis
812 760 969 808 ponitur
997 764 1042 798 et·
1060 759 1144 809 jam
1171 761 1220 798 iis
1239 766 1496 810 comparatur,
1526 770 1552 798 a
1571 758 1714 808 quibus
1742 767 1852 796 com-

78 820 247 870 ponitur,
274 830 332 860 ac.
362 831 451 860 cum
482 821 502 857 l
535 824 576 858 et
606 819 642 856 1.
701 814 767 855 Sic
795 818 945 857 termini
973 817 1132 856 secundi
1160 817 1383 868 complexus
1410 819 1429 856 1
1463 823 1504 856 et
1523 818 1548 854 2
1579 816 1783 867 compositi
1812 816 1852 854 in

80 879 195 918 tertio
222 877 426 930 complexu
455 876 549 916 daut
577 877 615 925 3,
646 875 706 915 bis
735 876 915 925 positum,
947 881 989 914 ut
1016 887 1104 915 cnm
1133 887 1180 915 eo
1209 881 1249 915 et
1273 878 1292 914 1
1325 881 1366 916 et
1394 877 1419 914 2
1448 874 1594 928 (partes
1613 884 1851 927 componen-

80 935 159 987 ιω)
186 942 466 988 conparantur.
523 934 588 975 Sic
617 945 667 973 ex
695 935 719 972 2
750 938 790 971 et
819 934 843 972 3
874 934 1032 972 inferius
1061 933 1104 972 fit
1125 935 1163 983 5,
1193 945 1282 973 cum
1310 945 1388 984 quo
1420 936 1445 972 2
1475 939 1516 973 et
1535 933 1560 971 3
1581 938 1852 984 comparantur

81 995 124 1033 in
149 1000 288 1045 quarto
315 993 531 1046 complexu.
589 992 648 1031 Ex
678 992 703 1030 3
732 997 772 1030 et
802 992 827 1030 5
856 992 900 1031 fit
925 992 964 1040 8,
993 1003 1159 1042 quocum
1187 993 1213 1031 3
1243 997 1283 1032 et
1304 994 1328 1031 5
1359 996 1629 1043 comparantur
1658 992 1698 1029 in
1716 990 1851 1041 quinto

82 1052 296 1104 σοι-μω.
352 1053 483 1103 Atque
511 1051 575 1091 hic
603 1050 823 1101 quiescitur.
871 1050 970 1089 Nam
999 1051 1024 1089 5
1054 1056 1094 1091 et
1122 1051 1148 1090 8
1179 1049 1273 1089 dant
1307 1052 1372 1100 13,
1401 1052 1459 1090 sic
1490 1051 1515 1090 3
1544 1054 1584 1089 et
1613 1050 1639 1089 8
1668 1049 1764 1091 dant
1786 1050 1850 1088 11.

81 1110 830 1159 Sicsset5dant‘1fet3cum4
867 1108 960 1147 daut
997 1109 1192 1157 etiam'l,
1231 1105 1716 1157 aic4cum5dant9,
1756 1107 1851 1147 et5

84 1180 172 1209 cum
201 1170 227 1208 6
255 1169 400 1209 faciunt
432 1169 496 1216 ll,
527 1172 568 1207 et
599 1169 618 1206 1
652 1178 740 1206 cum
770 1167 795 1205 6
823 1167 970 1206 faciunt
1002 1169 1038 1205 7.
1094 1165 1239 1206 Omnes
1268 1179 1361 1207 vero
1390 1167 1432 1206 1ιί
1460 1167 1609 1206 numeri
1641 1168 1679 1215 7,
1714 1166 1751 1215 9,
1787 1167 1852 1214 11,

87 1227 139 1266 13
168 1225 373 1278 doeignaut
398 1231 527 1278 partes
557 1224 691 1264 circuli
718 1235 797 1263 non
825 1224 1143 1265 demonstrabiles
1173 1230 1213 1265 et
1241 1225 1356 1276 plane
1385 1223 1705 1278 ἂγεωμπρητως.

196 1284 300 1324 Hinc
328 1284 498 1324 definitio
519 1285 683 1334 pressior
700 1282 986 1322 harmoniarum
1004 1283 1111 1322 talis:
1142 1289 1200 1322 tot
1219 1292 1309 1323 sunt
1326 1287 1476 1334 species
1495 1282 1853 1323 concordantiarum

84 1343 184 1382 intra
213 1349 405 1391 ocnvam,
435 1348 529 1393 quot
556 1347 646 1380 sunt
673 1342 841 1381 rationes
870 1342 1114 1381 harmonicae
1142 1341 1303 1381 solidae.
1362 1342 1433 1381 Est
1459 1347 1590 1382 autem
1630 1341 1731 1380 ratio
1760 1339 1853 1378 har-

83 1402 237 1441 monica
262 1400 405 1454 triplex
431 1412 502 1440 seu
531 1399 658 1439 solida
685 1401 782 1438 inter
802 1401 826 1437 2
855 1411 1034 1439 numeros
1064 1399 1269 1450 figurarum
1287 1401 1522 1451 regularium
1549 1402 1589 1438 in
1621 1401 1761 1439 circulo
1782 1397 1853 1436 de-

84 1459 409 1508 momabilium,
451 1470 611 1509 quarum
649 1463 690 1496 et
724 1456 939 1497 differentia
976 1457 1348 1509 differentiarumque
1384 1458 1621 1498 differentiae
1657 1467 1779 1507 usque
1813 1457 1853 1493 in

85 1519 271 1557 unitatem
297 1523 389 1557 sunt
415 1518 563 1556 numeri
591 1515 821 1556 consimiles.
870 1514 923 1556 Ut
950 1518 1049 1555 ratio
1079 1522 1138 1556 est
1166 1516 1391 1556 harmonica
1420 1516 1547 1556 solida
1574 1517 1674 1555 inter
1703 1515 1728 1553 8
1754 1519 1793 1553 et
1814 1514 1852 1552 5.

82 1574 184 1615 nnn
222 1576 249 1614 8
285 1582 346 1615 est
383 1586 563 1614 numerus
599 1575 780 1624 octogoni
816 1579 855 1613 et
892 1574 996 1613 latua
1036 1577 1306 1625 octogonicum
1345 1581 1405 1614 est
1435 1573 1755 1621 demonstrabile,
1796 1573 1853 1610 sic

86 1634 204 1672 etiam
232 1634 259 1672 5
287 1638 328 1673 et
355 1632 570 1673 differentia
597 1634 623 1672 3
654 1637 692 1671 et
720 1631 936 1672 differentia
965 1634 1063 1672 iuter
1093 1634 1118 1672 3
1140 1639 1179 1673 et
1209 1634 1247 1681 5,
1276 1644 1331 1672 sc.
1362 1635 1407 1682 2,
1438 1638 1476 1672 et
1508 1629 1726 1671 differentia
1755 1631 1854 1669 inter

72 1692 115 1738 -2
142 1695 183 1730 et
211 1691 261 1739 3,
304 1701 358 1730 sc.
390 1693 427 1732 1.
485 1690 540 1729 At
573 1691 671 1729 inter
711 1692 732 1728 1
774 1695 813 1729 et
845 1691 896 1728 16
934 1700 1012 1728 non
1042 1695 1102 1730 est
1131 1682 1236 1729 ratio*
1258 1691 1478 1729 harmonica
1517 1690 1655 1731 solida,
1711 1688 1796 1727 Etsi
1830 1689 1850 1726 1

85 1753 197 1788 notat
223 1749 351 1800 ipsum
377 1748 561 1788 circulum
596 1752 636 1787 et
667 1748 719 1786 16
749 1747 1048 1798 sedecaugulum
1078 1748 1375 1788 demonstrabile
1404 1754 1479 1796 est,
1522 1750 1595 1787 etsi
1628 1748 1746 1787 etiam
1774 1745 1853 1784 dif-

4 1814 7 1820 '
85 1806 247 1849 bruttia
278 1808 331 1846 15
359 1805 590 1846 concedatur
618 1817 703 1845 esse
730 1805 875 1856 figurae
902 1805 1230 1855 demonstrabilis,
1258 1818 1349 1846 nam
1383 1807 1434 1846 15
1463 1828 1522 1834 -
1554 1809 1574 1845 1
1607 1821 1658 1841 =
1695 1806 1759 1853 14,
1789 1805 1853 1841 in-

83 1863 589 1914 dunomtrabile.1taque
618 1863 716 1903 baec
742 1863 866 1914 figura
895 1864 1242 1915 quindecangulum
1267 1865 1426 1905 refertur
1454 1866 1552 1904 inter
1572 1865 1596 1903 5
1626 1863 1754 1902 fatuas
1772 1863 1854 1901 vir-

83 1923 205 1974 με.
262 1922 382 1963 Venit
409 1923 510 1962 enim
539 1933 642 1970 sero,
682 1928 889 1973 postquam
913 1922 998 1972 jam
1022 1923 1167 1973 januae
1196 1934 1329 1963 omnes
1356 1934 1425 1974 per
1444 1933 1623 1962 numeros
1653 1922 1701 1970 5,
1734 1924 1780 1969 ’1,
1814 1921 1853 1968 9,

89 1983 155 2030 11,
188 1982 239 2020 13
267 1980 446 2020 occlusae
474 1985 574 2019 sunt.
622 1981 743 2020 Deest
768 1982 947 2019 nimirum
976 1981 1035 2019 illi
1052 1983 1368 2038 proportioniff
1316 1981 1363 2007 ¹⁵
1396 1982 1633 2020 continuatio
1652 1991 1741 2019 cum
1759 1989 1855 2028 pro·

85 2039 260 2089 portione
289 2038 549 2089 aequalitatis.
606 2039 677 2077 Est
710 2038 865 2088 quidem
900 2040 999 2078 inter
1032 2042 1050 2077 l
1084 2045 1123 2078 et
1155 2040 1205 2078 16
1244 2042 1344 2079 ratio
1309 2008 1619 2087 ffharmonica,
1659 2037 1730 2077 sed
1758 2039 1854 2075 aim·

86 2095 204 2164 plex,
235 2108 336 2147 quae
364 2096 508 2135 nullam
537 2095 626 2135 ideo
655 2108 798 2136 novam
827 2098 998 2148 speciem
1034 2097 1256 2136 harmoniae
1294 2100 1514 2145 constituit,
1553 2097 1621 2136 sed
1648 2095 1855 2135 resolvitur

87 2155 127 2192 in
156 2156 407 2205 antepositas.
464 2154 561 2193 Cum
590 2165 680 2204 ergo
709 2167 859 2194 summa
887 2156 1077 2194 rationum
1105 2155 1411 2195 harmonicamm
1429 2154 1639 2194 solidarum
1668 2159 1851 2204 septena-

86 2213 145 2251 rio
173 2212 442 2261 concludatur,
480 2224 553 2252 nec
579 2214 703 2263 possit
741 2212 841 2252 ultra
870 2213 1044 2262 extendi,
1086 2214 1331 2254 obstantibus
1365 2214 1635 2265 ageometricis
1662 2211 1851 2251 numeris:

87 2270 205 2321 igitur
232 2281 311 2309 non
344 2270 472 2322 plures
502 2283 617 2321 quam
646 2272 673 2309 4
702 2276 792 2310 sunt
818 2271 1173 2311 concordantiarum
1200 2274 1349 2322 species
1377 2274 1477 2311 intra
1506 2270 1707 2321 diapason.

198 2326 397 2368 Hactenus
427 2329 474 2368 de
502 2329 727 2378 harmoniis,
757 2341 859 2384 guae
888 2331 1061 2368 oriuntur
1088 2336 1179 2369 ante
1209 2330 1413 2370 intervalla
1440 2330 1601 2368 minora.
1659 2328 1713 2367 At
1741 2333 1853 2368 vete-

86 2396 150 2426 res
177 2397 225 2426 ex
252 2387 355 2426 tonis
381 2391 422 2427 et
448 2389 660 2426 semitoniis
687 2387 907 2426 harmonias
936 2389 1010 2427 nisi
1038 2394 1128 2427 sunt
1146 2399 1387 2439 comparare,
1417 2393 1462 2427 ut
1477 2392 1697 2438 geometrae
1717 2398 1765 2426 ex
1784 2388 1855 2425 tri-

87 2443 240 2495 angulis
265 2444 408 2496 figuras
434 2445 623 2495 reliquas:
653 2457 864 2495 perperam.

199 2502 322 2541 Pars
350 2503 575 2542 secunda.
631 2506 698 2542 De
726 2504 975 2543 intervallis
1014 2514 1096 2551 per
1123 2514 1242 2553 quae
1270 2506 1484 2543 canimus.
1543 2503 1602 2541 Ex
1640 2502 1853 2542 intervallis

20 2616 24 2618 ν
89 2560 442 2600 concordantiamm
460 2566 668 2599 nascuntur
686 2562 902 2610 intervalla,
931 2573 1001 2611 per
1019 2573 1119 2611 quae
1140 2564 1324 2610 canimus,
1357 2565 1436 2601 toni
1458 2568 1497 2600 et
1516 2562 1719 2599 semitonia
1738 2560 1851 2599 dicta.

90 2616 225 2657 Posito
253 2620 355 2657 enim
382 2629 460 2657 uno
484 2630 579 2657 sono
595 2622 775 2667 maximo,
806 2625 1073 2669 comparentur
1101 2620 1151 2658 ad
1175 2632 1263 2659 eum
1290 2631 1408 2659 voces
1438 2631 1509 2658 seu
1537 2620 1687 2658 termini
1718 2620 1757 2655 in
1787 2629 1853 2656 ra-

20 2681 30 2699 ¹
88 2675 257 2715 tionibus
286 2676 516 2715 harmonicis
541 2677 623 2725 jam
657 2678 836 2716 inventis.
894 2677 948 2715 Hi
975 2679 1125 2716 termini
1154 2678 1203 2718 ad
1234 2690 1276 2717 se
1305 2683 1439 2716 mutuo
1468 2678 1679 2727 comparati
1709 2677 1854 2714 consti·

36 2768 41 2771 ,
90 2738 200 2775 tuent
217 2734 419 2773 intervalla
436 2735 592 2781 usitata,
618 2745 688 2784 per
706 2747 806 2785 quae
822 2735 1076 2774 naturaliter
1065 2747 1176 2784 rmus,
1206 2735 1373 2775 redimus
1401 2735 1586 2774 canendo.
1635 2734 1718 2773 Nec
1737 2735 1852 2782 euim,

90 2790 239 2830 infinita
264 2792 357 2831 licet
386 2803 470 2831 esse
500 2793 667 2841 possint,
705 2793 853 2832 infinita
881 2793 970 2832 ideo
999 2794 1037 2830 in
1068 2806 1142 2832 usu
1171 2800 1280 2842 sunt,
1320 2798 1388 2832 aut
1416 2793 1467 2832 ab
1496 2793 1653 2847 auribus
1682 2792 1853 2841 proban-

89 2852 153 2886 tur
179 2853 248 2887 ant
276 2849 538 2891 observantur.
597 2849 719 2899 Igitur
744 2852 780 2890 si
808 2863 1057 2906 compares³
1034 2851 1062 2881 3-
1090 2857 1127 2891 et
1161 2851 1180 2876 ³
1157 2878 1206 2906 τ,
1249 2852 1463 2890 differentia
1498 2856 1615 2903 est35
1588 2848 1611 2874 8
1648 2860 1726 2887 ιιοιι
1758 2849 1854 2888 har-

90 2907 253 2955 monica,
281 2907 352 2946 sed
379 2912 507 2947 tamen
535 2906 679 2957 gradus
705 2911 812 2947 vocis
840 2911 1019 2957 usitatus,
1038 2878 1184 2948 tonus1
1179 2910 1304 2958 maior
1323 2909 1467 2958 dictus3
1497 2876 1615 2962 sic}³5
1628 2912 1669 2945 et
1694 2906 1744 2962 ξ,
1775 2907 1853 2946 dif-

91 2962 252 3003 ferentia
277 2963 357 3019 ἦ,
386 2970 501 3004 tonus
527 2967 651 3004 minor
671 2963 816 3016 dictus3
844 2968 901 3005 sic
923 2966 944 2991 ²
977 2973 1016 3006 et
1043 2965 1090 3022 5,
1121 2966 1336 3006 differentia
1354 2964 1431 3021 st,
1461 2966 1706 3004 semitonium
1733 2965 1851 3015 vulgo

8 3055 10 3057 .
92 3020 247 3062 dietum.
305 3022 370 3062 Sic
398 3023 447 3062 de
474 3024 620 3063 ceteris.
678 3021 747 3061 Sin
775 3029 903 3064 autem
930 3024 976 3080 ⁴,
1014 3027 1163 3064 tertiam
1192 3025 1337 3072 duram,
1363 3030 1402 3063 et
1428 3021 1476 3078 5,
1506 3025 1657 3062 tertiam
1684 3022 1852 3071 mollem,

94 3082 387 3131 comparaveris,
417 3080 630 3122 differentia
658 3082 729 3119 erit
759 3078 834 3135 ἒξ,
873 3082 978 3131 quod
1005 3093 1079 3134 ego
1109 3082 1276 3122 diesin
1305 3081 1480 3133 appello,
1518 3082 1611 3120 item
1638 3082 1673 3120 si
1699 3081 1730 3137 ‘5
1757 3086 1796 3120 et
1829 3079 1850 3104 ⁵

1582 3148 1632 3183 3*
