1994 3276
7 1753 12 1760 υ
0 1414 19 1736 ,ξμἫΝέθΜΕ-Γὶωμ
0 1394 3 1397 Δ
0 1241 8 1278 ,m
0 1155 11 1222 ΜΨ,
0 1000 11 1141 -,.<s.-m·w‹--;
0 940 18 955 ⁴³:
0 902 3 904 ,

9 2059 49 2430 Μήβὶιεᾱῗιηψωγ
6 1983 17 2003 ⁴*-
9 1944 20 1962 ν
8 1928 17 1932 ··
5 1907 14 1915 ²
2 1873 20 1896 :a
4 1840 20 1865 Aa
17 1784 20 1787 ,
7 1739 15 1770 ω

16 2425 85 2560 ξ

19 2679 50 2772 ξ

0 2782 52 2815 Q
89 2779 301 2827 octogoni
294 2783 347 2817 et
375 2779 511 2817 stellae
528 2780 703 2830 scibile,
745 2781 815 2819 sed
854 2784 969 2820 etiam
1009 2788 1047 2821 et
1076 2785 1264 2830 maxime,
1306 2785 1399 2831 quia
1436 2790 1651 2832 octogonus
1687 2790 1726 2822 et
1755 2784 1869 2825 stella
1932 2802 1937 2805 ⁴

24 2811 70 2872 21⁴³

0 2954 26 2990 f

0 2985 39 3042 ἱ

31 2893 54 2922 ‘³2-

20 2911 55 2949 ἧς

693 115 716 135 -τ
759 110 1185 167 uumoqmvt
1295 76 1310 94 ⁸
1789 86 1905 156 ω’

0 203 4 257 ἶ
80 231 291 280 maun,
318 236 469 284 septam
498 237 664 272 octavae
692 235 734 270 et
758 231 932 280 quinque
962 214 1143 279 octarae,
1173 235 1390 270 consonent
1419 236 1499 270 tam
1528 241 1622 271 curn
1648 235 1755 284 tota,
1782 243 1875 282 par-

80 291 307 338 timeum,
336 302 454 341 quam
483 290 601 329 etiam
631 300 718 328 cum
747 289 923 339 partibus
952 290 1141 336 rescissis,
1176 290 1198 326 '1
1231 300 1319 327 cnm
1354 291 1374 327 1
1408 295 1450 328 et
1479 290 1504 328 5
1533 299 1622 328 cum
1652 290 1692 328 3.
1752 289 1877 340 Atqui

81 347 387 388 deno-enatus
425 347 696 388 determinatio
731 348 853 397 partis
888 350 907 386 1
953 352 1011 385 et·
1027 348 1196 397 partium
1227 347 1253 385 3
1290 358 1369 385 non
1410 346 1478 386 dat
1511 347 1673 386 :illarum
1709 347 1877 387 residuis

83 408 106 444 '1
138 410 178 446 οι
208 406 254 454 ὁ,
286 408 336 444 ζιιι
363 407 449 446 sint
470 411 511 445 et
539 407 652 456 ipsae
681 416 899 452 consonae,
937 416 1028 443 uam
1061 406 1085 443 5
1115 403 1274 454 quidem
1308 410 1369 443 est
1398 416 1595 453 consona,
1636 407 1658 443 ’1
1680 417 1784 445 -vero
1816 410 1877 445 est

81 463 252 503 dissona.
314 463 454 514 Itaque
483 465 605 502 sectio
635 465 756 502 totins
787 463 811 501 8
843 465 882 500 in
915 463 939 501 5
970 468 1011 502 et
1038 463 1065 501 3
1098 468 1157 501 est
1186 462 1425 510 harmonica,
1459 465 1498 501 in
1527 466 1547 501 '1
1582 468 1622 502 et
1655 465 1674 502 1
1706 474 1786 503 non
1816 470 1877 505 est

83 522 318 563 harmonicu-
378 520 492 561 Unde
531 523 650 571 igitur
684 521 804 561 habet
844 520 1040 560 residuum
1073 522 1097 559 5
1136 531 1247 560 suam
1278 523 1573 560 consonantiam
1603 533 1699 561 cum
1721 526 1806 561 tota
1835 523 1874 571 8,

80 579 277 620 residuum
309 582 331 618 7
363 591 477 620 suam
517 579 569 618 ab
600 578 668 617 illa
706 578 1020 618 dissonantiam‘2
1079 578 1270 618 Nimirum
1300 578 1411 627 inde,
1450 581 1544 629 quia
1582 579 1749 619 circulus
1776 582 1818 619 iu
1849 582 1875 619 5
1931 626 1933 628 ,
1985 596 1991 607 ’

81 637 231 678 divisus
270 637 390 678 habet
425 638 652 677 subtensam
689 627 842 677 duabus
879 638 1047 687 quintis,
1094 636 1460 686 demonstrativam
1502 637 1605 676 unde
1645 642 1725 685 est,
1768 638 1876 688 quod

81 695 227 736 chorda
255 697 299 734 in
329 697 501 746 quinque
530 695 659 734 divisa
688 692 754 748 (ut
782 695 846 734 hic
874 707 965 745 pars
994 697 1197 745 proposita
1227 695 1280 734 de
1315 695 1461 735 chorda
1492 693 1540 749 8)
1571 700 1760 735 consonat
1789 707 1878 736 cum

81 758 205 805 parte,
233 765 343 804 quae·
366 759 424 793 est
456 756 480 792 2
511 755 711 804 portiones
739 753 881 803 longa3
904 764 1032 803 -quare
1063 754 1181 792 etiam
1211 765 1299 792 cum
1330 756 1356 791 4
1387 759 1427 791 et
1458 755 1503 800 8,
1535 765 1636 804 quae
1666 759 1759 792 sunt
1788 765 1878 794 eum

83 815 106 850 2
138 813 178 851 iu
209 814 458 862 proportione
489 814 670 850 continue
701 810 831 861 dupla.
891 811 1037 850 Contra
1058 811 1225 850 circulus
1256 814 1294 850 in
1320 814 1340 849 7
1375 811 1524 850 divisus
1551 823 1629 851 non
1649 813 1742 850 facit
1762 812 1877 852 chor—

85 871 179 919 dam,
205 871 320 908 unius
349 872 549 920 septimae
570 871 756 920 portionis
786 869 1155 916 demonstrativam,
1193 882 1312 919 quare
1342 869 1541 909 residuum
1570 870 1667 909 illud
1690 870 1876 920 chordae,
1949 878 1955 883 ’

81 927 187 978 quod
213 927 336 968 habet
367 931 415 976 7,
454 927 630 967 dissonat
659 927 711 967 ab
746 929 765 965 1
798 932 838 966 et
867 929 923 966 sic
954 929 1072 967 etiam
1102 940 1127 966 a
1158 930 1202 976 2,
1246 931 1294 975 4,
1328 929 1366 967 8.
1428 928 1529 967 Ecce
1560 934 1604 967 ut
1632 930 1753 967 sectio
1783 929 1876 968 har-

80 987 233 1026 monica
267 987 388 1024 totius
430 987 456 1024 8
487 987 526 1023 in
558 987 607 1033 3,
651 986 677 1023 5
719 996 837 1024 uuam
875 991 1027 1025 tantum
1067 987 1363 1025 consonantiam
1397 986 1543 1025 habeat
1582 999 1630 1026 ex
1670 992 1877 1036 octogono,

83 1044 246 1084 alteram
282 1055 377 1083 vero
417 1056 465 1082 ex
500 1050 743 1094 pentagono,
786 1045 878 1093 quin
918 1051 959 1082 et
996 1045 1149 1082 tertiam
1189 1045 1309 1083 habet
1347 1056 1395 1083 ex
1435 1045 1514 1083 alia
1553 1045 1697 1094 figura,
1737 1056 1791 1085 sc.
1830 1058 1878 1085 ex

81 1101 302 1152 decagonoae
352 1101 440 1141 Non
471 1107 702 1141 consonaret
732 1103 834 1140 enim
864 1114 955 1151 pars
985 1104 1010 1140 3
1042 1113 1128 1140 cum
1160 1103 1316 1142 residuo
1337 1104 1375 1150 5,
1405 1104 1481 1145 nisi
1501 1108 1732 1142 consonaret
1760 1108 1878 1143 antea

83 1171 170 1200 eun
196 1160 286 1211 ejus
315 1158 435 1209 duplo
471 1161 543 1205 10³
583 1160 703 1209 idque
733 1159 842 1207 ideo,
881 1161 973 1209 quia
1005 1160 1150 1199 circulo
1187 1162 1225 1198 in
1261 1162 1313 1199 10
1343 1160 1494 1207 diviso,
1537 1162 1723 1200 subtensa
1753 1162 1876 1201 tribus

84 1218 243 1257 decimis
279 1224 340 1256 est
377 1218 694 1258 demonstrativa.
765 1218 876 1256 Haec
914 1230 1007 1257 vero
1054 1218 1252 1269 copulatio
1291 1218 1460 1269 plurium
1502 1219 1711 1269 figurarum
1747 1219 1877 1259 locum

82 1288 160 1315 non
192 1276 312 1319 habet
341 1277 379 1313 in
411 1276 555 1315 circulo
585 1277 748 1325 ejusque
776 1277 965 1327 partibus.
1025 1276 1127 1315 Nam
1160 1278 1193 1315 si
1223 1278 1347 1328 primo
1377 1279 1575 1327 scripseris
1614 1279 1654 1316 in
1684 1283 1769 1316 toto
1799 1281 1876 1317 cir-
1943 1292 1955 1300 ³

82 1334 173 1373 culo
201 1332 451 1383 oetangulum
481 1335 670 1383 regulare,
700 1336 843 1383 posito,
873 1334 979 1384 quod
1007 1337 1134 1384 possis
1166 1347 1310 1383 arcum,
1349 1337 1417 1385 qui
1446 1336 1566 1376 habet
1595 1341 1672 1375 tres
1703 1340 1876 1386 octavas,

85 1390 258 1431 dividere
297 1393 335 1430 in
373 1393 543 1441 quinque
583 1398 823 1442 (quanquam
866 1392 1107 1443 impossibile
1147 1399 1226 1440 est,
1272 1400 1314 1431 ut
1355 1394 1395 1431 id
1434 1394 1502 1433 fiat
1542 1393 1878 1445 demonstrative),

74 1456 185 1491 'certe
214 1450 548 1499 quinquangulum
579 1450 635 1488 illi
669 1451 821 1488 inscribi
853 1450 903 1488 ad
934 1451 1147 1489 divisiones
1176 1452 1299 1490 factas
1330 1463 1408 1490 non
1437 1454 1602 1502 poterin
1620 1452 1743 1497 ,fieret
1772 1454 1875 1491 enim
1946 1461 1949 1463 “

82 1507 528 1557 οιὶποςιιὶιιίοείιιιιιιιι,
569 1514 608 1547 et
638 1510 768 1558 potius
799 1508 1076 1558 sexangulum,
1116 1520 1204 1547 cum
1234 1521 1347 1548 arcus
1376 1510 1522 1549 habeat
1563 1510 1662 1549 duos
1692 1513 1876 1550 terminos

82 1571 181 1607 ante·
201 1567 277 1605 sui⁴
293 1565 536 1605 divisionem.
578 1566 694 1604 Cum
726 1578 817 1616 ergo
851 1568 987 1616 ingens
1003 1569 1054 1605 sit
1074 1566 1281 1606 diversitas
1301 1568 1553 1614 residuorum,
1586 1568 1676 1607 hinc
1695 1568 1875 1617 chordae,

77 1623 173 1675 ‘inde
196 1623 347 1670 >circula
378 1629 499 1673 patet,
531 1624 635 1674 quod
665 1626 738 1662 nisi
769 1637 794 1663 a
824 1625 968 1663 circulo
999 1625 1290 1674 progrediamur
1319 1627 1435 1664 etiam
1465 1626 1516 1664 ad
1544 1627 1688 1666 lineam
1719 1632 1875 1676 rectam,
1943 1660 1947 1663 .

82 1681 228 1720 residui
256 1682 356 1720 ratio
387 1682 520 1720 haberi
551 1682 660 1720 nulla
688 1685 823 1731 possit.
885 1683 1005 1734 Atqui
1037 1691 1219 1732 aspectus
1249 1688 1308 1723 est
1338 1684 1525 1733 angulus,
1555 1685 1667 1733 cujus
1694 1696 1875 1735 mensura

82 1751 159 1778 non
190 1744 250 1779 est
277 1739 412 1788 aliqua
441 1745 557 1787 recta,
589 1739 659 1779 sed
688 1751 799 1778 arcus
820 1741 967 1787 circuli,
998 1752 1044 1778 ex
1075 1752 1284 1780 concursus
1313 1742 1508 1780 radiorum
1527 1748 1683 1796 punctov
1704 1743 1877 1793 descrip-

85 1802 173 1845 tus,;
203 1808 281 1835 non
312 1798 468 1844 metitur
497 1809 588 1847 ergo
619 1798 785 1837 circulus
816 1803 1030 1848 aspectum,
1060 1810 1136 1836 non
1168 1800 1309 1838 format
1329 1811 1430 1847 eum,
1460 1811 1538 1838 non
1560 1800 1754 1839 efficacem
1784 1801 1876 1847 red-‚

83 1855 140 1894 dit
167 1851 315 1894 ratione
345 1855 507 1902 residui,
547 1855 615 1894 sed
646 1862 795 1894 tantum
824 1858 974 1895 ratione
1013 1868 1126 1896 arcus
1164 1858 1216 1895 ab
1246 1863 1405 1907 aspectu
1441 1859 1657 1908 intercepti.
1718 1859 1762 1898 Si
1791 1870 1870 1898 non

85 1914 237 1965 ratione
266 1913 422 1960 residui,
452 1925 528 1951 non
560 1915 676 1962 igitur
706 1916 855 1952 ratione
884 1916 1067 1953 sectionis
1096 1915 1345 1955 harmonicae
1375 1916 1562 1965 chordae,
1593 1928 1643 1955 ex
1671 1915 1741 1955 illa
1770 1917 1874 1955 divi-

83 1972 192 2022 sione
222 1971 357 2010 circuli
385 1975 512 2018 ortae,
556 1973 649 2021 quia
678 1974 800 2010 sectio
829 1972 1054 2012 harmonica
1090 1975 1174 2012 sine
1203 1974 1358 2013 residuo
1390 1974 1540 2012 definiri
1569 1986 1646 2013 nou
1676 1976 1872 2025 potest*)

86 2029 135 2069 Et
163 2030 220 2067 sic
247 2029 494 2079 profligatum
523 2035 581 2068 est
610 2031 766 2068 axioma
796 2030 904 2078 illud,
937 2031 1042 2080 quod
1071 2033 1338 2081 proportiones
1360 2032 1606 2072 harmonicae
1631 2038 1768 2071 cantus
1795 2035 1874 2073 sint

87 2093 315 2136 aspectuum
343 2097 496 2126 causae.
556 2087 638 2126 Nec
667 2090 865 2137 sequitur:
900 2089 1107 2138 respondet
1136 2090 1314 2128 trioctilis
1344 2102 1415 2129 seu
1444 2091 1679 2139 sesquadrus
1709 2093 1872 2130 sectioni

87 2144 344 2192 harmonicae,
375 2156 476 2193 quae
506 2146 631 2194 gignit
661 2148 812 2184 tertiam
828 2146 995 2197 mollem,
1027 2152 1065 2185 et
1097 2152 1156 2186 est
1186 2147 1342 2195 efficax,
1375 2160 1467 2198 ergo
1498 2149 1583 2197 ejus
1613 2148 1786 2188 efficacia
1815 2156 1874 2188 est

88 2214 117 2245 a
144 2203 316 2240 sectione
345 2202 569 2241 harmonica
599 2204 744 2251 circuli,
776 2210 821 2242 ut
849 2205 950 2243 talis.
1010 2204 1088 2244 Sed
1117 2205 1192 2243 hoc
1221 2218 1355 2244 verum
1386 2212 1456 2253 est,
1487 2218 1695 2255 maynam,
1727 2212 1771 2245 ιιι
1798 2207 1873 2246 ha-

84 2260 178 2299 bent
206 2259 479 2327 prolegomena
508 2261 623 2308 dicta,
653 2265 931 2311 coynationem
961 2274 1039 2301 esse
1067 2263 1291 2302 harmoniis
1320 2276 1412 2303 cum
1440 2265 1672 2313 aspectibus,
1703 2265 1873 2317 eundem
1900 2304 1904 2306 ,

50 2334 55 2336 >
86 2319 246 2367 uer-ique
283 2320 418 2366 ymeri
456 2321 652 2367 oriyinem
680 2331 729 2358 cx
754 2320 897 2369 fiyuris
934 2321 1152 2369 nobilibus,
1195 2322 1344 2360 circulo
1383 2322 1688 2371 inscriptilibus,
1730 2322 1771 2359 id
1800 2314 1871 2370 est,

86 2374 427 2415 demonstrativam
456 2376 704 2416 scibilitatem
734 2379 942 2416 subtensae
970 2380 1086 2416 trium
1118 2383 1343 2419 octavarum
1373 2380 1505 2418 circuli
1545 2381 1643 2418 inter
1682 2379 1873 2419 elementa

78 2444 184 2486 ente,
215 2444 262 2471 ex
294 2433 435 2482 quibus
464 2439 502 2471 et
532 2434 753 2473 harmonica
782 2438 903 2474 sectio
934 2437 973 2472 in
1003 2437 1162 2483 musica,
1194 2443 1232 2474 et
1263 2442 1445 2486 aspectus
1476 2437 1611 2475 efficax
1641 2439 1680 2474 in
1710 2438 1872 2489 physica

89 2492 345 2530 constituitur
405 2490 561 2540 Loquor
603 2498 733 2531 autem
772 2505 820 2531 ex
859 2494 1084 2543 hypothesi,
1124 2495 1236 2542 quasi
1266 2494 1352 2532 sola
1380 2491 1570 2532 sci‘bilitas
1610 2494 1756 2544 figurae
1786 2497 1871 2535 suf-

87 2547 217 2592 ficeret
247 2548 297 2586 ad
327 2547 550 2596 efficaciam,
582 2551 683 2588 sicut
712 2549 853 2589 sufficit
883 2551 932 2590 ad
962 2552 1176 2601 simplicem
1196 2554 1318 2601 partis
1339 2554 1630 2592 consonantiam
1661 2564 1748 2592 cum
1774 2558 1869 2592 toto.

47 2604 185 2643 Nam
226 2608 258 2644 si
298 2610 478 2643 accurate
517 2618 696 2660 agamus,
739 2610 855 2646 etiam
894 2609 990 2646 illud
1021 2609 1224 2647 discrimen
1270 2615 1350 2661 est,
1392 2611 1496 2659 quod
1537 2612 1574 2647 in
1606 2613 1869 2650 consonantiis

88 2662 243 2712 quidem
280 2657 488 2713 plurimum
526 2664 632 2703 valet
670 2666 877 2713 scibilitas,
920 2669 957 2704 in
989 2668 1210 2717 aspectibus
1250 2679 1341 2706 vero
1378 2669 1630 2714 congruentia
1658 2661 1868 2717 figurarum

87 2714 304 2771 praecellit,
349 2727 485 2770 estque
514 2723 778 2771 semiquadrus
820 2729 858 2762 et
887 2726 1122 2774 sesquadrus
1159 2725 1295 2764 efficax
1327 2737 1403 2763 non
1435 2731 1602 2772 tantum,
1645 2728 1737 2774 quia
1766 2726 1870 2766 latus

89 2835 180 2885 sius
209 2841 298 2874 sunt
330 2836 474 2886 figurae
505 2847 710 2886 congruae

177 2947 220 2980 ⁴⁵)
241 2949 283 2974 Εο
284 2949 321 2974 de
306 2956 350 2974 ern
375 2957 412 2976 ex
429 2949 458 2975 fn
461 2950 564 2975 ιιοᾶιιιιι
566 2951 616 2975 ιιιο
645 2950 733 2976 etiarn
757 2951 802 2975 sie
825 2952 882 2977 rati
884 2953 949 2978 ocin
952 2953 1047 2979 obium
1029 2959 1082 2978 uer
1110 2959 1142 2978 as
1144 2959 1199 2984 pec
1184 2955 1232 2978 cut
1278 2955 1325 2978 est
1352 2954 1478 2983 ungulus
1489 2972 1497 2984 ,
1529 2960 1613 2985 quem
1641 2954 1762 2981 metitur
1779 2963 1866 2984 ursus

38 2995 51 3008 ;
90 2984 222 3009 saniei
225 2984 273 3009 1
291 2991 329 3008 ιιι
332 2991 385 3008 nor
454 2985 540 3009 siduu
524 2992 570 3009 um
590 2985 748 3044 οιιιιιιιῗιέε]
768 2986 919 3012 seiimcrcu
902 2988 969 3017 ulo,
1001 2988 1141 3013 ιιιιιιῙῙιιιι
1132 2988 1224 3019 iim-gt
1211 2988 1361 3047 rmueiurtt
1379 2988 1536 3019 anguium,
1562 2988 1864 3024 ηιιῐιιιιιιιοιιοοιιιιιις
1911 2993 1927 2998 ”

165 3026 182 3045 ο
200 3026 248 3044 re·
233 3018 320 3044 nidnn
302 3026 349 3044 nm
369 2991 460 3044 nones
501 3020 581 3044 aiei-d
582 3020 674 3047 nturi
751 3020 871 3046 nstituti
873 3028 929 3048 οιιο
946 3029 1035 3053 espec
1020 3024 1069 3047 cut
1052 3029 1127 3049 ιι.ιιιιι
1164 3022 1238 3047 Ate
1281 3022 1360 3047 sierd
1361 3025 1410 3046 stu
1456 3030 1559 3048 ncous
1545 3024 1618 3048 stitu
1622 3024 1703 3051 tione
1719 3027 1863 3053 sectioni·

174 3053 287 3080 onius.
324 3053 388 3079 Non
407 3055 532 3089 igiturc
516 3054 674 3080 obserant
677 3026 769 3079 ”inter
787 3061 872 3081 ιοιο
839 3056 933 3081 ιοοιὶο
950 3056 1077 3083 chordae
1094 3057 1194 3083 hai-mo
1176 3057 1270 3087 onies,
1260 3030 1398 3088 ¹¹‹maer
1383 3057 1502 3084 ιοοιιίιοι
1522 3058 1634 3091 utitur,
1652 3060 1684 3085 οι
1702 3061 1797 3101 sectio
1813 3069 1863 3091 ιο-

0 3081 1 3120 J
34 3082 46 3108 ἒ
92 3083 170 3114 iisd
187 3087 310 3119 efficax,
328 3094 403 3120 quae
421 3095 479 3114 ιιοιι
498 3089 600 3114 utitur.
