1994 3276
122 83 204 122 456
749 80 969 126 Appendicis
992 81 1291 118 Harmonicorum

121 200 159 236 in
193 202 282 238 aere
313 210 410 249 puro
441 201 585 248 minor,
627 201 666 237 in
699 199 842 250 vapido
882 211 1033 238 rursum
1072 202 1219 250 minor,
1260 205 1348 251 post
1389 201 1429 237 in
1459 210 1581 250 aqua,
1625 203 1718 238 tunc
1748 199 1786 237 in
1820 197 1919 245 oleo,

122 257 264 296 electro
296 263 335 296 et
365 258 573 308 crystallo;
611 259 671 296 sin
705 258 957 306 densitatem,
997 258 1091 297 ordo
1124 261 1195 305 erit
1237 259 1356 306 alius,
1398 259 1479 297 aeri
1508 257 1690 297 succedet
1721 258 1852 296 oleum
1883 262 1924 295 et

121 316 316 358 electrum,
350 316 441 355 huic
471 328 586 366 aqua,
621 323 712 355 tunc
747 318 899 365 vitrum,
933 317 1153 368 crystallus,
1185 317 1367 364 adamas,
1399 316 1489 355 inde
1521 328 1663 367 opaca,
1696 316 1775 364 sal,
1809 326 1921 364 mag-

121 387 211 422 nes,
251 381 450 422 stannum,
494 376 660 422 ferrum,
697 386 879 424 cuprum,
912 381 1138 427 argentum,
1170 375 1396 424 plumbum,
1428 375 1730 426 hydrargyrum,
1771 385 1921 412 aurum.

99 432 233 475 ,Adeo
265 438 404 471 natura
434 433 529 471 nihil
564 435 713 472 confert
743 433 794 470 ad
826 435 1114 483 quaternarium
1135 439 1244 471 tuum
1264 434 1467 483 graduum.
1526 433 1775 482 Relinquitur
1804 433 1923 482 igitur

122 491 220 529 haec
251 490 551 542 quadripartitio
582 497 650 530 tuo
684 491 855 530 arbitrio.
917 492 1053 541 Neque
1085 498 1213 530 tamen
1246 504 1362 542 super
1393 504 1439 531 eo
1470 497 1508 530 te
1539 491 1820 538 condemnavi,
1852 490 1921 528 sed

122 550 345 600 comparavi
378 556 486 588 tuam
516 549 742 588 methodum
774 556 813 588 et
844 562 944 599 quae
977 550 1083 589 illam
1113 550 1398 600 ingrediuntur,
1430 562 1517 589 cum
1549 561 1658 601 mea,
1688 549 1807 599 idque
1838 548 1923 622 lec-

120 610 213 646 toris
245 607 444 646 erudiendi
478 619 615 655 causa,
647 620 897 658 nequaquam
929 609 1044 658 igitur
1075 610 1309 648 inconsulte.

238 666 306 704 Ad
338 666 406 704 An
422 667 586 717 alysin
620 665 760 704 XXII.
821 666 914 705 Jam
946 666 995 706 ad
1027 667 1321 716 praecedentem
1343 665 1521 716 analysin
1543 670 1604 704 est
1628 646 1801 712 dictum,
1821 665 1921 703 lianc

121 730 249 764 textus
288 725 519 774 particulam
561 724 768 763 cohaerere
806 736 942 763 sensus
983 737 1100 764 causa
1138 737 1227 764 cum
1266 726 1466 775 superiori.
1529 724 1687 763 Frustra
1726 725 1844 773 igitur
1883 729 1920 760 tc

121 785 269 829 munis,
311 783 504 829 Roberte,
543 794 619 820 non
653 782 820 821 advenio
853 790 1119 834 oppugnator,
1159 783 1228 822 sed
1258 785 1428 836 hospes,
1470 783 1620 821 eminus
1659 787 1697 820 te
1727 781 1920 820 salutans.

121 842 221 879 Nam
262 842 335 879 etsi
371 841 520 879 nullam
562 840 760 879 attulisses
798 842 1008 888 rationem,
1054 854 1120 880 cur
1150 843 1325 892 singulas
1364 843 1543 890 regiones
1573 841 1799 888 trisecares,
1843 851 1920 877 non

120 899 209 938 ideo
242 904 278 938 te
310 899 643 951 reprehenderem,
675 899 870 937 sufficeret
887 900 992 947 mihi,
1027 906 1064 938 ct
1099 901 1171 939 hoc
1203 906 1240 940 et
1263 901 1510 952 praecedenti
1533 904 1641 938 textu
1671 905 1921 942 monstrasse,

122 964 160 997 te
191 957 349 996 arbitrio
381 960 435 996 uti
467 959 506 995 in
542 957 855 996 distinctionibus
887 960 974 1006 tuis,
1007 960 1152 1008 quippe
1184 961 1250 1008 qui
1281 971 1382 997 nunc
1413 957 1680 1008 quadriseces,
1715 959 1818 995 nunc
1850 958 1921 994 tri-

123 1028 242 1054 seceS.
304 1015 472 1054 Multum
504 1022 542 1054 ct
573 1018 655 1065 ipse
687 1017 815 1054 tribuo
848 1017 1087 1067 archetypali
1119 1017 1302 1055 Trinitati
1332 1019 1369 1054 in
1392 1015 1600 1066 effigiando
1622 1015 1778 1063 mundo,
1812 1015 1918 1064 quod

122 1075 289 1126 Epitom.
324 1075 479 1112 Astron.
511 1074 609 1112 libro
640 1074 711 1113 IV.
744 1074 907 1125 explico.
968 1074 1095 1113 Tuam
1126 1076 1284 1125 quidem
1307 1076 1617 1114 distributionem
1640 1075 1788 1112 dierum
1811 1085 1920 1112 crea-

125 1134 243 1171 tionis
265 1134 364 1171 inter
385 1143 570 1184 personas
592 1132 794 1171 Trinitatis
815 1139 1086 1171 sacrosanctae
1109 1136 1329 1173 transmitto
1353 1132 1559 1183 theologis,
1593 1145 1666 1182 ego
1696 1138 1758 1171 sat
1779 1132 1918 1179 habeo,

124 1193 156 1229 si
200 1193 238 1228 in
270 1192 357 1241 ipsa
398 1191 523 1241 figura
563 1191 696 1229 mundi
735 1193 852 1240 inque
893 1193 1110 1242 praecipuis
1152 1193 1237 1242 ejus
1268 1193 1449 1232 membris
1488 1191 1683 1242 quandam
1716 1191 1922 1229 exhibeam

124 1249 420 1288 similitudinem
451 1254 724 1288 sacrosanctae
755 1249 968 1287 Trinitatis.

241 1307 283 1345 Si
316 1309 488 1346 trisectio
520 1307 729 1357 cujuslibet
759 1307 939 1346 elementi
971 1307 1184 1356 probabilis
1222 1321 1266 1346 ex
1301 1320 1347 1346 eo
1378 1308 1439 1352 fit,
1480 1307 1584 1356 quod
1618 1307 1770 1346 coelum
1801 1314 1921 1356 sup‘e-

123 1377 208 1404 rum
238 1365 379 1416 triplex
411 1377 498 1404 esse
529 1366 774 1416 perhibetur,
807 1371 908 1411 esto,
941 1377 1016 1404 non
1050 1376 1122 1414 ego
1157 1366 1194 1403 id
1225 1368 1390 1416 negavi,
1432 1378 1522 1403 nam
1553 1365 1658 1404 aliud
1689 1371 1747 1404 est
1777 1366 1922 1415 proba-

124 1424 255 1462 bilitas
287 1426 468 1471 rationis‚
503 1424 550 1463 de
583 1436 661 1474 qua
692 1429 734 1462 tu
766 1424 850 1468 hic,
882 1423 990 1462 aliud
1017 1425 1286 1473 probabilitas
1315 1436 1525 1475 sensuum,
1569 1435 1685 1472 quam
1717 1435 1790 1473 ego
1821 1435 1922 1473 nego

122 1494 191 1532 per
237 1484 367 1520 omnia
405 1484 528 1532 sequi.
591 1483 681 1530 Ais,
723 1487 759 1519 te
802 1482 848 1520 de
882 1484 1144 1531 proportione
1174 1483 1353 1522 locutum
1383 1484 1590 1520 actionum
1621 1487 1658 1520 et
1683 1484 1923 1530 passionum

121 1543 227 1579 inter
256 1543 475 1579 materiam
507 1546 543 1579 et
570 1541 773 1591 formam,
811 1553 894 1578 non
931 1541 977 1577 de
1007 1541 1251 1580 dimensione
1289 1541 1610 1579 intervallorum.
1672 1542 1795 1590 Atqui
1830 1552 1922 1579 sen-

122 1610 236 1637 suum
268 1599 526 1649 probabilitas
556 1611 605 1637 ne
637 1601 694 1637 sic
725 1598 881 1648 quidem
912 1600 1057 1648 ubique
1079 1601 1262 1648 sequitur.
1327 1599 1437 1638 A'c'ris
1460 1598 1616 1648 quidem
1646 1604 1722 1636 tres
1743 1599 1922 1648 regiones

125 1657 384 1707 qualitatibus
417 1657 704 1707 quodammodo
737 1656 939 1695 distinctas
969 1657 1088 1696 habet
1120 1657 1370 1703 Aristoteles,
1409 1657 1475 1696 sed
1507 1656 1625 1695 habet
1661 1658 1743 1695 sine
1774 1656 1923 1695 invidia

128 1715 405 1754 hodiernorum
436 1715 779 1767 philosophorum3
812 1722 852 1753 at
883 1717 921 1752 in
952 1717 1040 1764 igne
1073 1715 1134 1753 vel
1166 1728 1280 1766 aqua,
1314 1722 1357 1754 ut
1383 1717 1424 1755 in
1459 1726 1600 1764 magno
1623 1726 1795 1763 oceano,
1829 1714 1922 1765 quid

125 1785 273 1827 quaeso
312 1779 351 1812 te
395 1786 441 1812 ex
482 1775 661 1813 sensibus
703 1774 915 1823 allegabis,
963 1774 1064 1812 unde
1095 1775 1255 1825 probes,
1296 1774 1407 1812 aliter
1442 1775 1619 1824 superius
1657 1780 1922 1823 comparatum

125 1844 215 1871 cum
255 1833 475 1871 actionibus
515 1838 554 1871 et
593 1833 843 1882 passionibus
882 1832 1028 1871 formae
1070 1833 1107 1869 in
1140 1835 1361 1879 materiam,
1402 1832 1513 1870 aliter
1552 1833 1590 1868 in
1622 1831 1771 1879 medio,
1812 1831 1923 1870 aliter

125 1890 291 1940 denique
321 1892 360 1927 in
391 1891 522 1938 fundo,
556 1896 594 1928 et
626 1890 820 1940 quodnam
853 1892 1020 1939 signum,
1053 1902 1167 1939 quem
1198 1894 1403 1930 terminum
1434 1902 1511 1939 quo
1542 1889 1630 1928 loeo
1661 1901 1794 1940 pones,
1827 1901 1922 1927 con-

124 1949 219 1986 finia
251 1948 551 1997 distinguentem
582 1948 733 1987 mediae
764 1950 933 1997 regionis
967 1960 1053 1986 cum
1085 1951 1277 1996 extremis,
1311 1951 1403 1998 quia
1428 1950 1617 1986 mensuris
1639 1948 1920 1997 quantitativis,

125 2006 362 2056 aequalitate
396 2007 455 2045 vel
487 2009 736 2056 proportione
768 2008 952 2044 continua
986 2008 1266 2053 constantibus,
1299 2013 1380 2045 tute
1409 2008 1493 2056 ipse
1518 2006 1600 2055 jam
1632 2006 1747 2044 modo
1778 2017 1922 2044 renun-

129 2066 254 2104 ciasti.
315 2064 391 2103 Sed
424 2065 516 2114 quid
548 2076 621 2114 ego
654 2064 797 2102 frustra
829 2064 997 2112 fatigor?
1058 2065 1207 2103 Fateris
1239 2076 1329 2104 ecce
1351 2066 1434 2114 ipse
1453 2064 1781 2112 probabilitatem
1801 2064 1922 2112 hujus

128 2123 392 2162 distinctionis
422 2135 506 2162 nort
537 2134 614 2160 esse
643 2124 688 2160 in
718 2134 847 2171 sensu,
879 2123 948 2160 sed
973 2125 1110 2171 potius
1138 2125 1183 2160 in
1213 2123 1434 2171 intellectu5
1465 2122 1605 2160 frustra
1626 2122 1797 2173 quidem,
1826 2122 1922 2160 nihil

130 2183 231 2219 enim
262 2186 321 2219 est
350 2183 390 2218 in
422 2180 622 2220 intellectu
654 2192 807 2228 verum,
855 2180 957 2229 qnod
990 2192 1065 2218 non
1097 2182 1147 2218 sit
1178 2182 1214 2218 in
1248 2193 1306 2227 re,
1348 2192 1448 2230 quae
1491 2185 1550 2218 est
1581 2186 1712 2227 extra,
1757 2181 1830 2218 hoc
1861 2185 1923 2218 est

129 2241 166 2276 in
199 2238 419 2278 sensilibus.
481 2239 558 2278 Sed
591 2251 638 2276 ne
670 2238 762 2287 quid
794 2244 900 2276 extra
931 2244 1063 2287 septa;
1095 2238 1191 2276 illud
1225 2239 1419 2287 dicebam,
1450 2239 1592 2276 frustra
1623 2245 1660 2277 te
1693 2239 1805 2277 irasci
1835 2250 1920 2276 mco

130 2297 234 2336 dicto
266 2297 314 2335 de
345 2298 422 2335 tuis
454 2297 792 2344 distinctionibus,
826 2308 911 2334 curn
943 2296 981 2334 id
1012 2297 1094 2345 ipse
1126 2308 1300 2346 usurpes
1418 2307 1421 2311 ’

246 2355 316 2393 Ad
348 2355 586 2406 Analysin
619 2354 781 2392 XXIII.
844 2353 957 2403 Quod
990 2356 1234 2403 potissimum
1276 2354 1460 2403 urgebam
1499 2355 1536 2390 in
1570 2353 1642 2391 hac
1673 2354 1920 2392 conclusione
1955 2372 1960 2378 ·

129 2415 244 2451 unius
277 2415 590 2463 comparationis,
623 2420 773 2451 tuarum
804 2414 996 2450 unitatum
1027 2424 1226 2451 mensuras
1259 2424 1342 2450 esse
1371 2412 1685 2450 indeterminatas
1716 2424 1739 2450 a
1770 2417 1918 2460 natura,

130 2472 169 2509 id
201 2471 318 2510 video
360 2477 398 2510 te
429 2473 550 2510 tacita
580 2472 853 2521 praeteritione
896 2470 1118 2509 concedere.
1179 2471 1298 2509 Recte
1327 2471 1444 2519 igitur
1485 2470 1605 2508 habet
1643 2482 1729 2508 mea
1760 2482 1921 2520 compa-

130 2531 242 2568 ratio.
307 2529 470 2579 Accipio
501 2536 629 2568 tamen
672 2530 742 2566 abs
773 2534 810 2567 te
842 2529 1056 2566 auctarium
1089 2528 1184 2566 illud
1217 2530 1549 2577 comparationum
1581 2539 1772 2576 mearum,
1815 2528 1920 2578 quod

131 2588 382 2635 monesptibi
415 2589 532 2625 etiam
560 2593 692 2624 motus
723 2598 807 2624 esse
837 2588 1069 2636 propositos,
1102 2588 1201 2624 inter
1230 2598 1328 2635 quos
1358 2588 1408 2624 sit
1439 2587 1650 2634 harmonia,
1687 2598 1762 2624 non
1793 2589 1920 2624 minus

132 2658 248 2694 quam
280 2645 385 2693 mihi,
420 2645 487 2683 sed
517 2652 605 2683 tuos
637 2650 764 2682 motus
796 2655 880 2682 esse
910 2644 1164 2690 universales,
1196 2656 1280 2683 esse
1310 2650 1439 2682 motus
1467 2645 1738 2683 alterationum
1770 2651 1808 2682 et
1829 2655 1919 2694 per-

130 2703 353 2750 sectionum,
386 2714 492 2742 meos
525 2714 609 2741 esse
640 2702 903 2752 particulares.
967 2703 1127 2759 Accipio
1158 2707 1195 2740 et
1227 2703 1439 2741 concludo.
1475 2704 1530 2740 tui
1561 2704 1678 2765 igitur
1708 2702 1919 2742 dimensio-

131 2761 247 2800 nibus
279 2762 563 2799 mathematicis
594 2772 671 2798 non
705 2759 932 2807 subduntur,
964 2765 1004 2796 at
1033 2761 1106 2797 mei
1138 2761 1366 2810 subduntur,
1403 2766 1648 2811 quapropter,
1680 2766 1723 2798 ut
1753 2762 1918 2799 maxime

133 2818 354 2867 concedam,
387 2819 475 2857 illos
507 2826 594 2857 tuos
625 2824 754 2856 motus
785 2829 832 2857 ex
863 2817 929 2854 illo
961 2828 1086 2855 rerum
1117 2830 1254 2866 genere
1276 2831 1374 2866 esse,
1407 2818 1510 2868 quod
1540 2820 1805 2868 proportiones
1826 2818 1916 2856 har-

130 2878 304 2915 monicas
335 2882 484 2924 certas,
525 2882 623 2926 puta
654 2877 892 2915 diatessaron
926 2875 986 2912 vel
1019 2876 1198 2925 diapente
1230 2878 1406 2927 recipiat,
1439 2882 1481 2915 at
1509 2876 1658 2923 media,
1702 2877 1842 2926 quibus
1874 2882 1914 2913 tu

134 2933 269 2971 harum
302 2935 516 2983 quamlibet
547 2934 594 2972 de
626 2935 817 2985 praesenti
848 2932 983 2971 adesse
1017 2933 1155 2981 discas,
1187 2935 1296 2972 nulla
1326 2939 1426 2973 sunt.
1487 2934 1575 2973 Hoc
1606 2936 1730 2984 ipsum
1762 2945 1915 2972 monere

131 2990 294 3030 lectores
335 2994 410 3031 mei
450 2998 509 3030 cst
552 2994 752 3048 propositi.
812 2991 910 3033 Nam
953 2990 999 3028 de
1041 2992 1208 3031 motibus
1250 2993 1521 3032 alterationum
1564 3004 1612 3030 ex
1639 2991 1811 3043 professo
1853 2993 1913 3041 egi
