1994 3276
89 62 173 102 408
784 59 983 96 Ptolemaei
1007 59 1213 96 Harmonia.

88 175 349 220 consequentia
372 178 575 213 moveatur:
603 185 714 212 causa
736 179 859 212 tamen
882 175 993 221 hujus
1018 175 1256 221 separationis
1281 185 1354 211 non
1376 179 1434 212 est
1456 176 1494 212 in
1519 170 1692 222 epicyclo‚
1719 174 1784 211 sed
1807 185 1890 220 par-

87 228 152 264 tim
176 229 212 264 in
238 239 301 273 eo,
339 228 436 273 quod
461 228 604 264 videtur
627 229 858 266 Ptolemaeus
889 229 926 264 in
959 238 1088 273 magna
1119 229 1223 273 copia
1249 229 1513 264 occurrentium
1537 228 1804 265 harmoniarum
1829 227 1890 263 de-

86 279 220 317 lectum
246 280 365 317 studio
392 281 598 326 quaesisse,
633 285 674 317 ut
697 281 815 317 fusam
847 280 1034 316 materiam
1067 280 1177 316 certis
1202 280 1307 316 metis
1338 280 1558 327 includeret,
1588 280 1721 326 partim
1744 291 1830 316 vero
1853 279 1892 314 in

88 345 142 373 eo.
169 333 266 378 quod
292 334 361 370 hae
387 339 575 379 separatae
600 333 829 380 planetarum
855 333 1013 379 quinque
1038 333 1290 379 proportiones
1308 344 1389 370 cum
1412 333 1649 370 luminaribus
1672 334 1710 369 in
1727 333 1892 379 sequenti

86 387 205 433 capite
231 398 335 423 suum
359 398 465 423 usum
490 388 754 424 nanciscentur.

203 457 301 493 Nota
325 456 401 492 XV.
451 456 545 501 Quid
570 458 798 496 sentiendum
830 458 874 494 de
899 458 1169 504 comparatione
1201 454 1454 492 occultationis
1479 458 1516 490 et
1539 454 1776 501 apparitionis
1801 454 1891 500 figu-

88 519 300 554 rarumque,
326 519 416 553 quas
440 509 609 554 planetae
633 510 807 555 induunt,
843 521 925 546 cum
949 510 1189 546 tetrachordis
1216 513 1252 544 et
1276 507 1372 543 tonis
1398 506 1640 552 disjunctivis,
1674 506 1811 543 dictum
1835 513 1892 544 est

85 563 131 598 ad
157 565 266 606 caput
290 561 354 597 13.
377 560 413 595 in
438 561 546 596 notis.
597 561 734 606 Quibus
758 562 817 599 hic
837 561 914 606 Jam
939 562 1050 607 adde,
1083 562 1180 607 quod
1212 571 1282 597 non
1315 559 1422 605 plane
1453 560 1532 606 pari
1570 570 1683 606 passu
1707 561 1893 598 ambulent

86 615 260 650 stationes
286 613 689 660 retrogradationesque
714 620 750 651 et
774 614 1031 660 apparitiones.
1057 615 1152 650 Nam
1176 625 1255 660 cap.
1282 614 1334 650 13.
1363 614 1470 649 etiam
1494 613 1620 649 Lunae
1645 612 1890 658 apparitiones

86 665 406 712 comparabant-un
433 665 492 701 hic
516 665 648 702 misera
672 666 751 703 sola
775 667 915 714 exulat,
948 679 1029 704 cum
1054 678 1239 712 nunquam
1263 667 1328 703 fiat
1352 665 1565 702 stationaria
1588 665 1644 702 vel
1668 665 1889 710 retrograda.

85 720 155 756 Est
178 720 289 764 igitur
312 718 372 754 hic
395 718 508 754 multo
533 719 646 763 magis
663 730 791 755 manca
808 720 1040 765 comparatio,
1067 731 1175 765 quam
1191 720 1252 756 ibi.
1300 718 1401 754 Alias
1418 729 1490 753 non
1514 717 1610 753 mala
1633 721 1689 753 est
1713 718 1889 754 connexio

87 773 285 809 stationum
310 782 390 807 cum
415 772 531 816 figura
554 771 703 808 bisecta.
750 773 842 808 Nam
867 773 992 808 Venus
1019 779 1117 809 certe
1140 774 1177 808 in
1202 771 1419 810 stationibus
1443 770 1627 807 dimidiata
1651 775 1803 822 apparet
1825 781 1891 817 per

91 824 341 870 telescopium,
365 825 578 869 retrograda
601 835 686 861 vero
712 829 769 861 est
793 824 1025 861 corniculata.

828 997 1016 1044 CAPUT
1054 996 1164 1044 xvi.

203 1107 298 1152 Qua
322 1105 506 1142 ratione
531 1104 875 1143 familiaritates
901 1107 1154 1150 errantium
1178 1107 1433 1152 comparari
1472 1106 1655 1153 possint
1678 1116 1781 1141 cum-

632 1169 1039 1206 familiaritatibus
1072 1181 1281 1206 sonorum
1303 1172 1342 1215 Ι).

199 1277 340 1317 Restat
370 1276 508 1316 ultima
539 1281 576 1315 et
606 1278 870 1328 maximopere
912 1283 1075 1317 naturae
1115 1283 1377 1318 consentanea
1419 1278 1646 1318 coelestium
1677 1289 1765 1317 cum
1795 1277 1889 1316 har-

86 1337 249 1374 monicis
281 1336 532 1387 comparatio,
566 1346 685 1374 causa
715 1336 964 1385 facultatum,
997 1349 1099 1386 quae
1131 1338 1318 1376 hactenus
1349 1339 1449 1376 inter
1480 1349 1522 1375 se
1554 1337 1789 1387 comparatis
1818 1347 1889 1376 ac-

94 1393 231 1433 cedere
272 1394 412 1434 debere
451 1393 632 1432 videntur
663 1396 928 1434 communiter.
992 1394 1089 1433 Cum
1121 1397 1222 1434 enim
1268 1396 1470 1445 utrinque,
1513 1400 1595 1434 tum
1630 1396 1731 1434 inter
1770 1405 1888 1432 sonos

91 1464 209 1502 quam
240 1453 340 1491 inter
370 1451 556 1503 sphaeras
589 1463 798 1502 earumque
827 1458 969 1501 motus,
1003 1460 1206 1492 occurrant
1233 1455 1516 1505 proportiones,
1549 1453 1710 1492 dubium
1740 1452 1888 1491 nullum

87 1517 160 1563 est,
193 1511 285 1560 quin
318 1510 408 1550 illae
440 1511 720 1562 proportiones,
754 1519 856 1560 quae
883 1513 990 1550 sonis
1012 1511 1106 1550 dant
1127 1513 1432 1561 consonantiam,
1465 1514 1498 1550 si
1530 1514 1699 1551 existant
1728 1510 1887 1549 eaedem

89 1570 189 1607 inter
219 1569 407 1619 sphaeras
439 1574 478 1607 et
509 1573 638 1607 motus
669 1569 849 1608 binorum
880 1570 1069 1619 siderum,
1102 1572 1220 1610 etiam
1251 1570 1327 1609 illis
1359 1571 1671 1610 convenientiam
1702 1569 1886 1619 aliquam,

86 1632 125 1665 et
156 1639 256 1676 quae
287 1629 394 1667 sonis
426 1626 747 1676 discordantiam,
790 1627 951 1667 eaedem
982 1629 1098 1667 etiam
1128 1630 1297 1679 planetis
1330 1629 1684 1668 inconvenientiam
1715 1627 1887 1677 aliquam

35 1709 37 1714 ν
87 1685 307 1724 concilient.
377 1685 474 1724 Cum
514 1690 644 1724 autem
685 1685 762 1724 duo
804 1685 958 1726 diversa
998 1688 1142 1725 sintin
1183 1689 1316 1737 primis
1347 1687 1542 1738 sphaeris,
1581 1685 1809 1736 magnitudo
1849 1691 1889 1724 et

84 1748 236 1792 motus,
269 1749 308 1783 et
338 1743 451 1783 aliter
481 1743 770 1794 magnitudines
791 1752 1073 1795 comparentur,
1105 1746 1217 1784 aliter
1238 1747 1355 1784 etiam
1378 1751 1518 1794 motus,
1551 1747 1694 1796 qnippe
1722 1754 1886 1794 quornm

87 1803 358 1852 proportiones
389 1803 440 1841 ab
472 1801 627 1841 illarum
655 1804 974 1853 proportionibus
994 1803 1158 1842 multum
1190 1804 1427 1855 discrepant:
1462 1803 1538 1842 duo
1570 1804 1687 1842 etiam
1718 1802 1886 1840 faculta-

86 1866 170 1898 tum
199 1872 345 1910 genera
378 1863 415 1899 in
449 1859 684 1899 coelestibus
715 1872 787 1900 nos
818 1863 947 1900 animo
979 1863 1182 1912 concipere
1213 1874 1284 1912 par
1315 1867 1391 1910 est,
1425 1862 1586 1912 objectis
1619 1860 1810 1906 distincta,
1843 1865 1887 1899 ut

87 1917 180 1957 illae
210 1918 358 1957 seilicet
389 1919 697 1968 causa'quidem
717 1920 997 1969 magnitudinis
1028 1922 1129 1959 circa
1158 1932 1217 1960 res
1239 1925 1450 1967 versentur,
1483 1931 1603 1959 causa
1633 1924 1760 1957 motus
1792 1923 1884 1958 vero

89 1978 190 2016 circa
221 1978 339 2015 etiam
370 1982 519 2024 motus,
558 1977 633 2015 hoc
665 1982 723 2016 est
755 1979 856 2016 circa
885 1978 1043 2017 modum
1074 1978 1264 2029 largiendi
1297 1978 1477 2028 expedite
1509 1977 1571 2016 vel
1602 1976 1806 2028 impedite,
1847 1981 1886 2015 et

89 2035 191 2074 circa
221 2039 387 2085 tempus,
421 2034 525 2084 quod
556 2036 593 2072 in
626 2040 733 2074 motu
765 2041 972 2086 spectatur,
1004 2041 1100 2088 puta
1130 2037 1305 2076 celeriter
1335 2036 1398 2075 vel
1429 2035 1537 2075 tarde
1567 2034 1777 2085 largiendi3
1807 2035 1885 2074 ita-

89 2104 165 2143 que
206 2092 410 2132 distinctae
452 2093 552 2132 duae
593 2094 670 2131 sint
700 2095 971 2143 quaestiones:
1019 2093 1056 2143 1)
1096 2107 1145 2133 an
1187 2095 1268 2133 bini
1299 2099 1337 2133 et
1367 2095 1447 2133 bini
1488 2093 1670 2144 planetae
1702 2094 1738 2130 in
1769 2093 1884 2131 rebus

86 2153 183 2201 ipsis
214 2152 472 2203 consentiant,
503 2162 604 2190 aune
635 2153 828 2190 contraria
857 2151 1114 2202 polliceantur
1144 2153 1366 2200 foveantve,
1399 2157 1437 2191 et
1467 2152 1564 2191 alter
1595 2152 1754 2190 alterius
1786 2163 1884 2201 opus

89 2209 293 2248 destruat?
325 2207 366 2261 2)
396 2221 457 2258 an,
489 2211 523 2247 si
553 2210 591 2247 in
625 2221 663 2247 re
696 2211 950 2258 consentiant,
983 2212 1099 2249 etiam
1136 2211 1358 2260 conspirent
1386 2212 1514 2260 operis
1544 2211 1688 2248 mutuis
1718 2209 1769 2248 ad
1797 2221 1884 2248 ma-

86 2267 252 2306 turanda
273 2267 439 2315 decreta,
472 2272 540 2306 aut
570 2268 603 2306 si
634 2266 809 2306 diversae
840 2274 1002 2307 naturae
1033 2270 1121 2316 sint,
1153 2274 1283 2307 tamen
1316 2267 1603 2307 alterxalterius
1636 2280 1734 2319 opus
1765 2279 1884 2307 causa

90 2327 276 2376 temporis
309 2331 550 2377 promoveat,
583 2337 631 2363 an
663 2337 769 2373 vero,
802 2337 922 2365 cansa
950 2327 1070 2377 inepti
1093 2338 1313 2374 concursus,
1345 2326 1553 2376 plurimum
1585 2325 1773 2377 impediat
1802 2330 1882 2365 tam

90 2385 386 2431 consentientia,
419 2396 536 2434 quam
567 2384 728 2423 alterius
759 2386 952 2423 contraria
981 2384 1168 2424 decreta?
1217 2385 1280 2422 Ita
1309 2389 1386 2423 tres
1416 2384 1509 2423 fient
1538 2384 1680 2434 gradus
1710 2384 1882 2422 familia-

86 2443 235 2480 ritatis:
268 2447 336 2481 aut
369 2443 470 2480 enim
500 2443 539 2480 in
570 2454 609 2480 re
641 2447 680 2481 et
709 2442 825 2481 modo
847 2444 1098 2491 consentient,
1132 2455 1232 2492 quae
1254 2454 1404 2480 summa
1435 2448 1494 2481 est
1523 2442 1780 2490 familiaritas,
1811 2447 1880 2481 aut

86 2501 124 2537 in
157 2499 279 2539 altero
311 2500 455 2549 solum,
497 2512 597 2550 quae
628 2499 854 2549 mediocris,
898 2506 965 2539 aut
1002 2502 1040 2538 in
1072 2500 1202 2549 nullo,
1242 2512 1342 2550 quae
1382 2501 1551 2551 perfecta
1581 2500 1775 2539 hostilitas
1805 2500 1878 2539 ha-

86 2558 242 2597 bebitur
260 2557 291 2582 Π
315 2587 324 2597 .

203 2554 317 2665 Quod
347 2617 463 2666 igitur
492 2615 744 2666 sphaerarum
775 2615 1060 2666 magnitudines
1092 2617 1251 2664 attinet,
1284 2627 1370 2655 cum
1401 2617 1506 2654 sonis
1537 2616 1742 2655 stabilibus
1772 2628 1880 2656 com-

85 2678 263 2723 paratas,
305 2674 354 2713 ad
386 2686 452 2713 eas
478 2674 563 2724 Jam
594 2673 924 2724 deprehendemus
955 2675 1139 2724 consequi
1177 2674 1406 2713 facultatum
1438 2676 1475 2711 in
1506 2673 1673 2723 planetis
1703 2674 1878 2714 celebra-

86 2736 212 2770 tarum
243 2733 552 2783 comparationes
582 2731 790 2771 nonnullas
820 2743 897 2770 non
919 2732 1060 2782 inepte.
1120 2732 1303 2779 Primum,
1337 2731 1664 2782 quemadmodum
1694 2731 1794 2772 inte'r
1821 2735 1877 2771 si-

87 2788 179 2827 dera
211 2790 292 2829 Soli
325 2790 452 2838 calor,
484 2790 620 2829 Lunae
649 2790 806 2838 humor,
838 2789 1001 2839 singulis
1032 2789 1238 2829 facultates
1269 2790 1448 2840 singulae
1479 2790 1699 2829 tribuuntur
1730 2802 1876 2840 eaeque

85 2848 184 2884 inter
214 2860 255 2886 se
287 2850 344 2887 sic
375 2850 591 2899 oppositae,
623 2854 666 2887 ut
697 2859 818 2898 agens
851 2849 1057 2898 opponitur
1087 2849 1251 2897 patienti
1294 2848 1420 2896 (calor
1460 2849 1561 2886 enim
1594 2848 1771 2899 depascit
1799 2848 1875 2886 hu·-

86 2904 242 2952 midum,
274 2906 413 2944 humor
443 2918 535 2945 vero
554 2907 674 2946 nutrit
705 2903 900 2957 calorem),
933 2905 1099 2944 Saturno
1131 2918 1224 2945 vero
1256 2906 1356 2945 duae
1386 2905 1501 2943 simul
1531 2906 1734 2945 facultates
1764 2905 1874 2943 dictis

86 2963 299 3002 contrariae
330 2965 456 3003 inesse
489 2963 837 3015 deprehenduntur,
869 2962 988 3002 calori
1020 2963 1174 3012 quidem
1203 2965 1348 3014 frigus,
1379 2962 1538 3002 humido
1571 2975 1662 3002 vero
1693 2965 1873 3002 siccitas:

86 3019 143 3065 sic
172 3021 288 3066 etiam
318 3022 417 3066 inter
446 3033 578 3066 mesen
609 3019 765 3077 quidem
796 3020 877 3061 Soli
909 3026 948 3063 et
977 3026 1093 3061 neten
1123 3021 1414 3075 hyperbolaeon
1436 3020 1571 3061 Lunae
1602 3022 1785 3061 tributam
1816 3026 1875 3062 est
