<?xml version="1.0" encoding="UTF-8"?>
<!DOCTYPE html PUBLIC "-//W3C//DTD XHTML 1.0 Transitional//EN"
    "http://www.w3.org/TR/xhtml1/DTD/xhtml1-transitional.dtd">
<html xmlns="http://www.w3.org/1999/xhtml" xml:lang="en" lang="en">
 <head>
  <title>
</title>
<meta http-equiv="Content-Type" content="text/html;charset=utf-8" />
  <meta name='ocr-system' content='tesseract 3.04.00' />
  <meta name='ocr-capabilities' content='ocr_page ocr_carea ocr_par ocr_line ocrx_word'/>
</head>
<body>
  <div class='ocr_page' id='page_1' title='image "./operaomniaedidit05kepluoft_0332.png"; bbox 0 0 1994 3276; ppageno 0'>
   <div class='ocr_carea' id='block_1_1' title="bbox 134 113 1407 171">
    <p class='ocr_par' dir='ltr' id='par_1_1' title="bbox 134 113 1407 171">
     <span class='ocr_line' id='line_1_1' title="bbox 134 113 1407 171; baseline -0.002 -19"><span class='ocrx_word' id='word_1_1' title='bbox 134 114 218 153; x_wconf 79' lang='lat'><strong>314</strong></span> <span class='ocrx_word' id='word_1_2' title='bbox 638 114 705 171; x_wconf 28' lang='lat' dir='ltr'><strong>*De</strong></span> <span class='ocrx_word' id='word_1_3' title='bbox 729 114 890 151; x_wconf 88' lang='lat' dir='ltr'><strong>Motibus</strong></span> <span class='ocrx_word' id='word_1_4' title='bbox 913 115 1147 151; x_wconf 85' lang='lat' dir='ltr'><strong>Planetarum</strong></span> <span class='ocrx_word' id='word_1_5' title='bbox 1170 113 1407 166; x_wconf 64' lang='lat' dir='ltr'><strong>Harmonicis.</strong></span> 
     </span>
    </p>
   </div>
   <div class='ocr_carea' id='block_1_2' title="bbox 129 227 1933 1386">
    <p class='ocr_par' dir='ltr' id='par_1_2' title="bbox 131 227 1933 441">
     <span class='ocr_line' id='line_1_2' title="bbox 134 227 1930 278; baseline 0.004 -17"><span class='ocrx_word' id='word_1_6' title='bbox 134 227 262 272; x_wconf 90' lang='lat' dir='ltr'><strong>Itaque</strong></span> <span class='ocrx_word' id='word_1_7' title='bbox 287 227 403 265; x_wconf 87' lang='lat' dir='ltr'><strong>lector</strong></span> <span class='ocrx_word' id='word_1_8' title='bbox 425 232 510 273; x_wconf 89' lang='lat' dir='ltr'><strong>post</strong></span> <span class='ocrx_word' id='word_1_9' title='bbox 533 228 680 272; x_wconf 88' lang='lat' dir='ltr'><strong>lineam,</strong></span> <span class='ocrx_word' id='word_1_10' title='bbox 705 240 799 276; x_wconf 87' lang='lat' dir='ltr'><strong>quae</strong></span> <span class='ocrx_word' id='word_1_11' title='bbox 823 230 954 267; x_wconf 89' lang='lat' dir='ltr'><strong>desinit</strong></span> <span class='ocrx_word' id='word_1_12' title='bbox 977 230 1028 268; x_wconf 84' lang='lat' dir='ltr'><strong>sic</strong></span> <span class='ocrx_word' id='word_1_13' title='bbox 1053 231 1152 276; x_wconf 66' lang='lat'><strong>⁸¹!,20</strong></span> <span class='ocrx_word' id='word_1_14' title='bbox 1167 258 1175 274; x_wconf 97' lang='lat'><strong>,</strong></span> <span class='ocrx_word' id='word_1_15' title='bbox 1199 229 1382 266; x_wconf 76' lang='lat' dir='ltr'><strong>adscribat</strong></span> <span class='ocrx_word' id='word_1_16' title='bbox 1404 229 1489 266; x_wconf 86' lang='lat' dir='ltr'><strong>ista:</strong></span> <span class='ocrx_word' id='word_1_17' title='bbox 1525 241 1547 267; x_wconf 88' lang='lat' dir='ltr'><strong>a</strong></span> <span class='ocrx_word' id='word_1_18' title='bbox 1569 240 1644 276; x_wconf 89' lang='lat' dir='ltr'><strong>qua</strong></span> <span class='ocrx_word' id='word_1_19' title='bbox 1666 231 1698 267; x_wconf 90' lang='lat' dir='ltr'><strong>si</strong></span> <span class='ocrx_word' id='word_1_20' title='bbox 1721 231 1864 268; x_wconf 78' lang='lat' dir='ltr'><strong>auferas</strong></span> <span class='ocrx_word' id='word_1_21' title='bbox 1887 232 1930 278; x_wconf 63' lang='lat' dir='ltr'><strong>‘h⁵</strong></span> 
     </span>
     <span class='ocr_line' id='line_1_3' title="bbox 132 280 1932 330; baseline 0.004 -17"><span class='ocrx_word' id='word_1_22' title='bbox 132 289 196 313; x_wconf 90' lang='lat' dir='ltr'><strong>seu</strong></span> <span class='ocrx_word' id='word_1_23' title='bbox 221 280 318 325; x_wconf 69' lang='lat' dir='ltr'><strong>³²l40,</strong></span> <span class='ocrx_word' id='word_1_24' title='bbox 354 285 468 315; x_wconf 86' lang='lat' dir='ltr'><strong>restat</strong></span> <span class='ocrx_word' id='word_1_25' title='bbox 500 280 592 326; x_wconf 72' lang='lat' dir='ltr'><strong>²⁷l32,</strong></span> <span class='ocrx_word' id='word_1_26' title='bbox 634 282 807 320; x_wconf 85' lang='lat' dir='ltr'><strong>diminuta</strong></span> <span class='ocrx_word' id='word_1_27' title='bbox 832 289 934 320; x_wconf 86' lang='lat' dir='ltr'><strong>sexta</strong></span> <span class='ocrx_word' id='word_1_28' title='bbox 958 284 1086 327; x_wconf 92' lang='lat' dir='ltr'><strong>mollis,</strong></span> <span class='ocrx_word' id='word_1_29' title='bbox 1112 294 1205 330; x_wconf 90' lang='lat' dir='ltr'><strong>quae</strong></span> <span class='ocrx_word' id='word_1_30' title='bbox 1231 288 1288 319; x_wconf 90' lang='lat' dir='ltr'><strong>est</strong></span> <span class='ocrx_word' id='word_1_31' title='bbox 1311 283 1405 319; x_wconf 86' lang='lat' dir='ltr'><strong>inter</strong></span> <span class='ocrx_word' id='word_1_32' title='bbox 1427 284 1471 330; x_wconf 72' lang='lat' dir='ltr'><strong>ds</strong></span> <span class='ocrx_word' id='word_1_33' title='bbox 1491 284 1545 319; x_wconf 90' lang='lat' dir='ltr'><strong>vel</strong></span> <span class='ocrx_word' id='word_1_34' title='bbox 1570 296 1608 321; x_wconf 85' lang='lat' dir='ltr'><strong>ce</strong></span> <span class='ocrx_word' id='word_1_35' title='bbox 1634 282 1691 318; x_wconf 86' lang='lat' dir='ltr'><strong>vel</strong></span> <span class='ocrx_word' id='word_1_36' title='bbox 1715 295 1759 320; x_wconf 83' lang='lat' dir='ltr'><strong>ac</strong></span> <span class='ocrx_word' id='word_1_37' title='bbox 1783 289 1932 320; x_wconf 80' lang='lat' dir='ltr'>octavae</span> 
     </span>
     <span class='ocr_line' id='line_1_4' title="bbox 132 331 1933 384; baseline 0.004 -19"><span class='ocrx_word' id='word_1_38' title='bbox 132 331 239 367; x_wconf 88' lang='lat' dir='ltr'><strong>etiam</strong></span> <span class='ocrx_word' id='word_1_39' title='bbox 266 332 446 377; x_wconf 88' lang='lat' dir='ltr'><strong>simplicis.</strong></span> <span class='ocrx_word' id='word_1_40' title='bbox 480 335 531 369; x_wconf 90' lang='lat' dir='ltr'><strong>Et</strong></span> <span class='ocrx_word' id='word_1_41' title='bbox 553 334 590 369; x_wconf 92' lang='lat' dir='ltr'><strong>in</strong></span> <span class='ocrx_word' id='word_1_42' title='bbox 615 336 779 381; x_wconf 85' lang='lat' dir='ltr'><strong>subjecta</strong></span> <span class='ocrx_word' id='word_1_43' title='bbox 802 338 937 374; x_wconf 87' lang='lat' dir='ltr'><strong>tabella</strong></span> <span class='ocrx_word' id='word_1_44' title='bbox 961 339 1111 384; x_wconf 85' lang='lat' dir='ltr'><strong>primam</strong></span> <span class='ocrx_word' id='word_1_45' title='bbox 1135 337 1265 373; x_wconf 88' lang='lat' dir='ltr'><strong>lineam</strong></span> <span class='ocrx_word' id='word_1_46' title='bbox 1290 341 1467 382; x_wconf 88' lang='lat' dir='ltr'><strong>occupent</strong></span> <span class='ocrx_word' id='word_1_47' title='bbox 1490 337 1577 374; x_wconf 86' lang='lat' dir='ltr'><strong>ista:</strong></span> <span class='ocrx_word' id='word_1_48' title='bbox 1610 337 1681 372; x_wconf 88' lang='lat' dir='ltr'><strong>Pro</strong></span> <span class='ocrx_word' id='word_1_49' title='bbox 1706 336 1749 383; x_wconf 75' lang='lat' dir='ltr'><strong>&#39;¹&#39;lo</strong></span> <span class='ocrx_word' id='word_1_50' title='bbox 1775 340 1831 373; x_wconf 87' lang='lat' dir='ltr'><strong>est</strong></span> <span class='ocrx_word' id='word_1_51' title='bbox 1857 337 1933 383; x_wconf 64' lang='lat'><strong>²⁷1„</strong></span> 
     </span>
     <span class='ocr_line' id='line_1_5' title="bbox 131 384 1740 441; baseline 0.004 -22"><span class='ocrx_word' id='word_1_52' title='bbox 131 384 311 422; x_wconf 78' lang='lat' dir='ltr'><strong>deficiens,</strong></span> <span class='ocrx_word' id='word_1_53' title='bbox 1735 432 1740 441; x_wconf 46' lang='grc' dir='ltr'><em>Ι</em></span> 
     </span>
    </p>

    <p class='ocr_par' dir='ltr' id='par_1_3' title="bbox 129 443 1933 1386">
     <span class='ocr_line' id='line_1_6' title="bbox 246 443 1931 493; baseline 0.004 -15"><span class='ocrx_word' id='word_1_54' title='bbox 246 443 305 489; x_wconf 66' lang='lat' dir='ltr'><strong>Ex</strong></span> <span class='ocrx_word' id='word_1_55' title='bbox 331 444 460 489; x_wconf 90' lang='lat' dir='ltr'><strong>quibus</strong></span> <span class='ocrx_word' id='word_1_56' title='bbox 484 450 601 491; x_wconf 83' lang='lat' dir='ltr'><strong>patet,</strong></span> <span class='ocrx_word' id='word_1_57' title='bbox 638 447 674 482; x_wconf 91' lang='lat' dir='ltr'><strong>in</strong></span> <span class='ocrx_word' id='word_1_58' title='bbox 705 452 900 493; x_wconf 83' lang='lat' dir='ltr'><strong>systemate</strong></span> <span class='ocrx_word' id='word_1_59' title='bbox 925 448 1081 485; x_wconf 86' lang='lat' dir='ltr'><strong>naturali</strong></span> <span class='ocrx_word' id='word_1_60' title='bbox 1108 448 1244 484; x_wconf 88' lang='lat' dir='ltr'><strong>clavem</strong></span> <span class='ocrx_word' id='word_1_61' title='bbox 1267 448 1292 493; x_wconf 78' lang='lat' dir='ltr'><strong><em>f</em></strong></span> <span class='ocrx_word' id='word_1_62' title='bbox 1308 447 1516 492; x_wconf 79' lang='lat' dir='ltr'>genuinam,</span> <span class='ocrx_word' id='word_1_63' title='bbox 1542 449 1584 481; x_wconf 90' lang='lat' dir='ltr'><strong>ut</strong></span> <span class='ocrx_word' id='word_1_64' title='bbox 1606 446 1670 482; x_wconf 84' lang='lat' dir='ltr'><strong>illa</strong></span> <span class='ocrx_word' id='word_1_65' title='bbox 1693 450 1749 483; x_wconf 88' lang='lat' dir='ltr'><strong>est</strong></span> <span class='ocrx_word' id='word_1_66' title='bbox 1773 457 1819 483; x_wconf 87' lang='lat' dir='ltr'><strong>ex</strong></span> <span class='ocrx_word' id='word_1_67' title='bbox 1842 449 1931 484; x_wconf 89' lang='lat' dir='ltr'><strong>meis</strong></span> 
     </span>
     <span class='ocr_line' id='line_1_7' title="bbox 130 496 1932 542; baseline 0.003 -11"><span class='ocrx_word' id='word_1_68' title='bbox 130 496 314 542; x_wconf 84' lang='lat' dir='ltr'><strong>principiis</strong></span> <span class='ocrx_word' id='word_1_69' title='bbox 340 498 514 538; x_wconf 82' lang='lat' dir='ltr'><strong>ordinata.</strong></span> <span class='ocrx_word' id='word_1_70' title='bbox 540 511 620 536; x_wconf 88' lang='lat' dir='ltr'><strong>cum</strong></span> <span class='ocrx_word' id='word_1_71' title='bbox 646 501 671 537; x_wconf 81' lang='lat' dir='ltr'><strong>d</strong></span> <span class='ocrx_word' id='word_1_72' title='bbox 694 499 793 536; x_wconf 85' lang='lat' dir='ltr'><strong>clave</strong></span> <span class='ocrx_word' id='word_1_73' title='bbox 819 501 1040 537; x_wconf 89' lang='lat' dir='ltr'><strong>constituere</strong></span> <span class='ocrx_word' id='word_1_74' title='bbox 1065 506 1204 536; x_wconf 87' lang='lat' dir='ltr'><strong>sextam</strong></span> <span class='ocrx_word' id='word_1_75' title='bbox 1229 499 1372 536; x_wconf 91' lang='lat' dir='ltr'><strong>mollem</strong></span> <span class='ocrx_word' id='word_1_76' title='bbox 1398 498 1623 542; x_wconf 84' lang='lat' dir='ltr'><strong>deficientem</strong></span> <span class='ocrx_word' id='word_1_77' title='bbox 1661 509 1726 534; x_wconf 89' lang='lat' dir='ltr'><strong>seu</strong></span> <span class='ocrx_word' id='word_1_78' title='bbox 1761 499 1932 536; x_wconf 88' lang='lat' dir='ltr'><strong>adulteri-</strong></span> 
     </span>
     <span class='ocr_line' id='line_1_8' title="bbox 130 549 1933 598; baseline 0.003 -15"><span class='ocrx_word' id='word_1_79' title='bbox 130 558 222 584; x_wconf 89' lang='lat' dir='ltr'><strong>nam.</strong></span> <span class='ocrx_word' id='word_1_80' title='bbox 274 549 360 584; x_wconf 92' lang='lat' dir='ltr'><strong>Cum</strong></span> <span class='ocrx_word' id='word_1_81' title='bbox 396 550 504 594; x_wconf 86' lang='lat' dir='ltr'><strong>igitur</strong></span> <span class='ocrx_word' id='word_1_82' title='bbox 539 551 633 587; x_wconf 89' lang='lat' dir='ltr'><strong>inter</strong></span> <span class='ocrx_word' id='word_1_83' title='bbox 668 552 880 597; x_wconf 82' lang='lat' dir='ltr'><strong>perihelium</strong></span> <span class='ocrx_word' id='word_1_84' title='bbox 906 554 1006 589; x_wconf 85' lang='lat' dir='ltr'><strong>Jovis</strong></span> <span class='ocrx_word' id='word_1_85' title='bbox 1042 554 1078 588; x_wconf 92' lang='lat' dir='ltr'><strong>in</strong></span> <span class='ocrx_word' id='word_1_86' title='bbox 1116 553 1207 588; x_wconf 87' lang='lat' dir='ltr'><strong>clavi</strong></span> <span class='ocrx_word' id='word_1_87' title='bbox 1243 551 1400 598; x_wconf 84' lang='lat' dir='ltr'><strong>genuina</strong></span> <span class='ocrx_word' id='word_1_88' title='bbox 1436 552 1461 587; x_wconf 76' lang='lat' dir='ltr'><strong>d</strong></span> <span class='ocrx_word' id='word_1_89' title='bbox 1495 551 1731 587; x_wconf 82' lang='lat' dir='ltr'><strong>constitutum</strong></span> <span class='ocrx_word' id='word_1_90' title='bbox 1767 557 1804 587; x_wconf 85' lang='lat' dir='ltr'><strong>et</strong></span> <span class='ocrx_word' id='word_1_91' title='bbox 1838 554 1933 589; x_wconf 88' lang='lat' dir='ltr'><strong>inter</strong></span> 
     </span>
     <span class='ocr_line' id='line_1_9' title="bbox 130 600 1933 650; baseline 0.003 -15"><span class='ocrx_word' id='word_1_92' title='bbox 130 600 311 645; x_wconf 87' lang='lat' dir='ltr'><strong>aphelium</strong></span> <span class='ocrx_word' id='word_1_93' title='bbox 336 603 463 638; x_wconf 84' lang='lat' dir='ltr'><strong>Martis</strong></span> <span class='ocrx_word' id='word_1_94' title='bbox 491 603 537 639; x_wconf 90' lang='lat' dir='ltr'><strong>sit</strong></span> <span class='ocrx_word' id='word_1_95' title='bbox 571 604 734 648; x_wconf 86' lang='lat' dir='ltr'><strong>perfecta</strong></span> <span class='ocrx_word' id='word_1_96' title='bbox 759 610 863 640; x_wconf 87' lang='lat' dir='ltr'><strong>sexta</strong></span> <span class='ocrx_word' id='word_1_97' title='bbox 888 604 1003 641; x_wconf 88' lang='lat' dir='ltr'><strong>mollis</strong></span> <span class='ocrx_word' id='word_1_98' title='bbox 1030 616 1140 650; x_wconf 86' lang='lat' dir='ltr'><strong>supra</strong></span> <span class='ocrx_word' id='word_1_99' title='bbox 1164 604 1419 649; x_wconf 77' lang='lat' dir='ltr'><strong>disdiapason,</strong></span> <span class='ocrx_word' id='word_1_100' title='bbox 1446 614 1518 639; x_wconf 90' lang='lat' dir='ltr'><strong>non</strong></span> <span class='ocrx_word' id='word_1_101' title='bbox 1541 613 1626 639; x_wconf 83' lang='lat' dir='ltr'><strong>vero</strong></span> <span class='ocrx_word' id='word_1_102' title='bbox 1652 603 1843 646; x_wconf 85' lang='lat' dir='ltr'><strong>deficiens,</strong></span> <span class='ocrx_word' id='word_1_103' title='bbox 1867 616 1933 650; x_wconf 90' lang='lat' dir='ltr'><strong>per</strong></span> 
     </span>
     <span class='ocr_line' id='line_1_10' title="bbox 130 654 1933 703; baseline 0.004 -17"><span class='ocrx_word' id='word_1_104' title='bbox 130 662 231 698; x_wconf 86' lang='lat' dir='ltr'><strong>prop.</strong></span> <span class='ocrx_word' id='word_1_105' title='bbox 259 654 314 698; x_wconf 86' lang='lat'><strong>13,</strong></span> <span class='ocrx_word' id='word_1_106' title='bbox 340 656 503 700; x_wconf 86' lang='lat' dir='ltr'><strong>sequitur</strong></span> <span class='ocrx_word' id='word_1_107' title='bbox 526 656 680 692; x_wconf 85' lang='lat' dir='ltr'><strong>Martem</strong></span> <span class='ocrx_word' id='word_1_108' title='bbox 717 656 860 702; x_wconf 85' lang='lat' dir='ltr'><strong>aphelio</strong></span> <span class='ocrx_word' id='word_1_109' title='bbox 885 663 986 693; x_wconf 90' lang='lat' dir='ltr'><strong>motu</strong></span> <span class='ocrx_word' id='word_1_110' title='bbox 1022 657 1165 703; x_wconf 76' lang='lat' dir='ltr'><strong>signare</strong></span> <span class='ocrx_word' id='word_1_111' title='bbox 1201 657 1339 699; x_wconf 87' lang='lat' dir='ltr'><strong>locum,</strong></span> <span class='ocrx_word' id='word_1_112' title='bbox 1376 656 1436 701; x_wconf 93' lang='lat' dir='ltr'><strong>qui</strong></span> <span class='ocrx_word' id='word_1_113' title='bbox 1460 656 1507 692; x_wconf 89' lang='lat' dir='ltr'><strong>sit</strong></span> <span class='ocrx_word' id='word_1_114' title='bbox 1529 667 1600 692; x_wconf 87' lang='lat' dir='ltr'><strong>uno</strong></span> <span class='ocrx_word' id='word_1_115' title='bbox 1626 661 1802 693; x_wconf 87' lang='lat' dir='ltr'><strong>commate</strong></span> <span class='ocrx_word' id='word_1_116' title='bbox 1825 658 1933 694; x_wconf 87' lang='lat' dir='ltr'><strong>altior</strong></span> 
     </span>
     <span class='ocr_line' id='line_1_11' title="bbox 130 703 1931 754; baseline 0.004 -16"><span class='ocrx_word' id='word_1_117' title='bbox 130 703 230 739; x_wconf 84' lang='lat' dir='ltr'><strong>clave</strong></span> <span class='ocrx_word' id='word_1_118' title='bbox 254 707 409 750; x_wconf 89' lang='lat' dir='ltr'><strong>genuina</strong></span> <span class='ocrx_word' id='word_1_119' title='bbox 431 708 466 752; x_wconf 82' lang='lat' dir='ltr'><strong>f3</strong></span> <span class='ocrx_word' id='word_1_120' title='bbox 490 708 612 753; x_wconf 88' lang='lat' dir='ltr'><strong>itaque</strong></span> <span class='ocrx_word' id='word_1_121' title='bbox 636 719 709 744; x_wconf 90' lang='lat' dir='ltr'><strong>non</strong></span> <span class='ocrx_word' id='word_1_122' title='bbox 735 709 803 745; x_wconf 91' lang='lat' dir='ltr'><strong>nisi</strong></span> <span class='ocrx_word' id='word_1_123' title='bbox 826 711 850 754; x_wconf 78' lang='lat' dir='ltr'><em>f</em></span> <span class='ocrx_word' id='word_1_124' title='bbox 867 710 1107 746; x_wconf 90' lang='lat' dir='ltr'><strong>adulterinum</strong></span> <span class='ocrx_word' id='word_1_125' title='bbox 1133 708 1308 744; x_wconf 86' lang='lat' dir='ltr'><strong>obtinebit</strong></span> <span class='ocrx_word' id='word_1_126' title='bbox 1333 719 1448 753; x_wconf 86' lang='lat' dir='ltr'><strong>eoque</strong></span> <span class='ocrx_word' id='word_1_127' title='bbox 1473 719 1546 744; x_wconf 91' lang='lat' dir='ltr'><strong>non</strong></span> <span class='ocrx_word' id='word_1_128' title='bbox 1570 708 1688 754; x_wconf 89' lang='lat' dir='ltr'><strong>plane,</strong></span> <span class='ocrx_word' id='word_1_129' title='bbox 1715 709 1780 745; x_wconf 91' lang='lat' dir='ltr'><strong>sed</strong></span> <span class='ocrx_word' id='word_1_130' title='bbox 1803 710 1931 746; x_wconf 87' lang='lat' dir='ltr'><strong>saltem</strong></span> 
     </span>
     <span class='ocr_line' id='line_1_12' title="bbox 129 756 1931 808; baseline 0.004 -17"><span class='ocrx_word' id='word_1_131' title='bbox 129 756 391 801; x_wconf 85' lang='lat' dir='ltr'><strong>quadamtenus</strong></span> <span class='ocrx_word' id='word_1_132' title='bbox 423 758 459 795; x_wconf 91' lang='lat' dir='ltr'><strong>in</strong></span> <span class='ocrx_word' id='word_1_133' title='bbox 497 759 590 795; x_wconf 83' lang='lat' dir='ltr'><strong>hane</strong></span> <span class='ocrx_word' id='word_1_134' title='bbox 630 760 764 796; x_wconf 88' lang='lat' dir='ltr'><strong>scalam</strong></span> <span class='ocrx_word' id='word_1_135' title='bbox 802 763 989 798; x_wconf 84' lang='lat' dir='ltr'><strong>consentit.</strong></span> <span class='ocrx_word' id='word_1_136' title='bbox 1062 761 1364 797; x_wconf 88' lang='lat' dir='ltr'><strong>Concordantiam</strong></span> <span class='ocrx_word' id='word_1_137' title='bbox 1413 771 1498 796; x_wconf 88' lang='lat' dir='ltr'><strong>vero</strong></span> <span class='ocrx_word' id='word_1_138' title='bbox 1538 761 1777 797; x_wconf 79' lang='lat' dir='ltr'><strong>universalem</strong></span> <span class='ocrx_word' id='word_1_139' title='bbox 1813 773 1931 808; x_wconf 87' lang='lat' dir='ltr'><strong>neque</strong></span> 
     </span>
     <span class='ocr_line' id='line_1_13' title="bbox 130 812 1931 860; baseline 0.004 -16"><span class='ocrx_word' id='word_1_140' title='bbox 130 820 258 853; x_wconf 89' lang='lat' dir='ltr'><strong>puram</strong></span> <span class='ocrx_word' id='word_1_141' title='bbox 282 822 400 856; x_wconf 91' lang='lat' dir='ltr'><strong>neque</strong></span> <span class='ocrx_word' id='word_1_142' title='bbox 425 812 663 849; x_wconf 83' lang='lat' dir='ltr'><strong>adulterinam</strong></span> <span class='ocrx_word' id='word_1_143' title='bbox 687 814 896 858; x_wconf 86' lang='lat' dir='ltr'><strong>ingreditur.</strong></span> <span class='ocrx_word' id='word_1_144' title='bbox 946 815 1038 851; x_wconf 89' lang='lat' dir='ltr'><strong>Nam</strong></span> <span class='ocrx_word' id='word_1_145' title='bbox 1062 814 1212 850; x_wconf 90' lang='lat' dir='ltr'><strong>Veneris</strong></span> <span class='ocrx_word' id='word_1_146' title='bbox 1238 813 1433 860; x_wconf 87' lang='lat' dir='ltr'><strong>perihelius</strong></span> <span class='ocrx_word' id='word_1_147' title='bbox 1460 812 1597 849; x_wconf 90' lang='lat' dir='ltr'><strong>obtinet</strong></span> <span class='ocrx_word' id='word_1_148' title='bbox 1612 813 1732 849; x_wconf 92' lang='lat' dir='ltr'><strong>locum</strong></span> <span class='ocrx_word' id='word_1_149' title='bbox 1757 825 1775 850; x_wconf 86' lang='lat' dir='ltr'><strong>e</strong></span> <span class='ocrx_word' id='word_1_150' title='bbox 1797 815 1931 851; x_wconf 89' lang='lat' dir='ltr'><strong>tensio·</strong></span> 
     </span>
     <span class='ocr_line' id='line_1_14' title="bbox 130 861 1932 912; baseline 0.004 -16"><span class='ocrx_word' id='word_1_151' title='bbox 130 861 185 896; x_wconf 89' lang='lat' dir='ltr'><strong>nis</strong></span> <span class='ocrx_word' id='word_1_152' title='bbox 209 862 328 908; x_wconf 87' lang='lat' dir='ltr'><strong>hujus.</strong></span> <span class='ocrx_word' id='word_1_153' title='bbox 355 865 402 899; x_wconf 85' lang='lat' dir='ltr'><strong>At</strong></span> <span class='ocrx_word' id='word_1_154' title='bbox 425 865 520 900; x_wconf 86' lang='lat' dir='ltr'><strong>inter</strong></span> <span class='ocrx_word' id='word_1_155' title='bbox 544 877 571 911; x_wconf 86' lang='lat' dir='ltr'><strong>e,</strong></span> <span class='ocrx_word' id='word_1_156' title='bbox 584 867 609 910; x_wconf 82' lang='lat' dir='ltr'><em>f</em></span> <span class='ocrx_word' id='word_1_157' title='bbox 626 871 681 901; x_wconf 90' lang='lat' dir='ltr'><strong>est</strong></span> <span class='ocrx_word' id='word_1_158' title='bbox 706 866 940 912; x_wconf 84' lang='lat' dir='ltr'><strong>dissonantia,</strong></span> <span class='ocrx_word' id='word_1_159' title='bbox 967 867 1012 902; x_wconf 91' lang='lat' dir='ltr'><strong>ob</strong></span> <span class='ocrx_word' id='word_1_160' title='bbox 1037 867 1268 902; x_wconf 86' lang='lat' dir='ltr'><strong>vicinitatem.</strong></span> <span class='ocrx_word' id='word_1_161' title='bbox 1305 867 1478 902; x_wconf 85' lang='lat' dir='ltr'><strong>Dissonat</strong></span> <span class='ocrx_word' id='word_1_162' title='bbox 1501 866 1610 911; x_wconf 89' lang='lat' dir='ltr'><strong>igitur</strong></span> <span class='ocrx_word' id='word_1_163' title='bbox 1632 867 1733 903; x_wconf 88' lang='lat' dir='ltr'><strong>Mars</strong></span> <span class='ocrx_word' id='word_1_164' title='bbox 1757 867 1803 903; x_wconf 87' lang='lat' dir='ltr'><strong>ab</strong></span> <span class='ocrx_word' id='word_1_165' title='bbox 1827 868 1932 904; x_wconf 89' lang='lat' dir='ltr'><strong>unius</strong></span> 
     </span>
     <span class='ocr_line' id='line_1_15' title="bbox 130 912 1933 971; baseline 0.005 -24"><span class='ocrx_word' id='word_1_166' title='bbox 130 912 377 971; x_wconf 77' lang='lat' dir='ltr'><strong>planetarum.</strong></span> <span class='ocrx_word' id='word_1_167' title='bbox 415 928 462 953; x_wconf 90' lang='lat' dir='ltr'><strong>sc.</strong></span> <span class='ocrx_word' id='word_1_168' title='bbox 490 930 511 954; x_wconf 86' lang='lat' dir='ltr'><strong>a</strong></span> <span class='ocrx_word' id='word_1_169' title='bbox 537 919 684 955; x_wconf 89' lang='lat' dir='ltr'><strong>Veneris</strong></span> <span class='ocrx_word' id='word_1_170' title='bbox 709 919 895 965; x_wconf 89' lang='lat' dir='ltr'><strong>perihelio.</strong></span> <span class='ocrx_word' id='word_1_171' title='bbox 943 919 1014 955; x_wconf 89' lang='lat' dir='ltr'><strong>Sed</strong></span> <span class='ocrx_word' id='word_1_172' title='bbox 1041 926 1076 955; x_wconf 88' lang='lat' dir='ltr'><strong>et</strong></span> <span class='ocrx_word' id='word_1_173' title='bbox 1101 917 1123 956; x_wconf 85' lang='lat' dir='ltr'><strong>a</strong></span> <span class='ocrx_word' id='word_1_174' title='bbox 1147 920 1277 955; x_wconf 85' lang='lat' dir='ltr'><strong>ceteris</strong></span> <span class='ocrx_word' id='word_1_175' title='bbox 1302 920 1455 958; x_wconf 88' lang='lat' dir='ltr'><strong>Veneris</strong></span> <span class='ocrx_word' id='word_1_176' title='bbox 1481 920 1638 956; x_wconf 88' lang='lat' dir='ltr'><strong>motibus</strong></span> <span class='ocrx_word' id='word_1_177' title='bbox 1664 920 1842 966; x_wconf 85' lang='lat' dir='ltr'><strong>dissonat,</strong></span> <span class='ocrx_word' id='word_1_178' title='bbox 1879 931 1933 956; x_wconf 87' lang='lat' dir='ltr'><strong>re-</strong></span> 
     </span>
     <span class='ocr_line' id='line_1_16' title="bbox 130 969 1933 1018; baseline 0.006 -19"><span class='ocrx_word' id='word_1_179' title='bbox 130 971 321 1003; x_wconf 80' lang='lat' dir='ltr'><strong>mlttuntur</strong></span> <span class='ocrx_word' id='word_1_180' title='bbox 345 980 380 1003; x_wconf 90' lang='lat' dir='ltr'><strong>n.</strong></span> <span class='ocrx_word' id='word_1_181' title='bbox 405 969 431 1004; x_wconf 92' lang='lat' dir='ltr'><strong>ii</strong></span> <span class='ocrx_word' id='word_1_182' title='bbox 455 981 526 1006; x_wconf 93' lang='lat' dir='ltr'><strong>uno</strong></span> <span class='ocrx_word' id='word_1_183' title='bbox 553 976 730 1007; x_wconf 88' lang='lat' dir='ltr'><strong>commate</strong></span> <span class='ocrx_word' id='word_1_184' title='bbox 754 972 892 1012; x_wconf 82' lang='lat' dir='ltr'><strong>minus,</strong></span> <span class='ocrx_word' id='word_1_185' title='bbox 915 983 1023 1017; x_wconf 89' lang='lat' dir='ltr'><strong>quam</strong></span> <span class='ocrx_word' id='word_1_186' title='bbox 1048 982 1113 1018; x_wconf 88' lang='lat' dir='ltr'><strong>per</strong></span> <span class='ocrx_word' id='word_1_187' title='bbox 1136 982 1244 1007; x_wconf 90' lang='lat' dir='ltr'><strong>unam</strong></span> <span class='ocrx_word' id='word_1_188' title='bbox 1267 971 1399 1007; x_wconf 89' lang='lat' dir='ltr'><strong>diesin:</strong></span> <span class='ocrx_word' id='word_1_189' title='bbox 1436 982 1548 1016; x_wconf 87' lang='lat' dir='ltr'><strong>quare</strong></span> <span class='ocrx_word' id='word_1_190' title='bbox 1572 983 1652 1007; x_wconf 89' lang='lat' dir='ltr'><strong>cum</strong></span> <span class='ocrx_word' id='word_1_191' title='bbox 1675 972 1770 1008; x_wconf 88' lang='lat' dir='ltr'><strong>inter</strong></span> <span class='ocrx_word' id='word_1_192' title='bbox 1793 974 1933 1018; x_wconf 87' lang='lat' dir='ltr'><strong>perihe-</strong></span> 
     </span>
     <span class='ocr_line' id='line_1_17' title="bbox 129 1016 1932 1070; baseline 0.006 -19"><span class='ocrx_word' id='word_1_193' title='bbox 129 1016 217 1053; x_wconf 92' lang='lat' dir='ltr'><strong>lium</strong></span> <span class='ocrx_word' id='word_1_194' title='bbox 242 1019 391 1057; x_wconf 89' lang='lat' dir='ltr'><strong>Veneris</strong></span> <span class='ocrx_word' id='word_1_195' title='bbox 417 1028 452 1059; x_wconf 90' lang='lat' dir='ltr'><strong>et</strong></span> <span class='ocrx_word' id='word_1_196' title='bbox 476 1024 659 1069; x_wconf 90' lang='lat' dir='ltr'><strong>aphelium</strong></span> <span class='ocrx_word' id='word_1_197' title='bbox 685 1025 813 1061; x_wconf 91' lang='lat' dir='ltr'><strong>Martis</strong></span> <span class='ocrx_word' id='word_1_198' title='bbox 839 1025 886 1060; x_wconf 91' lang='lat' dir='ltr'><strong>sit</strong></span> <span class='ocrx_word' id='word_1_199' title='bbox 910 1025 1138 1060; x_wconf 87' lang='lat' dir='ltr'><strong>semitonium</strong></span> <span class='ocrx_word' id='word_1_200' title='bbox 1164 1029 1200 1059; x_wconf 90' lang='lat' dir='ltr'><strong>et</strong></span> <span class='ocrx_word' id='word_1_201' title='bbox 1225 1033 1379 1066; x_wconf 88' lang='lat' dir='ltr'><strong>comma,</strong></span> <span class='ocrx_word' id='word_1_202' title='bbox 1405 1023 1500 1059; x_wconf 90' lang='lat' dir='ltr'><strong>inter</strong></span> <span class='ocrx_word' id='word_1_203' title='bbox 1523 1024 1634 1069; x_wconf 82' lang='lat' dir='ltr'><strong>igitur</strong></span> <span class='ocrx_word' id='word_1_204' title='bbox 1658 1024 1840 1070; x_wconf 89' lang='lat' dir='ltr'><strong>aphelium</strong></span> <span class='ocrx_word' id='word_1_205' title='bbox 1864 1026 1932 1061; x_wconf 88' lang='lat' dir='ltr'><strong>Ve-</strong></span> 
     </span>
     <span class='ocr_line' id='line_1_18' title="bbox 131 1070 1932 1122; baseline 0.006 -19"><span class='ocrx_word' id='word_1_206' title='bbox 131 1070 226 1105; x_wconf 87' lang='lat' dir='ltr'><strong>neris</strong></span> <span class='ocrx_word' id='word_1_207' title='bbox 252 1077 288 1107; x_wconf 90' lang='lat' dir='ltr'><strong>et</strong></span> <span class='ocrx_word' id='word_1_208' title='bbox 312 1074 493 1119; x_wconf 88' lang='lat' dir='ltr'><strong>aphelium</strong></span> <span class='ocrx_word' id='word_1_209' title='bbox 511 1076 639 1112; x_wconf 84' lang='lat' dir='ltr'><strong>Martis</strong></span> <span class='ocrx_word' id='word_1_210' title='bbox 664 1077 732 1112; x_wconf 90' lang='lat' dir='ltr'><strong>erit</strong></span> <span class='ocrx_word' id='word_1_211' title='bbox 757 1077 985 1113; x_wconf 88' lang='lat' dir='ltr'><strong>semitonium</strong></span> <span class='ocrx_word' id='word_1_212' title='bbox 1010 1081 1049 1116; x_wconf 80' lang='lat' dir='ltr'><strong>et</strong></span> <span class='ocrx_word' id='word_1_213' title='bbox 1065 1076 1171 1113; x_wconf 89' lang='lat' dir='ltr'><strong>diesis</strong></span> <span class='ocrx_word' id='word_1_214' title='bbox 1190 1076 1441 1121; x_wconf 81' lang='lat' dir='ltr'><strong>(dissimulatis</strong></span> <span class='ocrx_word' id='word_1_215' title='bbox 1459 1077 1624 1122; x_wconf 85' lang='lat' dir='ltr'><strong>octavis),</strong></span> <span class='ocrx_word' id='word_1_216' title='bbox 1650 1077 1721 1113; x_wconf 91' lang='lat' dir='ltr'><strong>hoc</strong></span> <span class='ocrx_word' id='word_1_217' title='bbox 1745 1082 1802 1113; x_wconf 87' lang='lat' dir='ltr'><strong>est</strong></span> <span class='ocrx_word' id='word_1_218' title='bbox 1824 1083 1932 1114; x_wconf 90' lang='lat' dir='ltr'><strong>tonus</strong></span> 
     </span>
     <span class='ocr_line' id='line_1_19' title="bbox 130 1123 1931 1174; baseline 0.004 -17"><span class='ocrx_word' id='word_1_219' title='bbox 130 1123 264 1170; x_wconf 90' lang='lat' dir='ltr'><strong>minor,</strong></span> <span class='ocrx_word' id='word_1_220' title='bbox 291 1128 387 1171; x_wconf 92' lang='lat' dir='ltr'><strong>quod</strong></span> <span class='ocrx_word' id='word_1_221' title='bbox 413 1129 531 1164; x_wconf 88' lang='lat' dir='ltr'><strong>adhuc</strong></span> <span class='ocrx_word' id='word_1_222' title='bbox 557 1129 740 1166; x_wconf 87' lang='lat' dir='ltr'><strong>dissonum</strong></span> <span class='ocrx_word' id='word_1_223' title='bbox 766 1134 822 1165; x_wconf 88' lang='lat' dir='ltr'><strong>est</strong></span> <span class='ocrx_word' id='word_1_224' title='bbox 837 1129 1077 1165; x_wconf 85' lang='lat' dir='ltr'><strong>intervallum.</strong></span> <span class='ocrx_word' id='word_1_225' title='bbox 1105 1130 1261 1164; x_wconf 89' lang='lat' dir='ltr'><strong>Tantum</strong></span> <span class='ocrx_word' id='word_1_226' title='bbox 1285 1133 1406 1164; x_wconf 89' lang='lat' dir='ltr'><strong>autern</strong></span> <span class='ocrx_word' id='word_1_227' title='bbox 1429 1129 1467 1165; x_wconf 91' lang='lat' dir='ltr'><strong>in</strong></span> <span class='ocrx_word' id='word_1_228' title='bbox 1488 1129 1606 1165; x_wconf 91' lang='lat' dir='ltr'><strong>mollis</strong></span> <span class='ocrx_word' id='word_1_229' title='bbox 1634 1130 1775 1174; x_wconf 87' lang='lat' dir='ltr'><strong>generis</strong></span> <span class='ocrx_word' id='word_1_230' title='bbox 1800 1130 1931 1165; x_wconf 88' lang='lat' dir='ltr'><strong>scalam</strong></span> 
     </span>
     <span class='ocr_line' id='line_1_20' title="bbox 129 1175 1931 1227; baseline 0.005 -18"><span class='ocrx_word' id='word_1_231' title='bbox 129 1175 294 1220; x_wconf 90' lang='lat' dir='ltr'><strong>aphelius</strong></span> <span class='ocrx_word' id='word_1_232' title='bbox 318 1180 446 1216; x_wconf 86' lang='lat' dir='ltr'><strong>Martis</strong></span> <span class='ocrx_word' id='word_1_233' title='bbox 471 1182 666 1225; x_wconf 87' lang='lat' dir='ltr'><strong>consentit,</strong></span> <span class='ocrx_word' id='word_1_234' title='bbox 700 1192 773 1217; x_wconf 90' lang='lat' dir='ltr'><strong>non</strong></span> <span class='ocrx_word' id='word_1_235' title='bbox 797 1182 906 1217; x_wconf 86' lang='lat' dir='ltr'><strong>etiam</strong></span> <span class='ocrx_word' id='word_1_236' title='bbox 941 1182 978 1217; x_wconf 92' lang='lat' dir='ltr'><strong>in</strong></span> <span class='ocrx_word' id='word_1_237' title='bbox 1003 1181 1094 1217; x_wconf 86' lang='lat' dir='ltr'><strong>duri.</strong></span> <span class='ocrx_word' id='word_1_238' title='bbox 1144 1181 1237 1216; x_wconf 90' lang='lat' dir='ltr'><strong>Nam</strong></span> <span class='ocrx_word' id='word_1_239' title='bbox 1274 1192 1356 1216; x_wconf 92' lang='lat' dir='ltr'><strong>cum</strong></span> <span class='ocrx_word' id='word_1_240' title='bbox 1381 1182 1548 1227; x_wconf 87' lang='lat' dir='ltr'><strong>aphelius</strong></span> <span class='ocrx_word' id='word_1_241' title='bbox 1573 1181 1724 1217; x_wconf 88' lang='lat' dir='ltr'><strong>Veneris</strong></span> <span class='ocrx_word' id='word_1_242' title='bbox 1748 1183 1931 1227; x_wconf 77' lang='lat' dir='ltr'><strong>conspiret</strong></span> 
     </span>
     <span class='ocr_line' id='line_1_21' title="bbox 129 1227 1930 1280; baseline 0.004 -17"><span class='ocrx_word' id='word_1_243' title='bbox 129 1227 165 1261; x_wconf 86' lang='lat' dir='ltr'><strong>in</strong></span> <span class='ocrx_word' id='word_1_244' title='bbox 190 1239 209 1264; x_wconf 80' lang='lat' dir='ltr'><strong>e</strong></span> <span class='ocrx_word' id='word_1_245' title='bbox 231 1232 371 1273; x_wconf 87' lang='lat' dir='ltr'><strong>generis</strong></span> <span class='ocrx_word' id='word_1_246' title='bbox 399 1234 488 1276; x_wconf 90' lang='lat' dir='ltr'><strong>duri,</strong></span> <span class='ocrx_word' id='word_1_247' title='bbox 512 1234 640 1269; x_wconf 89' lang='lat' dir='ltr'><strong>Martis</strong></span> <span class='ocrx_word' id='word_1_248' title='bbox 665 1243 751 1269; x_wconf 90' lang='lat' dir='ltr'><strong>vero</strong></span> <span class='ocrx_word' id='word_1_249' title='bbox 775 1233 939 1278; x_wconf 89' lang='lat' dir='ltr'><strong>aphelius</strong></span> <span class='ocrx_word' id='word_1_250' title='bbox 975 1233 1222 1278; x_wconf 84' lang='lat' dir='ltr'><strong>(dissimulatis</strong></span> <span class='ocrx_word' id='word_1_251' title='bbox 1248 1233 1397 1278; x_wconf 85' lang='lat' dir='ltr'><strong>octavis)</strong></span> <span class='ocrx_word' id='word_1_252' title='bbox 1423 1234 1470 1268; x_wconf 88' lang='lat' dir='ltr'><strong>sit</strong></span> <span class='ocrx_word' id='word_1_253' title='bbox 1495 1234 1615 1269; x_wconf 77' lang='lat' dir='ltr'><strong>factus</strong></span> <span class='ocrx_word' id='word_1_254' title='bbox 1650 1234 1756 1270; x_wconf 87' lang='lat' dir='ltr'><strong>altior</strong></span> <span class='ocrx_word' id='word_1_255' title='bbox 1781 1245 1887 1280; x_wconf 87' lang='lat' dir='ltr'><strong>quam</strong></span> <span class='ocrx_word' id='word_1_256' title='bbox 1911 1246 1930 1271; x_wconf 86' lang='lat' dir='ltr'><strong>e</strong></span> 
     </span>
     <span class='ocr_line' id='line_1_22' title="bbox 129 1283 1928 1332; baseline 0.004 -18"><span class='ocrx_word' id='word_1_257' title='bbox 129 1284 216 1315; x_wconf 90' lang='lat' dir='ltr'><strong>tono</strong></span> <span class='ocrx_word' id='word_1_258' title='bbox 240 1283 394 1324; x_wconf 89' lang='lat' dir='ltr'><strong>minore,</strong></span> <span class='ocrx_word' id='word_1_259' title='bbox 430 1287 633 1322; x_wconf 88' lang='lat' dir='ltr'><strong>necessario</strong></span> <span class='ocrx_word' id='word_1_260' title='bbox 669 1287 778 1332; x_wconf 89' lang='lat' dir='ltr'><strong>igitur</strong></span> <span class='ocrx_word' id='word_1_261' title='bbox 802 1287 967 1332; x_wconf 87' lang='lat' dir='ltr'><strong>aphelius</strong></span> <span class='ocrx_word' id='word_1_262' title='bbox 990 1286 1118 1322; x_wconf 81' lang='lat' dir='ltr'><strong>Martis</strong></span> <span class='ocrx_word' id='word_1_263' title='bbox 1155 1286 1192 1321; x_wconf 91' lang='lat' dir='ltr'><strong>in</strong></span> <span class='ocrx_word' id='word_1_264' title='bbox 1218 1287 1286 1322; x_wconf 87' lang='lat' dir='ltr'><strong>hac</strong></span> <span class='ocrx_word' id='word_1_265' title='bbox 1321 1287 1489 1322; x_wconf 87' lang='lat' dir='ltr'><strong>tensione</strong></span> <span class='ocrx_word' id='word_1_266' title='bbox 1513 1286 1652 1322; x_wconf 84' lang='lat' dir='ltr'><strong>medius</strong></span> <span class='ocrx_word' id='word_1_267' title='bbox 1676 1287 1770 1323; x_wconf 86' lang='lat' dir='ltr'><strong>inter</strong></span> <span class='ocrx_word' id='word_1_268' title='bbox 1791 1288 1812 1332; x_wconf 75' lang='lat' dir='ltr'><em>f</em></span> <span class='ocrx_word' id='word_1_269' title='bbox 1833 1291 1868 1322; x_wconf 91' lang='lat' dir='ltr'><strong>et</strong></span> <span class='ocrx_word' id='word_1_270' title='bbox 1890 1289 1928 1332; x_wconf 71' lang='lat' dir='ltr'><strong>sp</strong></span> 
     </span>
     <span class='ocr_line' id='line_1_23' title="bbox 130 1331 1932 1386; baseline 0.004 -19"><span class='ocrx_word' id='word_1_271' title='bbox 130 1331 293 1381; x_wconf 88' lang='lat' dir='ltr'><strong>caderet,</strong></span> <span class='ocrx_word' id='word_1_272' title='bbox 333 1336 467 1373; x_wconf 88' lang='lat' dir='ltr'><strong>faciens</strong></span> <span class='ocrx_word' id='word_1_273' title='bbox 494 1351 574 1375; x_wconf 91' lang='lat' dir='ltr'><strong>cum</strong></span> <span class='ocrx_word' id='word_1_274' title='bbox 596 1351 620 1386; x_wconf 81' lang='lat'><em>9</em></span> <span class='ocrx_word' id='word_1_275' title='bbox 645 1340 771 1385; x_wconf 85' lang='lat' dir='ltr'><strong>(quem</strong></span> <span class='ocrx_word' id='word_1_276' title='bbox 795 1340 831 1375; x_wconf 88' lang='lat' dir='ltr'><strong>in</strong></span> <span class='ocrx_word' id='word_1_277' title='bbox 856 1340 924 1375; x_wconf 90' lang='lat' dir='ltr'><strong>hac</strong></span> <span class='ocrx_word' id='word_1_278' title='bbox 948 1340 1113 1377; x_wconf 87' lang='lat' dir='ltr'><strong>tensione</strong></span> <span class='ocrx_word' id='word_1_279' title='bbox 1139 1345 1294 1384; x_wconf 87' lang='lat' dir='ltr'><strong>occupat</strong></span> <span class='ocrx_word' id='word_1_280' title='bbox 1319 1339 1485 1384; x_wconf 84' lang='lat' dir='ltr'><strong>aphelius</strong></span> <span class='ocrx_word' id='word_1_281' title='bbox 1509 1339 1681 1385; x_wconf 82' lang='lat' dir='ltr'><strong>Telluris)</strong></span> <span class='ocrx_word' id='word_1_282' title='bbox 1705 1340 1932 1376; x_wconf 80' lang='lat' dir='ltr'><strong>intervallum</strong></span> 
     </span>
    </p>
   </div>
   <div class='ocr_carea' id='block_1_3' title="bbox 129 1383 1525 1438">
    <p class='ocr_par' dir='ltr' id='par_1_4' title="bbox 129 1383 1525 1438">
     <span class='ocr_line' id='line_1_24' title="bbox 129 1383 1525 1438; baseline -0.001 -11"><span class='ocrx_word' id='word_1_283' title='bbox 129 1383 201 1430; x_wconf 77' lang='lat' dir='ltr'><em>²⁵s27</em></span> <span class='ocrx_word' id='word_1_284' title='bbox 227 1387 335 1433; x_wconf 86' lang='lat' dir='ltr'><strong>plane</strong></span> <span class='ocrx_word' id='word_1_285' title='bbox 359 1390 623 1428; x_wconf 82' lang='lat' dir='ltr'><strong>inconcinnum.</strong></span> <span class='ocrx_word' id='word_1_286' title='bbox 648 1396 774 1428; x_wconf 85' lang='lat' dir='ltr'><strong>tonum</strong></span> <span class='ocrx_word' id='word_1_287' title='bbox 799 1403 847 1427; x_wconf 90' lang='lat' dir='ltr'><strong>sc.</strong></span> <span class='ocrx_word' id='word_1_288' title='bbox 876 1393 1055 1438; x_wconf 83' lang='lat' dir='ltr'><strong>majorem,</strong></span> <span class='ocrx_word' id='word_1_289' title='bbox 1082 1393 1140 1429; x_wconf 89' lang='lat' dir='ltr'><strong>cui</strong></span> <span class='ocrx_word' id='word_1_290' title='bbox 1165 1392 1308 1428; x_wconf 88' lang='lat' dir='ltr'><strong>ademta</strong></span> <span class='ocrx_word' id='word_1_291' title='bbox 1332 1393 1380 1428; x_wconf 85' lang='lat' dir='ltr'><strong>sit</strong></span> <span class='ocrx_word' id='word_1_292' title='bbox 1405 1391 1525 1427; x_wconf 91' lang='lat' dir='ltr'><strong>diesis.</strong></span> 
     </span>
    </p>
   </div>
   <div class='ocr_carea' id='block_1_4' title="bbox 128 1453 1935 1917">
    <p class='ocr_par' dir='ltr' id='par_1_5' title="bbox 128 1453 1935 1917">
     <span class='ocr_line' id='line_1_25' title="bbox 245 1453 1928 1503; baseline 0.001 -15"><span class='ocrx_word' id='word_1_293' title='bbox 245 1453 384 1490; x_wconf 90' lang='lat' dir='ltr'><strong>Eodem</strong></span> <span class='ocrx_word' id='word_1_294' title='bbox 408 1456 514 1491; x_wconf 92' lang='lat' dir='ltr'><strong>modo</strong></span> <span class='ocrx_word' id='word_1_295' title='bbox 539 1456 772 1501; x_wconf 85' lang='lat' dir='ltr'><strong>probabitur,</strong></span> <span class='ocrx_word' id='word_1_296' title='bbox 810 1456 937 1493; x_wconf 84' lang='lat' dir='ltr'><strong>Martis</strong></span> <span class='ocrx_word' id='word_1_297' title='bbox 975 1457 1158 1503; x_wconf 86' lang='lat' dir='ltr'><strong>aphelium</strong></span> <span class='ocrx_word' id='word_1_298' title='bbox 1191 1456 1300 1492; x_wconf 89' lang='lat' dir='ltr'><strong>etiam</strong></span> <span class='ocrx_word' id='word_1_299' title='bbox 1332 1467 1354 1491; x_wconf 85' lang='lat' dir='ltr'><strong>a</strong></span> <span class='ocrx_word' id='word_1_300' title='bbox 1378 1455 1533 1491; x_wconf 82' lang='lat' dir='ltr'><strong>Telluris</strong></span> <span class='ocrx_word' id='word_1_301' title='bbox 1558 1455 1717 1492; x_wconf 88' lang='lat' dir='ltr'><strong>motibus</strong></span> <span class='ocrx_word' id='word_1_302' title='bbox 1743 1454 1928 1491; x_wconf 86' lang='lat' dir='ltr'><strong>dissidere.</strong></span> 
     </span>
     <span class='ocr_line' id='line_1_26' title="bbox 128 1501 1929 1555; baseline 0.003 -18"><span class='ocrx_word' id='word_1_303' title='bbox 128 1501 221 1538; x_wconf 88' lang='lat' dir='ltr'><strong>Nam</strong></span> <span class='ocrx_word' id='word_1_304' title='bbox 246 1507 330 1550; x_wconf 86' lang='lat' dir='ltr'><strong>quia</strong></span> <span class='ocrx_word' id='word_1_305' title='bbox 355 1518 435 1543; x_wconf 91' lang='lat' dir='ltr'><strong>cum</strong></span> <span class='ocrx_word' id='word_1_306' title='bbox 459 1509 635 1554; x_wconf 88' lang='lat' dir='ltr'><strong>perihelio</strong></span> <span class='ocrx_word' id='word_1_307' title='bbox 660 1510 811 1545; x_wconf 84' lang='lat' dir='ltr'><strong>Veneris</strong></span> <span class='ocrx_word' id='word_1_308' title='bbox 849 1510 1076 1545; x_wconf 88' lang='lat' dir='ltr'><strong>semitonium</strong></span> <span class='ocrx_word' id='word_1_309' title='bbox 1102 1514 1139 1545; x_wconf 92' lang='lat' dir='ltr'><strong>et</strong></span> <span class='ocrx_word' id='word_1_310' title='bbox 1162 1519 1300 1544; x_wconf 85' lang='lat' dir='ltr'><strong>comma</strong></span> <span class='ocrx_word' id='word_1_311' title='bbox 1323 1509 1427 1553; x_wconf 87' lang='lat' dir='ltr'><strong>facit,</strong></span> <span class='ocrx_word' id='word_1_312' title='bbox 1463 1520 1529 1555; x_wconf 90' lang='lat' dir='ltr'><strong>per</strong></span> <span class='ocrx_word' id='word_1_313' title='bbox 1553 1508 1666 1554; x_wconf 87' lang='lat' dir='ltr'><strong>dicta,</strong></span> <span class='ocrx_word' id='word_1_314' title='bbox 1697 1508 1733 1544; x_wconf 89' lang='lat' dir='ltr'><strong>id</strong></span> <span class='ocrx_word' id='word_1_315' title='bbox 1759 1513 1815 1544; x_wconf 88' lang='lat' dir='ltr'><strong>est</strong></span> <span class='ocrx_word' id='word_1_316' title='bbox 1842 1509 1929 1555; x_wconf 67' lang='lat' dir='ltr'><strong>“lm</strong></span> 
     </span>
     <span class='ocr_line' id='line_1_27' title="bbox 129 1557 1935 1607; baseline 0.003 -15"><span class='ocrx_word' id='word_1_317' title='bbox 129 1557 192 1592; x_wconf 90' lang='lat' dir='ltr'><strong>sed</strong></span> <span class='ocrx_word' id='word_1_318' title='bbox 226 1559 391 1603; x_wconf 90' lang='lat' dir='ltr'><strong>perihelii</strong></span> <span class='ocrx_word' id='word_1_319' title='bbox 425 1561 558 1596; x_wconf 87' lang='lat' dir='ltr'><strong>Terrae</strong></span> <span class='ocrx_word' id='word_1_320' title='bbox 594 1567 631 1597; x_wconf 91' lang='lat' dir='ltr'><strong>et</strong></span> <span class='ocrx_word' id='word_1_321' title='bbox 654 1562 806 1597; x_wconf 87' lang='lat' dir='ltr'><strong>Veneris</strong></span> <span class='ocrx_word' id='word_1_322' title='bbox 844 1562 981 1597; x_wconf 87' lang='lat' dir='ltr'><strong>faciunt</strong></span> <span class='ocrx_word' id='word_1_323' title='bbox 1017 1566 1157 1598; x_wconf 81' lang='lat' dir='ltr'><strong>sextam</strong></span> <span class='ocrx_word' id='word_1_324' title='bbox 1189 1562 1332 1598; x_wconf 90' lang='lat' dir='ltr'><strong>mollem</strong></span> <span class='ocrx_word' id='word_1_325' title='bbox 1369 1562 1413 1605; x_wconf 57' lang='lat' dir='ltr'><strong>‘&#39;’lg</strong></span> <span class='ocrx_word' id='word_1_326' title='bbox 1437 1572 1502 1597; x_wconf 89' lang='lat' dir='ltr'><strong>seu</strong></span> <span class='ocrx_word' id='word_1_327' title='bbox 1531 1561 1605 1607; x_wconf 72' lang='lat'><strong>¹⁵!2⁴</strong></span> <span class='ocrx_word' id='word_1_328' title='bbox 1637 1572 1703 1607; x_wconf 91' lang='lat' dir='ltr'><strong>per</strong></span> <span class='ocrx_word' id='word_1_329' title='bbox 1739 1572 1842 1607; x_wconf 87' lang='lat' dir='ltr'><strong>prop.</strong></span> <span class='ocrx_word' id='word_1_330' title='bbox 1867 1562 1935 1598; x_wconf 56' lang='lat'><strong>275</strong></span> 
     </span>
     <span class='ocr_line' id='line_1_28' title="bbox 129 1609 1930 1660; baseline 0.004 -17"><span class='ocrx_word' id='word_1_331' title='bbox 129 1609 257 1645; x_wconf 86' lang='lat' dir='ltr'><strong>Martis</strong></span> <span class='ocrx_word' id='word_1_332' title='bbox 281 1611 391 1656; x_wconf 85' lang='lat' dir='ltr'><strong>igitur</strong></span> <span class='ocrx_word' id='word_1_333' title='bbox 415 1613 579 1659; x_wconf 89' lang='lat' dir='ltr'><strong>aphelius</strong></span> <span class='ocrx_word' id='word_1_334' title='bbox 605 1625 686 1650; x_wconf 88' lang='lat' dir='ltr'><strong>cum</strong></span> <span class='ocrx_word' id='word_1_335' title='bbox 710 1614 884 1659; x_wconf 89' lang='lat' dir='ltr'><strong>perihelio</strong></span> <span class='ocrx_word' id='word_1_336' title='bbox 903 1614 1058 1650; x_wconf 88' lang='lat' dir='ltr'><strong>Telluris</strong></span> <span class='ocrx_word' id='word_1_337' title='bbox 1084 1614 1233 1660; x_wconf 88' lang='lat' dir='ltr'><strong>(additis</strong></span> <span class='ocrx_word' id='word_1_338' title='bbox 1258 1614 1310 1649; x_wconf 90' lang='lat' dir='ltr'><strong>illi</strong></span> <span class='ocrx_word' id='word_1_339' title='bbox 1335 1615 1490 1659; x_wconf 87' lang='lat' dir='ltr'><strong>octavis)</strong></span> <span class='ocrx_word' id='word_1_340' title='bbox 1525 1614 1634 1650; x_wconf 87' lang='lat' dir='ltr'><strong>faciet</strong></span> <span class='ocrx_word' id='word_1_341' title='bbox 1662 1613 1733 1660; x_wconf 62' lang='lat'><strong>¹⁴(24</strong></span> <span class='ocrx_word' id='word_1_342' title='bbox 1758 1625 1823 1650; x_wconf 86' lang='lat' dir='ltr'><strong>seu</strong></span> <span class='ocrx_word' id='word_1_343' title='bbox 1854 1614 1930 1659; x_wconf 65' lang='lat'><strong>⁷112,</strong></span> 
     </span>
     <span class='ocr_line' id='line_1_29' title="bbox 128 1660 1928 1713; baseline 0.004 -18"><span class='ocrx_word' id='word_1_344' title='bbox 128 1660 379 1700; x_wconf 87' lang='lat' dir='ltr'><strong>inconcinnum</strong></span> <span class='ocrx_word' id='word_1_345' title='bbox 404 1666 651 1712; x_wconf 87' lang='lat' dir='ltr'><strong>intervallum,</strong></span> <span class='ocrx_word' id='word_1_346' title='bbox 687 1666 819 1702; x_wconf 91' lang='lat' dir='ltr'><strong>nedum</strong></span> <span class='ocrx_word' id='word_1_347' title='bbox 845 1667 1109 1712; x_wconf 84' lang='lat' dir='ltr'><strong>harmonicum,</strong></span> <span class='ocrx_word' id='word_1_348' title='bbox 1146 1670 1186 1703; x_wconf 91' lang='lat' dir='ltr'><strong>ut</strong></span> <span class='ocrx_word' id='word_1_349' title='bbox 1210 1671 1246 1703; x_wconf 89' lang='lat' dir='ltr'><strong>et</strong></span> <span class='ocrx_word' id='word_1_350' title='bbox 1273 1667 1330 1713; x_wconf 65' lang='lat' dir='ltr'><strong>⁷l3.</strong></span> <span class='ocrx_word' id='word_1_351' title='bbox 1380 1668 1450 1704; x_wconf 86' lang='lat' dir='ltr'><strong>Est</strong></span> <span class='ocrx_word' id='word_1_352' title='bbox 1481 1679 1515 1702; x_wconf 91' lang='lat' dir='ltr'><strong>n.</strong></span> <span class='ocrx_word' id='word_1_353' title='bbox 1540 1667 1724 1703; x_wconf 88' lang='lat' dir='ltr'><strong>dissonum</strong></span> <span class='ocrx_word' id='word_1_354' title='bbox 1749 1672 1786 1703; x_wconf 93' lang='lat' dir='ltr'><strong>et</strong></span> <span class='ocrx_word' id='word_1_355' title='bbox 1807 1667 1928 1704; x_wconf 87' lang='lat' dir='ltr'><strong>incon-</strong></span> 
     </span>
     <span class='ocr_line' id='line_1_30' title="bbox 130 1714 1929 1763; baseline 0.004 -15"><span class='ocrx_word' id='word_1_356' title='bbox 130 1714 273 1750; x_wconf 89' lang='lat' dir='ltr'><strong>cinnum</strong></span> <span class='ocrx_word' id='word_1_357' title='bbox 297 1717 468 1763; x_wconf 88' lang='lat' dir='ltr'><strong>quicquid</strong></span> <span class='ocrx_word' id='word_1_358' title='bbox 493 1723 548 1754; x_wconf 89' lang='lat' dir='ltr'><strong>est</strong></span> <span class='ocrx_word' id='word_1_359' title='bbox 572 1723 665 1754; x_wconf 87' lang='lat' dir='ltr'><strong>mter</strong></span> <span class='ocrx_word' id='word_1_360' title='bbox 690 1718 732 1763; x_wconf 60' lang='grc' dir='ltr'><strong>5Ιὸ</strong></span> <span class='ocrx_word' id='word_1_361' title='bbox 758 1723 794 1754; x_wconf 90' lang='lat' dir='ltr'><strong>et</strong></span> <span class='ocrx_word' id='word_1_362' title='bbox 819 1718 880 1763; x_wconf 59' lang='lat'><strong>³79,</strong></span> <span class='ocrx_word' id='word_1_363' title='bbox 919 1724 959 1755; x_wconf 93' lang='lat' dir='ltr'><strong>ut</strong></span> <span class='ocrx_word' id='word_1_364' title='bbox 992 1719 1051 1755; x_wconf 90' lang='lat' dir='ltr'><strong>hic</strong></span> <span class='ocrx_word' id='word_1_365' title='bbox 1076 1720 1129 1763; x_wconf 73' lang='lat'><strong>⁶(7.</strong></span> <span class='ocrx_word' id='word_1_366' title='bbox 1179 1719 1250 1755; x_wconf 88' lang='lat' dir='ltr'><strong>Sed</strong></span> <span class='ocrx_word' id='word_1_367' title='bbox 1284 1730 1352 1755; x_wconf 90' lang='lat' dir='ltr'><strong>nec</strong></span> <span class='ocrx_word' id='word_1_368' title='bbox 1383 1720 1478 1755; x_wconf 90' lang='lat' dir='ltr'><strong>ullus</strong></span> <span class='ocrx_word' id='word_1_369' title='bbox 1512 1719 1604 1756; x_wconf 87' lang='lat' dir='ltr'><strong>alius</strong></span> <span class='ocrx_word' id='word_1_370' title='bbox 1630 1719 1784 1754; x_wconf 76' lang='lat' dir='ltr'><strong>Telluris</strong></span> <span class='ocrx_word' id='word_1_371' title='bbox 1810 1724 1929 1756; x_wconf 88' lang='lat' dir='ltr'><strong>motus</strong></span> 
     </span>
     <span class='ocr_line' id='line_1_31' title="bbox 129 1768 1929 1825; baseline 0.003 -24"><span class='ocrx_word' id='word_1_372' title='bbox 129 1768 348 1805; x_wconf 88' lang='lat' dir='ltr'><strong>concordare</strong></span> <span class='ocrx_word' id='word_1_373' title='bbox 372 1775 495 1816; x_wconf 86' lang='lat' dir='ltr'><strong>potest</strong></span> <span class='ocrx_word' id='word_1_374' title='bbox 520 1782 601 1807; x_wconf 92' lang='lat' dir='ltr'><strong>cum</strong></span> <span class='ocrx_word' id='word_1_375' title='bbox 625 1771 769 1816; x_wconf 89' lang='lat' dir='ltr'><strong>aphelio</strong></span> <span class='ocrx_word' id='word_1_376' title='bbox 793 1772 934 1808; x_wconf 87' lang='lat' dir='ltr'><strong>Martis.</strong></span> <span class='ocrx_word' id='word_1_377' title='bbox 983 1773 1075 1808; x_wconf 89' lang='lat' dir='ltr'><strong>Nam</strong></span> <span class='ocrx_word' id='word_1_378' title='bbox 1099 1783 1208 1818; x_wconf 86' lang='lat' dir='ltr'><strong>supra</strong></span> <span class='ocrx_word' id='word_1_379' title='bbox 1226 1772 1370 1818; x_wconf 76' lang='lat' dir='ltr'><strong>dictum,</strong></span> <span class='ocrx_word' id='word_1_380' title='bbox 1397 1773 1494 1818; x_wconf 90' lang='lat' dir='ltr'><strong>quod</strong></span> <span class='ocrx_word' id='word_1_381' title='bbox 1517 1773 1548 1808; x_wconf 89' lang='lat' dir='ltr'><strong>is</strong></span> <span class='ocrx_word' id='word_1_382' title='bbox 1574 1783 1655 1807; x_wconf 90' lang='lat' dir='ltr'><strong>cum</strong></span> <span class='ocrx_word' id='word_1_383' title='bbox 1679 1771 1823 1817; x_wconf 86' lang='lat' dir='ltr'><strong>aphelio</strong></span> <span class='ocrx_word' id='word_1_384' title='bbox 1848 1771 1929 1825; x_wconf 55' lang='lat' dir='ltr'><strong>Tel:</strong></span> 
     </span>
     <span class='ocr_line' id='line_1_32' title="bbox 129 1820 1928 1870; baseline 0.002 -15"><span class='ocrx_word' id='word_1_385' title='bbox 129 1820 217 1856; x_wconf 86' lang='lat' dir='ltr'><strong>luris</strong></span> <span class='ocrx_word' id='word_1_386' title='bbox 242 1821 351 1857; x_wconf 84' lang='lat' dir='ltr'><strong>faciat</strong></span> <span class='ocrx_word' id='word_1_387' title='bbox 378 1823 449 1868; x_wconf 68' lang='lat' dir='ltr'><strong>²³⁵³]m</strong></span> <span class='ocrx_word' id='word_1_388' title='bbox 476 1824 728 1860; x_wconf 88' lang='lat' dir='ltr'><strong>inconcinnum</strong></span> <span class='ocrx_word' id='word_1_389' title='bbox 754 1825 1005 1870; x_wconf 82' lang='lat' dir='ltr'><strong>(dissimulatis</strong></span> <span class='ocrx_word' id='word_1_390' title='bbox 1043 1825 1215 1869; x_wconf 87' lang='lat' dir='ltr'><strong>octavis):</strong></span> <span class='ocrx_word' id='word_1_391' title='bbox 1248 1824 1325 1870; x_wconf 80' lang='lat' dir='ltr'><strong>jam</strong></span> <span class='ocrx_word' id='word_1_392' title='bbox 1349 1835 1433 1861; x_wconf 88' lang='lat' dir='ltr'><strong>vero</strong></span> <span class='ocrx_word' id='word_1_393' title='bbox 1459 1835 1481 1860; x_wconf 90' lang='lat' dir='ltr'><strong>a</strong></span> <span class='ocrx_word' id='word_1_394' title='bbox 1505 1825 1545 1868; x_wconf 77' lang='lat' dir='ltr'><strong>⁶l⁷</strong></span> <span class='ocrx_word' id='word_1_395' title='bbox 1572 1824 1629 1859; x_wconf 90' lang='lat' dir='ltr'><strong>vel</strong></span> <span class='ocrx_word' id='word_1_396' title='bbox 1655 1823 1728 1868; x_wconf 56' lang='lat'><em>²⁴12„</em></span> <span class='ocrx_word' id='word_1_397' title='bbox 1752 1834 1869 1869; x_wconf 88' lang='lat' dir='ltr'><strong>usque</strong></span> <span class='ocrx_word' id='word_1_398' title='bbox 1892 1824 1928 1859; x_wconf 87' lang='lat' dir='ltr'><strong>in</strong></span> 
     </span>
     <span class='ocr_line' id='line_1_33' title="bbox 131 1872 1266 1917; baseline 0.002 -7"><span class='ocrx_word' id='word_1_399' title='bbox 131 1872 205 1917; x_wconf 77' lang='lat' dir='ltr'><strong>²⁵l2⁷</strong></span> <span class='ocrx_word' id='word_1_400' title='bbox 242 1875 361 1910; x_wconf 90' lang='lat' dir='ltr'><strong>omnia</strong></span> <span class='ocrx_word' id='word_1_401' title='bbox 397 1882 481 1912; x_wconf 90' lang='lat' dir='ltr'><strong>sunt</strong></span> <span class='ocrx_word' id='word_1_402' title='bbox 507 1877 645 1912; x_wconf 90' lang='lat' dir='ltr'><strong>minora</strong></span> <span class='ocrx_word' id='word_1_403' title='bbox 668 1877 814 1912; x_wconf 91' lang='lat' dir='ltr'><strong>minimo</strong></span> <span class='ocrx_word' id='word_1_404' title='bbox 839 1877 1025 1913; x_wconf 88' lang='lat' dir='ltr'><strong>intervallo</strong></span> <span class='ocrx_word' id='word_1_405' title='bbox 1049 1877 1266 1913; x_wconf 89' lang='lat' dir='ltr'><strong>harmonico.</strong></span> 
     </span>
    </p>
   </div>
   <div class='ocr_carea' id='block_1_5' title="bbox 130 1947 1974 2930">
    <p class='ocr_par' dir='ltr' id='par_1_6' title="bbox 130 1947 1974 2930">
     <span class='ocr_line' id='line_1_34' title="bbox 246 1947 1927 2000; baseline 0.002 -15"><span class='ocrx_word' id='word_1_406' title='bbox 246 1947 571 1988; x_wconf 78' lang='lat' dir='ltr'><strong>Corollarium</strong></span> <span class='ocrx_word' id='word_1_407' title='bbox 602 1950 751 1988; x_wconf 89' lang='lat' dir='ltr'>XLIV.</span> <span class='ocrx_word' id='word_1_408' title='bbox 813 1950 928 1988; x_wconf 90' lang='lat' dir='ltr'><strong>Patet</strong></span> <span class='ocrx_word' id='word_1_409' title='bbox 959 1951 1076 1999; x_wconf 86' lang='lat' dir='ltr'><strong>igitur</strong></span> <span class='ocrx_word' id='word_1_410' title='bbox 1106 1961 1151 1987; x_wconf 87' lang='lat' dir='ltr'><strong>ex</strong></span> <span class='ocrx_word' id='word_1_411' title='bbox 1183 1949 1258 1988; x_wconf 90' lang='lat' dir='ltr'><strong>hac</strong></span> <span class='ocrx_word' id='word_1_412' title='bbox 1288 1960 1396 2000; x_wconf 87' lang='lat' dir='ltr'><strong>prop.</strong></span> <span class='ocrx_word' id='word_1_413' title='bbox 1419 1950 1486 1987; x_wconf 87' lang='grc'><strong>43.</strong></span> <span class='ocrx_word' id='word_1_414' title='bbox 1518 1947 1565 1988; x_wconf 91' lang='lat' dir='ltr'><strong>de</strong></span> <span class='ocrx_word' id='word_1_415' title='bbox 1586 1947 1691 1987; x_wconf 87' lang='lat' dir='ltr'><strong>Jove</strong></span> <span class='ocrx_word' id='word_1_416' title='bbox 1721 1953 1759 1987; x_wconf 91' lang='lat' dir='ltr'><strong>et</strong></span> <span class='ocrx_word' id='word_1_417' title='bbox 1788 1948 1927 1998; x_wconf 88' lang='lat' dir='ltr'><strong>Marte,</strong></span> 
     </span>
     <span class='ocr_line' id='line_1_35' title="bbox 131 2005 1927 2056; baseline 0.001 -12"><span class='ocrx_word' id='word_1_418' title='bbox 131 2009 170 2044; x_wconf 83' lang='lat' dir='ltr'><strong>et</strong></span> <span class='ocrx_word' id='word_1_419' title='bbox 200 2016 247 2044; x_wconf 85' lang='lat' dir='ltr'><strong>ex</strong></span> <span class='ocrx_word' id='word_1_420' title='bbox 279 2006 345 2047; x_wconf 82' lang='lat'><strong>39.</strong></span> <span class='ocrx_word' id='word_1_421' title='bbox 376 2007 423 2045; x_wconf 92' lang='lat' dir='ltr'><strong>de</strong></span> <span class='ocrx_word' id='word_1_422' title='bbox 454 2008 622 2046; x_wconf 85' lang='lat' dir='ltr'><strong>Saturno</strong></span> <span class='ocrx_word' id='word_1_423' title='bbox 655 2014 693 2046; x_wconf 88' lang='lat' dir='ltr'><strong>et</strong></span> <span class='ocrx_word' id='word_1_424' title='bbox 723 2007 845 2056; x_wconf 86' lang='lat' dir='ltr'><strong>Jove,</strong></span> <span class='ocrx_word' id='word_1_425' title='bbox 888 2013 926 2046; x_wconf 86' lang='lat' dir='ltr'><strong>et</strong></span> <span class='ocrx_word' id='word_1_426' title='bbox 955 2019 1003 2045; x_wconf 83' lang='lat' dir='ltr'><strong>ex</strong></span> <span class='ocrx_word' id='word_1_427' title='bbox 1036 2009 1100 2047; x_wconf 87' lang='lat'><strong>36.</strong></span> <span class='ocrx_word' id='word_1_428' title='bbox 1132 2006 1178 2046; x_wconf 91' lang='lat' dir='ltr'><strong>de</strong></span> <span class='ocrx_word' id='word_1_429' title='bbox 1209 2006 1314 2046; x_wconf 85' lang='lat' dir='ltr'><strong>Jove</strong></span> <span class='ocrx_word' id='word_1_430' title='bbox 1345 2013 1384 2046; x_wconf 91' lang='lat' dir='ltr'><strong>et</strong></span> <span class='ocrx_word' id='word_1_431' title='bbox 1414 2005 1592 2054; x_wconf 89' lang='lat' dir='ltr'><strong>Tellure,</strong></span> <span class='ocrx_word' id='word_1_432' title='bbox 1633 2011 1671 2044; x_wconf 89' lang='lat' dir='ltr'><strong>et</strong></span> <span class='ocrx_word' id='word_1_433' title='bbox 1702 2018 1749 2046; x_wconf 84' lang='lat' dir='ltr'><strong>ex</strong></span> <span class='ocrx_word' id='word_1_434' title='bbox 1781 2008 1846 2046; x_wconf 81' lang='lat'><strong>32.</strong></span> <span class='ocrx_word' id='word_1_435' title='bbox 1881 2007 1927 2046; x_wconf 91' lang='lat' dir='ltr'><strong>de</strong></span> 
     </span>
     <span class='ocr_line' id='line_1_36' title="bbox 131 2062 1927 2116; baseline 0.002 -16"><span class='ocrx_word' id='word_1_436' title='bbox 131 2062 320 2110; x_wconf 79' lang='lat' dir='ltr'><strong>Saturno,</strong></span> <span class='ocrx_word' id='word_1_437' title='bbox 354 2076 420 2103; x_wconf 89' lang='lat' dir='ltr'><strong>cur</strong></span> <span class='ocrx_word' id='word_1_438' title='bbox 450 2078 569 2116; x_wconf 90' lang='lat' dir='ltr'><strong>supra</strong></span> <span class='ocrx_word' id='word_1_439' title='bbox 598 2075 682 2116; x_wconf 84' lang='lat' dir='ltr'><strong>cap.</strong></span> <span class='ocrx_word' id='word_1_440' title='bbox 709 2066 745 2104; x_wconf 84' lang='lat'><strong>5.</strong></span> <span class='ocrx_word' id='word_1_441' title='bbox 767 2067 1011 2116; x_wconf 85' lang='lat' dir='ltr'><strong>planetarum</strong></span> <span class='ocrx_word' id='word_1_442' title='bbox 1031 2072 1159 2104; x_wconf 90' lang='lat' dir='ltr'><strong>motus</strong></span> <span class='ocrx_word' id='word_1_443' title='bbox 1182 2070 1373 2105; x_wconf 88' lang='lat' dir='ltr'><strong>extremos</strong></span> <span class='ocrx_word' id='word_1_444' title='bbox 1400 2071 1531 2114; x_wconf 82' lang='lat' dir='ltr'><strong>⁴neque</strong></span> <span class='ocrx_word' id='word_1_445' title='bbox 1562 2076 1696 2103; x_wconf 88' lang='lat' dir='ltr'><strong>omnes</strong></span> <span class='ocrx_word' id='word_1_446' title='bbox 1727 2064 1779 2103; x_wconf 89' lang='lat' dir='ltr'><strong>ad</strong></span> <span class='ocrx_word' id='word_1_447' title='bbox 1808 2077 1927 2103; x_wconf 89' lang='lat' dir='ltr'><strong>unum</strong></span> 
     </span>
     <span class='ocr_line' id='line_1_37' title="bbox 131 2122 1925 2174; baseline 0.002 -16"><span class='ocrx_word' id='word_1_448' title='bbox 131 2127 304 2171; x_wconf 85' lang='lat' dir='ltr'><strong>systema</strong></span> <span class='ocrx_word' id='word_1_449' title='bbox 335 2123 510 2162; x_wconf 84' lang='lat' dir='ltr'><strong>naturale</strong></span> <span class='ocrx_word' id='word_1_450' title='bbox 542 2135 611 2163; x_wconf 89' lang='lat' dir='ltr'><strong>seu</strong></span> <span class='ocrx_word' id='word_1_451' title='bbox 643 2124 788 2162; x_wconf 88' lang='lat' dir='ltr'><strong>scalam</strong></span> <span class='ocrx_word' id='word_1_452' title='bbox 809 2125 998 2162; x_wconf 88' lang='lat' dir='ltr'><strong>musicam</strong></span> <span class='ocrx_word' id='word_1_453' title='bbox 1027 2124 1305 2173; x_wconf 79' lang='lat' dir='ltr'><strong>perfectissime</strong></span> <span class='ocrx_word' id='word_1_454' title='bbox 1327 2122 1639 2162; x_wconf 90' lang='lat' dir='ltr'><strong>accommodatos</strong></span> <span class='ocrx_word' id='word_1_455' title='bbox 1657 2135 1757 2174; x_wconf 86' lang='lat' dir='ltr'><strong>esse,</strong></span> <span class='ocrx_word' id='word_1_456' title='bbox 1787 2134 1925 2174; x_wconf 88' lang='lat' dir='ltr'><strong>neque,</strong></span> 
     </span>
     <span class='ocr_line' id='line_1_38' title="bbox 132 2180 1924 2232; baseline 0.002 -16"><span class='ocrx_word' id='word_1_457' title='bbox 132 2181 198 2229; x_wconf 87' lang='lat' dir='ltr'><strong>qui</strong></span> <span class='ocrx_word' id='word_1_458' title='bbox 230 2180 281 2218; x_wconf 91' lang='lat' dir='ltr'><strong>ad</strong></span> <span class='ocrx_word' id='word_1_459' title='bbox 311 2188 483 2232; x_wconf 86' lang='lat' dir='ltr'><strong>systema</strong></span> <span class='ocrx_word' id='word_1_460' title='bbox 513 2183 700 2221; x_wconf 89' lang='lat' dir='ltr'><strong>tensionis</strong></span> <span class='ocrx_word' id='word_1_461' title='bbox 733 2182 908 2231; x_wconf 84' lang='lat' dir='ltr'><strong>ejusdem</strong></span> <span class='ocrx_word' id='word_1_462' title='bbox 939 2181 1223 2220; x_wconf 84' lang='lat' dir='ltr'><strong>accommodati</strong></span> <span class='ocrx_word' id='word_1_463' title='bbox 1255 2188 1374 2228; x_wconf 86' lang='lat' dir='ltr'><strong>erant,</strong></span> <span class='ocrx_word' id='word_1_464' title='bbox 1423 2192 1556 2219; x_wconf 89' lang='lat' dir='ltr'><strong>omnes</strong></span> <span class='ocrx_word' id='word_1_465' title='bbox 1587 2180 1674 2219; x_wconf 90' lang='lat' dir='ltr'><strong>illos</strong></span> <span class='ocrx_word' id='word_1_466' title='bbox 1705 2181 1791 2220; x_wconf 91' lang='lat' dir='ltr'><strong>loca</strong></span> <span class='ocrx_word' id='word_1_467' title='bbox 1822 2181 1924 2220; x_wconf 90' lang='lat' dir='ltr'><strong>illius</strong></span> 
     </span>
     <span class='ocr_line' id='line_1_39' title="bbox 130 2238 1924 2285; baseline 0.002 -10"><span class='ocrx_word' id='word_1_468' title='bbox 130 2238 297 2277; x_wconf 88' lang='lat' dir='ltr'><strong>naturali</strong></span> <span class='ocrx_word' id='word_1_469' title='bbox 329 2241 477 2279; x_wconf 85' lang='lat' dir='ltr'><strong>ratione</strong></span> <span class='ocrx_word' id='word_1_470' title='bbox 518 2240 697 2279; x_wconf 88' lang='lat' dir='ltr'><strong>divisisse</strong></span> <span class='ocrx_word' id='word_1_471' title='bbox 737 2252 806 2278; x_wconf 90' lang='lat' dir='ltr'><strong>seu</strong></span> <span class='ocrx_word' id='word_1_472' title='bbox 845 2242 1130 2278; x_wconf 84' lang='lat' dir='ltr'><strong>successionem</strong></span> <span class='ocrx_word' id='word_1_473' title='bbox 1176 2241 1450 2278; x_wconf 80' lang='lat' dir='ltr'><strong>concinnerum</strong></span> <span class='ocrx_word' id='word_1_474' title='bbox 1489 2238 1782 2285; x_wconf 86' lang='lat' dir='ltr'><strong>intervallorum</strong></span> <span class='ocrx_word' id='word_1_475' title='bbox 1822 2251 1924 2278; x_wconf 86' lang='lat' dir='ltr'><strong>mere</strong></span> 
     </span>
     <span class='ocr_line' id='line_1_40' title="bbox 131 2297 1925 2350; baseline 0.001 -16"><span class='ocrx_word' id='word_1_476' title='bbox 131 2297 347 2336; x_wconf 86' lang='lat' dir='ltr'><strong>naturalem</strong></span> <span class='ocrx_word' id='word_1_477' title='bbox 379 2298 551 2338; x_wconf 81' lang='lat' dir='ltr'><strong>effecisse</strong></span> <span class='ocrx_word' id='word_1_478' title='bbox 583 2298 863 2350; x_wconf 87' lang='lat' dir='ltr'><strong>deprehensum</strong></span> <span class='ocrx_word' id='word_1_479' title='bbox 894 2300 956 2336; x_wconf 90' lang='lat' dir='ltr'><strong>sit.</strong></span> <span class='ocrx_word' id='word_1_480' title='bbox 1017 2297 1119 2337; x_wconf 90' lang='lat' dir='ltr'><strong>Nam</strong></span> <span class='ocrx_word' id='word_1_481' title='bbox 1155 2299 1302 2347; x_wconf 89' lang='lat' dir='ltr'><strong>priores</strong></span> <span class='ocrx_word' id='word_1_482' title='bbox 1333 2302 1423 2335; x_wconf 88' lang='lat' dir='ltr'><strong>sunt</strong></span> <span class='ocrx_word' id='word_1_483' title='bbox 1462 2309 1624 2345; x_wconf 87' lang='lat' dir='ltr'><strong>causae,</strong></span> <span class='ocrx_word' id='word_1_484' title='bbox 1669 2298 1810 2347; x_wconf 90' lang='lat' dir='ltr'><strong>quibus</strong></span> <span class='ocrx_word' id='word_1_485' title='bbox 1841 2300 1925 2336; x_wconf 89' lang='lat' dir='ltr'><strong>sin-</strong></span> 
     </span>
     <span class='ocr_line' id='line_1_41' title="bbox 131 2355 1924 2407; baseline 0.001 -15"><span class='ocrx_word' id='word_1_486' title='bbox 131 2355 213 2404; x_wconf 90' lang='lat' dir='ltr'><strong>guli</strong></span> <span class='ocrx_word' id='word_1_487' title='bbox 244 2355 426 2405; x_wconf 86' lang='lat' dir='ltr'><strong>planetae</strong></span> <span class='ocrx_word' id='word_1_488' title='bbox 457 2357 631 2407; x_wconf 87' lang='lat' dir='ltr'><strong>singulas</strong></span> <span class='ocrx_word' id='word_1_489' title='bbox 663 2361 754 2395; x_wconf 89' lang='lat' dir='ltr'><strong>sunt</strong></span> <span class='ocrx_word' id='word_1_490' title='bbox 784 2358 887 2395; x_wconf 89' lang='lat' dir='ltr'><strong>nacti</strong></span> <span class='ocrx_word' id='word_1_491' title='bbox 917 2356 1160 2403; x_wconf 85' lang='lat' dir='ltr'><strong>harmonias,</strong></span> <span class='ocrx_word' id='word_1_492' title='bbox 1207 2356 1346 2404; x_wconf 88' lang='lat' dir='ltr'><strong>quibus</strong></span> <span class='ocrx_word' id='word_1_493' title='bbox 1378 2361 1416 2394; x_wconf 88' lang='lat' dir='ltr'><strong>et</strong></span> <span class='ocrx_word' id='word_1_494' title='bbox 1447 2367 1580 2394; x_wconf 89' lang='lat' dir='ltr'><strong>omnes</strong></span> <span class='ocrx_word' id='word_1_495' title='bbox 1621 2355 1802 2406; x_wconf 83' lang='lat' dir='ltr'><strong>planetae</strong></span> <span class='ocrx_word' id='word_1_496' title='bbox 1833 2356 1924 2394; x_wconf 84' lang='lat' dir='ltr'><strong>har·-</strong></span> 
     </span>
     <span class='ocr_line' id='line_1_42' title="bbox 131 2412 1924 2465; baseline 0.001 -14"><span class='ocrx_word' id='word_1_497' title='bbox 131 2415 282 2452; x_wconf 89' lang='lat' dir='ltr'><strong>monias</strong></span> <span class='ocrx_word' id='word_1_498' title='bbox 313 2416 564 2463; x_wconf 88' lang='lat' dir='ltr'><strong>universales,</strong></span> <span class='ocrx_word' id='word_1_499' title='bbox 598 2416 738 2465; x_wconf 89' lang='lat' dir='ltr'><strong>quibus</strong></span> <span class='ocrx_word' id='word_1_500' title='bbox 771 2414 934 2464; x_wconf 89' lang='lat' dir='ltr'><strong>denique</strong></span> <span class='ocrx_word' id='word_1_501' title='bbox 967 2420 1005 2452; x_wconf 91' lang='lat' dir='ltr'><strong>et</strong></span> <span class='ocrx_word' id='word_1_502' title='bbox 1029 2413 1260 2456; x_wconf 71' lang='lat' dir='ltr'><strong>,harmoniae</strong></span> <span class='ocrx_word' id='word_1_503' title='bbox 1291 2413 1531 2452; x_wconf 88' lang='lat' dir='ltr'><strong>universales</strong></span> <span class='ocrx_word' id='word_1_504' title='bbox 1562 2412 1639 2451; x_wconf 90' lang='lat' dir='ltr'><strong>duo</strong></span> <span class='ocrx_word' id='word_1_505' title='bbox 1669 2425 1823 2463; x_wconf 86' lang='lat' dir='ltr'><strong>genera,</strong></span> <span class='ocrx_word' id='word_1_506' title='bbox 1857 2414 1924 2452; x_wconf 84' lang='lat' dir='ltr'><strong>du-</strong></span> 
     </span>
     <span class='ocr_line' id='line_1_43' title="bbox 131 2471 1925 2524; baseline 0 -15"><span class='ocrx_word' id='word_1_507' title='bbox 131 2484 216 2510; x_wconf 91' lang='lat' dir='ltr'><strong>rum</strong></span> <span class='ocrx_word' id='word_1_508' title='bbox 250 2477 288 2510; x_wconf 90' lang='lat' dir='ltr'><strong>et</strong></span> <span class='ocrx_word' id='word_1_509' title='bbox 318 2473 455 2511; x_wconf 90' lang='lat' dir='ltr'><strong>molle:</strong></span> <span class='ocrx_word' id='word_1_510' title='bbox 489 2475 630 2523; x_wconf 88' lang='lat' dir='ltr'><strong>quibus</strong></span> <span class='ocrx_word' id='word_1_511' title='bbox 661 2474 811 2524; x_wconf 90' lang='lat' dir='ltr'><strong>positis,</strong></span> <span class='ocrx_word' id='word_1_512' title='bbox 838 2473 921 2522; x_wconf 88' lang='lat' dir='ltr'><strong>jam</strong></span> <span class='ocrx_word' id='word_1_513' title='bbox 942 2472 1148 2523; x_wconf 84' lang='lat' dir='ltr'><strong>impeditur</strong></span> <span class='ocrx_word' id='word_1_514' title='bbox 1168 2471 1390 2510; x_wconf 87' lang='lat' dir='ltr'><strong>omnimoda</strong></span> <span class='ocrx_word' id='word_1_515' title='bbox 1408 2471 1715 2510; x_wconf 87' lang='lat' dir='ltr'><strong>accommodatio</strong></span> <span class='ocrx_word' id='word_1_516' title='bbox 1736 2471 1786 2510; x_wconf 88' lang='lat' dir='ltr'><strong>ad</strong></span> <span class='ocrx_word' id='word_1_517' title='bbox 1807 2483 1925 2510; x_wconf 90' lang='lat' dir='ltr'><strong>uuum</strong></span> 
     </span>
     <span class='ocr_line' id='line_1_44' title="bbox 132 2529 1923 2583; baseline 0 -16"><span class='ocrx_word' id='word_1_518' title='bbox 132 2531 308 2570; x_wconf 86' lang='lat' dir='ltr'><strong>naturale</strong></span> <span class='ocrx_word' id='word_1_519' title='bbox 339 2536 522 2582; x_wconf 86' lang='lat' dir='ltr'><strong>systema.</strong></span> <span class='ocrx_word' id='word_1_520' title='bbox 585 2530 732 2580; x_wconf 85' lang='lat' dir='ltr'><strong>Quodsi</strong></span> <span class='ocrx_word' id='word_1_521' title='bbox 763 2531 854 2570; x_wconf 87' lang='lat' dir='ltr'><strong>illae</strong></span> <span class='ocrx_word' id='word_1_522' title='bbox 887 2543 1028 2570; x_wconf 87' lang='lat' dir='ltr'><strong>causae</strong></span> <span class='ocrx_word' id='word_1_523' title='bbox 1050 2542 1134 2583; x_wconf 59' lang='lat' dir='ltr'><strong>non¹</strong></span> <span class='ocrx_word' id='word_1_524' title='bbox 1148 2531 1449 2580; x_wconf 86' lang='lat' dir='ltr'><strong>praecessissent</strong></span> <span class='ocrx_word' id='word_1_525' title='bbox 1480 2530 1721 2577; x_wconf 85' lang='lat' dir='ltr'><strong>necessario,</strong></span> <span class='ocrx_word' id='word_1_526' title='bbox 1764 2529 1923 2568; x_wconf 89' lang='lat' dir='ltr'><strong>dubium</strong></span> 
     </span>
     <span class='ocr_line' id='line_1_45' title="bbox 135 2584 1974 2639; baseline -0.002 -13"><span class='ocrx_word' id='word_1_527' title='bbox 135 2588 283 2627; x_wconf 89' lang='lat' dir='ltr'><strong>nullum</strong></span> <span class='ocrx_word' id='word_1_528' title='bbox 315 2595 394 2636; x_wconf 86' lang='lat' dir='ltr'><strong>est,</strong></span> <span class='ocrx_word' id='word_1_529' title='bbox 440 2591 531 2638; x_wconf 92' lang='lat' dir='ltr'><strong>quin</strong></span> <span class='ocrx_word' id='word_1_530' title='bbox 564 2588 626 2627; x_wconf 89' lang='lat' dir='ltr'><strong>vel</strong></span> <span class='ocrx_word' id='word_1_531' title='bbox 658 2601 776 2626; x_wconf 91' lang='lat' dir='ltr'><strong>unum</strong></span> <span class='ocrx_word' id='word_1_532' title='bbox 807 2594 979 2639; x_wconf 86' lang='lat' dir='ltr'><strong>systema</strong></span> <span class='ocrx_word' id='word_1_533' title='bbox 1012 2600 1169 2638; x_wconf 90' lang='lat' dir='ltr'><strong>unaque</strong></span> <span class='ocrx_word' id='word_1_534' title='bbox 1210 2587 1294 2637; x_wconf 90' lang='lat' dir='ltr'><strong>ejus</strong></span> <span class='ocrx_word' id='word_1_535' title='bbox 1326 2589 1451 2626; x_wconf 90' lang='lat' dir='ltr'><strong>tensio</strong></span> <span class='ocrx_word' id='word_1_536' title='bbox 1483 2584 1925 2638; x_wconf 81' lang='lat' dir='ltr'><strong>planetarum‘omuium</strong></span> <span class='ocrx_word' id='word_1_537' title='bbox 1964 2610 1974 2622; x_wconf 75' lang='grc'><em>,</em></span> 
     </span>
     <span class='ocr_line' id='line_1_46' title="bbox 133 2646 1924 2700; baseline -0.001 -15"><span class='ocrx_word' id='word_1_538' title='bbox 133 2651 260 2685; x_wconf 82' lang='lat' dir='ltr'><strong>motus</strong></span> <span class='ocrx_word' id='word_1_539' title='bbox 292 2652 482 2686; x_wconf 86' lang='lat' dir='ltr'><strong>extremos</strong></span> <span class='ocrx_word' id='word_1_540' title='bbox 513 2647 757 2696; x_wconf 86' lang='lat' dir='ltr'><strong>complexum</strong></span> <span class='ocrx_word' id='word_1_541' title='bbox 788 2653 910 2696; x_wconf 81' lang='lat' dir='ltr'><strong>esset3</strong></span> <span class='ocrx_word' id='word_1_542' title='bbox 957 2646 1018 2685; x_wconf 85' lang='lat' dir='ltr'><strong>vel</strong></span> <span class='ocrx_word' id='word_1_543' title='bbox 1049 2647 1081 2684; x_wconf 89' lang='lat' dir='ltr'><strong>si</strong></span> <span class='ocrx_word' id='word_1_544' title='bbox 1122 2646 1274 2700; x_wconf 75' lang='lat' dir='ltr'><strong>duobus</strong></span> <span class='ocrx_word' id='word_1_545' title='bbox 1317 2646 1594 2696; x_wconf 85' lang='lat' dir='ltr'><strong>systematibus</strong></span> <span class='ocrx_word' id='word_1_546' title='bbox 1626 2657 1724 2695; x_wconf 92' lang='lat' dir='ltr'><strong>opus</strong></span> <span class='ocrx_word' id='word_1_547' title='bbox 1755 2646 1826 2684; x_wconf 81' lang='lat' dir='ltr'><strong>fuit</strong></span> <span class='ocrx_word' id='word_1_548' title='bbox 1855 2657 1924 2696; x_wconf 88' lang='lat' dir='ltr'><strong>pro</strong></span> 
     </span>
     <span class='ocr_line' id='line_1_47' title="bbox 134 2703 1924 2754; baseline -0.002 -11"><span class='ocrx_word' id='word_1_549' title='bbox 134 2705 286 2743; x_wconf 91' lang='lat' dir='ltr'><strong>duobus</strong></span> <span class='ocrx_word' id='word_1_550' title='bbox 318 2710 453 2744; x_wconf 88' lang='lat' dir='ltr'><strong>cantus</strong></span> <span class='ocrx_word' id='word_1_551' title='bbox 484 2705 716 2754; x_wconf 82' lang='lat' dir='ltr'><strong>generibus,</strong></span> <span class='ocrx_word' id='word_1_552' title='bbox 765 2703 859 2742; x_wconf 89' lang='lat' dir='ltr'><strong>duro</strong></span> <span class='ocrx_word' id='word_1_553' title='bbox 891 2709 928 2742; x_wconf 87' lang='lat' dir='ltr'><strong>et</strong></span> <span class='ocrx_word' id='word_1_554' title='bbox 958 2703 1087 2752; x_wconf 89' lang='lat' dir='ltr'><strong>molli,</strong></span> <span class='ocrx_word' id='word_1_555' title='bbox 1135 2706 1211 2742; x_wconf 85' lang='lat' dir='ltr'><strong>non</strong></span> <span class='ocrx_word' id='word_1_556' title='bbox 1243 2705 1280 2741; x_wconf 95' lang='lat' dir='ltr'><strong>in</strong></span> <span class='ocrx_word' id='word_1_557' title='bbox 1313 2703 1436 2743; x_wconf 84' lang='lat' dir='ltr'><strong>altera</strong></span> <span class='ocrx_word' id='word_1_558' title='bbox 1466 2708 1615 2741; x_wconf 86' lang='lat' dir='ltr'><strong>tantum</strong></span> <span class='ocrx_word' id='word_1_559' title='bbox 1644 2705 1797 2753; x_wconf 87' lang='lat' dir='ltr'><strong>generis</strong></span> <span class='ocrx_word' id='word_1_560' title='bbox 1828 2703 1924 2752; x_wconf 89' lang='lat' dir='ltr'><strong>duri,</strong></span> 
     </span>
     <span class='ocr_line' id='line_1_48' title="bbox 133 2761 1926 2813; baseline -0.001 -11"><span class='ocrx_word' id='word_1_561' title='bbox 133 2764 202 2802; x_wconf 85' lang='lat' dir='ltr'><strong>sed</strong></span> <span class='ocrx_word' id='word_1_562' title='bbox 234 2765 350 2803; x_wconf 86' lang='lat' dir='ltr'><strong>etiam</strong></span> <span class='ocrx_word' id='word_1_563' title='bbox 382 2766 420 2800; x_wconf 92' lang='lat' dir='ltr'><strong>in</strong></span> <span class='ocrx_word' id='word_1_564' title='bbox 451 2763 601 2813; x_wconf 91' lang='lat' dir='ltr'><strong>reliqua</strong></span> <span class='ocrx_word' id='word_1_565' title='bbox 642 2763 792 2812; x_wconf 89' lang='lat' dir='ltr'><strong>generis</strong></span> <span class='ocrx_word' id='word_1_566' title='bbox 832 2762 959 2800; x_wconf 89' lang='lat' dir='ltr'><strong>mollis</strong></span> <span class='ocrx_word' id='word_1_567' title='bbox 999 2763 1214 2811; x_wconf 88' lang='lat' dir='ltr'><strong>ipsissimus</strong></span> <span class='ocrx_word' id='word_1_568' title='bbox 1253 2762 1345 2800; x_wconf 90' lang='lat' dir='ltr'><strong>ordo</strong></span> <span class='ocrx_word' id='word_1_569' title='bbox 1386 2761 1514 2800; x_wconf 86' lang='lat' dir='ltr'><strong>scalae</strong></span> <span class='ocrx_word' id='word_1_570' title='bbox 1558 2761 1746 2800; x_wconf 88' lang='lat' dir='ltr'><strong>naturalis</strong></span> <span class='ocrx_word' id='word_1_571' title='bbox 1779 2762 1926 2800; x_wconf 71' lang='lat' dir='ltr'><strong>‘fuisset</strong></span> 
     </span>
     <span class='ocr_line' id='line_1_49' title="bbox 135 2818 1927 2873; baseline -0.002 -13"><span class='ocrx_word' id='word_1_572' title='bbox 135 2833 348 2873; x_wconf 89' lang='lat' dir='ltr'><strong>expressus.</strong></span> <span class='ocrx_word' id='word_1_573' title='bbox 410 2822 545 2860; x_wconf 87' lang='lat' dir='ltr'><strong>Habes</strong></span> <span class='ocrx_word' id='word_1_574' title='bbox 581 2823 698 2872; x_wconf 83' lang='lat' dir='ltr'><strong>igitur</strong></span> <span class='ocrx_word' id='word_1_575' title='bbox 735 2820 799 2858; x_wconf 90' lang='lat' dir='ltr'><strong>hic</strong></span> <span class='ocrx_word' id='word_1_576' title='bbox 839 2820 940 2858; x_wconf 88' lang='lat' dir='ltr'><strong>dicto</strong></span> <span class='ocrx_word' id='word_1_577' title='bbox 974 2831 1056 2869; x_wconf 87' lang='lat' dir='ltr'><strong>cap.</strong></span> <span class='ocrx_word' id='word_1_578' title='bbox 1092 2821 1128 2859; x_wconf 85' lang='lat'><strong>5.</strong></span> <span class='ocrx_word' id='word_1_579' title='bbox 1161 2822 1370 2871; x_wconf 88' lang='lat' dir='ltr'><strong>promissas</strong></span> <span class='ocrx_word' id='word_1_580' title='bbox 1411 2830 1548 2858; x_wconf 90' lang='lat' dir='ltr'><strong>causas</strong></span> <span class='ocrx_word' id='word_1_581' title='bbox 1582 2818 1828 2858; x_wconf 87' lang='lat' dir='ltr'><strong>dissidiorum</strong></span> <span class='ocrx_word' id='word_1_582' title='bbox 1858 2831 1927 2870; x_wconf 90' lang='lat' dir='ltr'><strong>per</strong></span> 
     </span>
     <span class='ocr_line' id='line_1_50' title="bbox 136 2878 1191 2930; baseline -0.001 -13"><span class='ocrx_word' id='word_1_583' title='bbox 136 2881 304 2928; x_wconf 88' lang='lat' dir='ltr'><strong>minima,</strong></span> <span class='ocrx_word' id='word_1_584' title='bbox 338 2885 376 2918; x_wconf 90' lang='lat' dir='ltr'><strong>et</strong></span> <span class='ocrx_word' id='word_1_585' title='bbox 407 2880 584 2919; x_wconf 89' lang='lat' dir='ltr'><strong>omnibus</strong></span> <span class='ocrx_word' id='word_1_586' title='bbox 616 2878 772 2930; x_wconf 89' lang='lat' dir='ltr'><strong>quidem</strong></span> <span class='ocrx_word' id='word_1_587' title='bbox 802 2879 999 2917; x_wconf 87' lang='lat' dir='ltr'><strong>concinnis</strong></span> <span class='ocrx_word' id='word_1_588' title='bbox 1031 2879 1191 2916; x_wconf 86' lang='lat' dir='ltr'><strong>minora.</strong></span> 
     </span>
    </p>
   </div>
   <div class='ocr_carea' id='block_1_6' title="bbox 141 2957 1925 3127">
    <p class='ocr_par' dir='ltr' id='par_1_7' title="bbox 141 2957 1925 3127">
     <span class='ocr_line' id='line_1_51' title="bbox 250 2957 1925 3013; baseline -0.002 -13"><span class='ocrx_word' id='word_1_589' title='bbox 250 2962 537 3013; x_wconf 88' lang='lat' dir='ltr'><strong>Propositio</strong></span> <span class='ocrx_word' id='word_1_590' title='bbox 568 2962 695 3000; x_wconf 91' lang='lat' dir='ltr'><strong>XLV.</strong></span> <span class='ocrx_word' id='word_1_591' title='bbox 733 2960 819 2999; x_wconf 91' lang='lat' dir='ltr'><strong>·Ad</strong></span> <span class='ocrx_word' id='word_1_592' title='bbox 860 2961 1100 2997; x_wconf 85' lang='lat' dir='ltr'><strong>communem</strong></span> <span class='ocrx_word' id='word_1_593' title='bbox 1142 2960 1328 3010; x_wconf 88' lang='lat' dir='ltr'><strong>majorem</strong></span> <span class='ocrx_word' id='word_1_594' title='bbox 1359 2958 1520 2997; x_wconf 84' lang='lat' dir='ltr'><strong>Veneris</strong></span> <span class='ocrx_word' id='word_1_595' title='bbox 1557 2963 1595 2996; x_wconf 92' lang='lat' dir='ltr'><strong>et</strong></span> <span class='ocrx_word' id='word_1_596' title='bbox 1625 2957 1806 2997; x_wconf 87' lang='lat' dir='ltr'><strong>Mercurii</strong></span> <span class='ocrx_word' id='word_1_597' title='bbox 1844 2957 1925 2996; x_wconf 89' lang='lat' dir='ltr'><strong>dis-</strong></span> 
     </span>
     <span class='ocr_line' id='line_1_52' title="bbox 142 3015 1924 3069; baseline -0.001 -14"><span class='ocrx_word' id='word_1_598' title='bbox 142 3018 348 3069; x_wconf 89' lang='lat' dir='ltr'><strong>diapason,</strong></span> <span class='ocrx_word' id='word_1_599' title='bbox 388 3032 459 3059; x_wconf 90' lang='lat' dir='ltr'><strong>nec</strong></span> <span class='ocrx_word' id='word_1_600' title='bbox 499 3033 577 3059; x_wconf 93' lang='lat' dir='ltr'><strong>non</strong></span> <span class='ocrx_word' id='word_1_601' title='bbox 618 3020 666 3059; x_wconf 89' lang='lat' dir='ltr'><strong>ad</strong></span> <span class='ocrx_word' id='word_1_602' title='bbox 699 3018 879 3058; x_wconf 84' lang='lat' dir='ltr'><strong>Mercurii</strong></span> <span class='ocrx_word' id='word_1_603' title='bbox 922 3018 1039 3055; x_wconf 89' lang='lat' dir='ltr'><strong>etiarn</strong></span> <span class='ocrx_word' id='word_1_604' title='bbox 1077 3020 1292 3069; x_wconf 87' lang='lat' dir='ltr'><strong>propriam,</strong></span> <span class='ocrx_word' id='word_1_605' title='bbox 1334 3028 1451 3066; x_wconf 86' lang='lat' dir='ltr'><strong>supra</strong></span> <span class='ocrx_word' id='word_1_606' title='bbox 1488 3016 1680 3066; x_wconf 87' lang='lat' dir='ltr'><strong>prioribus</strong></span> <span class='ocrx_word' id='word_1_607' title='bbox 1709 3015 1924 3054; x_wconf 85' lang='lat' dir='ltr'><strong>rationibus</strong></span> 
     </span>
     <span class='ocr_line' id='line_1_53' title="bbox 141 3072 1924 3127; baseline -0.001 -13"><span class='ocrx_word' id='word_1_608' title='bbox 141 3087 250 3127; x_wconf 89' lang='lat' dir='ltr'><strong>prop.</strong></span> <span class='ocrx_word' id='word_1_609' title='bbox 288 3081 335 3116; x_wconf 83' lang='lat'><strong>12</strong></span> <span class='ocrx_word' id='word_1_610' title='bbox 369 3084 407 3118; x_wconf 90' lang='lat' dir='ltr'><strong>et</strong></span> <span class='ocrx_word' id='word_1_611' title='bbox 441 3080 504 3118; x_wconf 86' lang='lat'><strong>16.</strong></span> <span class='ocrx_word' id='word_1_612' title='bbox 536 3077 751 3127; x_wconf 88' lang='lat' dir='ltr'><strong>stabilitas,</strong></span> <span class='ocrx_word' id='word_1_613' title='bbox 793 3074 975 3115; x_wconf 84' lang='lat' dir='ltr'><strong>accedere</strong></span> <span class='ocrx_word' id='word_1_614' title='bbox 1018 3077 1192 3125; x_wconf 91' lang='lat' dir='ltr'><strong>oportuit</strong></span> <span class='ocrx_word' id='word_1_615' title='bbox 1233 3074 1481 3114; x_wconf 87' lang='lat' dir='ltr'><strong>intervallum</strong></span> <span class='ocrx_word' id='word_1_616' title='bbox 1518 3073 1680 3124; x_wconf 88' lang='lat' dir='ltr'><strong>aequale</strong></span> <span class='ocrx_word' id='word_1_617' title='bbox 1720 3072 1924 3113; x_wconf 86' lang='lat' dir='ltr'><strong>intervallo</strong></span> 
     </span>
    </p>
   </div>
  </div>
 </body>
</html>
