1994 3276
126 59 211 97 434
753 57 976 104 Appendicis
999 59 1298 101 Harmonicorum
1639 70 1647 86 ν

126 176 400 216 subterraneus
445 179 484 214 et
528 175 655 216 calore
695 178 945 218 subterraneo
989 180 1039 218 ab
1081 181 1211 218 anima
1241 178 1384 218 Terrae
1426 178 1618 220 concitato
1649 175 1845 245 resolutus
1885 178 1925 215 in

125 245 310 283 vaporem
342 236 619 284 exspiransque
650 237 688 273 in
719 237 900 287 frigidum
929 241 1072 286 aerem,
1106 239 1290 277 continuo
1312 238 1352 274 in
1373 237 1537 276 formam
1556 247 1683 286 aquae
1706 225 1921 277 revertitur.

123 291 266 331 Adhuc
296 293 413 342 igitur
445 293 542 331 bene
573 299 651 333 stat
682 296 812 336 anima
843 295 997 337 Terrae

241 350 337 388 Post
369 353 725 400 argumentationes
758 353 807 392 ad
840 354 1127 395 conclusionem
1160 353 1316 392 tandein
1341 351 1514 411 devenis,
1545 364 1672 403 neque
1693 358 1823 391 tamen
1855 350 1927 391 de-
1984 385 1987 397 ,

123 408 217 446 sinis
249 410 510 448 intermiscere
543 413 853 461 consequentias.
914 413 957 452 Si
988 416 1052 452 aer
1084 413 1173 451 talis
1207 418 1266 450 est
1297 404 1469 462 spiritus,
1502 410 1566 462 qui
1596 413 1719 453 vitam
1749 411 1925 462 inspirat,

123 472 167 504 ut
198 474 240 504 tu
270 467 436 517 probare
469 470 577 506 visus
609 481 662 517 es,
698 482 770 520 ego
802 471 982 518 refutavi,
1016 478 1068 510 et
1086 473 1118 511 si
1150 470 1267 520 hujus
1290 470 1446 520 spiritus
1481 471 1611 509 anima
1632 465 1774 523 (quam
1793 468 1927 507 mundi

122 525 292 564 animam
333 537 416 564 esse
448 538 565 579 supra
597 525 784 582 docuisti)
819 535 878 568 est
915 531 1015 579 iguis
1047 529 1114 580 (de
1147 540 1224 578 quo
1257 528 1352 567 alibi
1383 528 1531 578 sobrie,
1572 527 1661 567 vide
1692 527 1828 567 Har-m
1858 526 1925 566 lib

121 581 194 622 IV
227 583 293 622 fol.
327 581 454 638 255),
497 587 609 634 sequi
651 587 722 625 tibi
754 587 926 649 videtur,
970 594 1011 626 ut
1050 591 1115 626 ae’r
1146 589 1306 638 recipiat
1346 585 1568 629 influentias
1611 591 1650 628 et
1689 584 1926 626 radiationes

124 641 312 680 coelestes
356 642 610 694 infundatque
652 653 826 696 receptas
867 617 926 683 in
946 647 1096 685 viscera
1137 653 1273 684 terissae
1337 645 1390 685 At
1423 644 1518 682 mihi
1559 643 1634 689 hoc
1665 655 1743 684 non
1774 642 1928 681 videtur

123 711 170 739 ex
212 700 287 738 illis
325 703 455 751 sequi,
498 703 531 739 si
574 704 691 741 etiam
731 716 822 743 vera
859 704 927 742 illa
965 703 1185 743 concedam.
1248 703 1401 752 Recipit
1433 702 1605 752 quidem,
1650 701 1724 742 hoc
1765 707 1825 747 est
1853 701 1926 743 ad-

121 760 240 796 mittit
283 761 348 799 ae'r
378 758 637 807 radiationes‚
679 762 775 799 nibil
817 765 919 800 enim
950 763 1036 801 illas
1069 761 1251 811 impedit,
1292 773 1339 798 ne
1369 760 1515 800 Terrae
1543 759 1700 811 quidem
1731 750 1927 812 opacita83

122 819 386 871 penetrantior
419 819 562 869 quippe
595 821 655 857 vis
687 826 746 858 est
777 822 1029 872 inconspicua
1059 821 1179 871 radii,
1217 831 1334 868 quam
1366 818 1495 860 lumen
1529 819 1725 860 visibilez·
1747 816 1925 869 exemplo

123 882 182 914 est
215 877 335 914 virtus
367 879 598 925 magnetica,
633 889 732 927 quae
765 881 995 929 transspirat
1026 891 1093 930 per
1123 890 1262 918 aureas
1283 876 1461 916 laminas.
1523 877 1575 917 At
1596 888 1672 917 nou
1704 877 1759 916 sic
1788 877 1928 926 recipit

123 937 188 972 ae'r
219 933 478 978 radiationes,
519 942 562 973 ut
592 948 659 974 eas
693 949 716 975 a
747 939 828 976 suis
859 936 1156 976 formationibus
1188 937 1435 986 geometricis
1471 934 1645 986 singulas
1676 935 1925 975 internoscat.

123 992 201 1030 Ae'r
233 994 334 1030 enim
365 994 526 1030 materia
558 1001 627 1041 est,
663 998 800 1045 corpus
833 1002 906 1048 est,
937 997 1173 1046 geometrica
1206 994 1338 1044 anguli
1363 993 1622 1044 pulchritudo,
1655 1003 1756 1043 quae
1786 1003 1926 1044 aspec-

123 1055 203 1089 tum
236 1051 388 1099 format,
421 1062 488 1089 ens
520 1054 687 1093 rationis
713 1061 792 1102 est;
825 1057 954 1094 anima
987 1055 1049 1092 vel
1081 1053 1197 1092 simili
1219 1052 1416 1100 facultate,
1447 1053 1609 1106 rationis
1636 1050 1925 1101 quodammodo

125 1110 324 1159 participe,
358 1121 456 1159 opus
488 1117 567 1157 est,
610 1117 651 1149 ut
683 1111 921 1152 radiationes
951 1113 1026 1155 hoc
1058 1118 1171 1164 pacto
1205 1112 1456 1161 recipiantur.
1512 1110 1590 1150 Sed
1622 1109 1758 1161 quales
1787 1121 1924 1161 recep-

124 1169 249 1206 tiones
281 1173 323 1205 tu
354 1173 515 1215 statuaS,
550 1167 587 1206 id
619 1172 787 1219 probant
817 1178 908 1210 tuae
939 1172 1241 1218 transfusiones3
1285 1169 1331 1208 de
1362 1169 1511 1219 liquore
1543 1169 1735 1218 loqueris,
1766 1179 1843 1207 nou
1877 1167 1925 1206 de

120 1226 345 1265 effabilitate
379 1229 679 1277 proportionum,
712 1241 752 1268 re
783 1231 1033 1278 geometrica,
1066 1230 1222 1267 omnino
1255 1229 1367 1278 quasi
1400 1229 1446 1266 de
1479 1227 1587 1267 coelo
1620 1226 1820 1278 deplueret
1848 1225 1926 1270 ali-

126 1296 205 1334 qua
236 1285 416 1332 materia,
450 1297 567 1333 quam
599 1292 639 1324 tu
673 1287 911 1327 influentiam
945 1288 1064 1327 dicas.

239 1342 497 1381 Concluseras
539 1349 576 1381 et
618 1356 706 1383 ecce
751 1348 922 1384 vicissim
965 1347 1092 1397 aperis
1123 1357 1268 1383 novum
1310 1340 1598 1394 argumentum:
1645 1342 1766 1382 Terra
1798 1342 1927 1392 passi-

120 1412 214 1441 vum
255 1406 314 1440 est
356 1401 608 1449 elementum,
657 1415 734 1441 non
776 1406 892 1455 igitur
929 1407 1011 1454 agit
1053 1406 1091 1442 in
1122 1406 1251 1442 ae'rem
1282 1404 1468 1442 activum.
1528 1400 1642 1440 Tolle
1688 1399 1922 1453 depositum,

118 1458 216 1496 nihil
246 1460 443 1509 pugnabo.
506 1460 607 1498 Num
641 1473 731 1499 vero
763 1463 851 1501 ideo
884 1475 1024 1512 corpus
1055 1462 1151 1500 illud
1183 1461 1351 1500 Telluris
1390 1462 1508 1502 etiam
1546 1459 1732 1498 facultate
1765 1458 1925 1498 animali

121 1523 247 1565 caret,
292 1518 402 1567 cujus
433 1517 607 1557 efficacia
650 1532 815 1570 vapores
845 1519 1087 1560 subterranei
1133 1521 1251 1565 exciti
1293 1521 1481 1558 misceant
1522 1522 1561 1558 et
1608 1517 1764 1557 turbent
1793 1519 1922 1554 ae‘rem

120 1575 262 1613 tuum?
321 1575 440 1614 Terra
477 1579 680 1626 passivum
722 1584 780 1617 est
811 1579 1066 1627 elementum,
1114 1580 1231 1618 etiam
1264 1590 1350 1616 eum
1392 1579 1431 1615 in
1463 1588 1622 1627 corpore
1653 1575 1821 1615 hominis
1851 1579 1920 1623 est,

119 1645 191 1672 nee
222 1639 264 1672 ut
294 1633 333 1672 id
365 1646 441 1672 non
473 1636 530 1672 sit·
554 1636 761 1685 impeditur
792 1638 841 1676 ab
874 1638 1041 1678 hominis
1072 1638 1216 1675 anima.

235 1692 336 1730 Tum
369 1694 486 1731 etiam
518 1695 787 1745 quaestionem
818 1696 912 1734 mihi
942 1708 1090 1743 moves,
1121 1695 1274 1746 physici
1303 1696 1384 1733 sint
1414 1694 1557 1743 anyuli
1586 1693 1652 1731 isti
1682 1703 1738 1730 an
1768 1690 1923 1731 mathe-

119 1751 293 1789 matici?
350 1750 598 1791 Perturbavit
630 1759 666 1791 te
697 1754 900 1804 multiplex
931 1754 1219 1804 aequivocatio,
1253 1757 1294 1790 ut
1326 1753 1388 1790 hic
1417 1753 1456 1788 in
1477 1764 1539 1792 me
1567 1761 1818 1799 consurgeres
1849 1750 1923 1786 im-

119 1808 283 1858 provide
316 1814 353 1848 et
393 1811 510 1847 irrito.
578 1811 667 1849 Non
695 1819 786 1850 sunt
816 1825 910 1850 sane
955 1814 1053 1851 istae
1084 1812 1210 1853 lineae
1242 1810 1503 1849 radiationum
1541 1809 1670 1848 nudae
1700 1807 1920 1849 mathema-

119 1868 233 1915 ticae,
266 1874 355 1905 sunt
387 1870 487 1906 enim
518 1868 692 1918 lucidae,
731 1871 798 1908 lux
831 1883 923 1909 vero
952 1883 1012 1909 res
1044 1876 1103 1909 est
1131 1870 1317 1920 physica,
1351 1880 1422 1906 nec
1454 1873 1585 1906 carent
1616 1866 1921 1905 dimensionibus

119 1925 224 1973 suis,
273 1937 357 1968 cum
390 1925 526 1965 stellae
558 1929 636 1965 sint
666 1940 829 1979 corpora
861 1930 1118 1978 omnibusque
1149 1929 1303 1979 punctis
1334 1926 1503 1965 luceant.
1564 1924 1667 1974 Quin
1703 1924 1803 1962 ultro
1835 1930 1922 1962 tuas

119 1983 325 2022 instantias
359 1985 511 2033 augebo
544 1988 834 2025 accessionibus
866 1987 1077 2036 ejusmodi,
1123 1985 1169 2024 de
1202 1986 1342 2034 quibus
1375 1991 1417 2022 tu
1456 1996 1505 2023 ne
1535 1984 1717 2032 cogitasti
1749 1982 1919 2032 quidem.

117 2041 206 2079 Non
240 2047 341 2089 sunt,
374 2044 545 2092 inquam,
578 2056 627 2082 ne
658 2045 875 2095 singulares
908 2045 1064 2094 quidem
1097 2044 1248 2094 anguli,
1288 2052 1331 2080 ut
1361 2042 1458 2082 alias
1489 2044 1528 2078 in
1558 2040 1725 2079 mathesi
1757 2040 1920 2081 demon-

116 2101 314 2138 strationis
346 2112 464 2140 causa
496 2103 733 2152 pinguntur,
774 2109 858 2142 tota
890 2105 991 2143 enim
1034 2108 1174 2140 natura
1203 2101 1445 2148 sublunaris,
1489 2104 1636 2152 quanta
1669 2104 1816 2149 quauta
1848 2103 1917 2145 est,

122 2158 292 2207 undique
322 2158 438 2208 plena
469 2166 527 2197 est
557 2161 711 2209 angulis
743 2161 971 2210 sextilibus,
1004 2172 1090 2201 cum
1122 2161 1202 2197 bini
1233 2159 1415 2209 planetae
1445 2157 1624 2196 sextilem
1654 2157 1819 2204 faciunt,
1853 2162 1921 2198 aut

123 2216 333 2265 quadratis,
368 2228 453 2255 eum
487 2218 734 2270 quadratum,
765 2220 814 2257 ob
846 2231 943 2268 quos
974 2219 1042 2256 illa
1070 2228 1202 2268 panno
1235 2215 1522 2267 quodammodo
1543 2216 1758 2266 comparari
1779 2218 1919 2265 potest,

123 2275 342 2314 subtemine
373 2277 603 2315 staminibus
647 2279 920 2316 intercurrente
952 2276 1136 2326 undique.
1196 2275 1312 2313 Radii
1351 2276 1452 2313 enim
1491 2286 1514 2312 a
1544 2273 1710 2324 planetis
1741 2273 1920 2311 omnibus

120 2332 171 2370 ad
203 2335 333 2372 omnia
365 2336 483 2372 totius
515 2335 647 2373 mundi
677 2342 823 2386 puncta
854 2335 1098 2373 delabuntur.
1159 2332 1236 2371 Tot
1257 2335 1373 2382 igitur
1393 2333 1614 2371 nominibus
1646 2330 1815 2375 concedo
1835 2330 1919 2377 tibi,

119 2391 357 2430 radiationes
394 2404 478 2431 esse
510 2393 704 2444 physicas.
767 2395 820 2432 At
849 2394 946 2432 haec
978 2394 1108 2432 omnia
1139 2394 1176 2430 in
1206 2396 1368 2441 aspectu
1397 2390 1525 2429 adhuc
1557 2395 1704 2428 tantum
1734 2389 1919 2427 materiae

119 2460 188 2488 seu
221 2450 386 2499 subjecti
418 2452 607 2489 rationem
638 2452 807 2500 habent3
848 2456 1024 2502 superest
1053 2451 1200 2497 forma,
1243 2451 1342 2488 ratio
1374 2449 1524 2487 scilicet
1555 2453 1757 2498 aspectus,
1800 2445 1917 2485 ducta

120 2518 167 2545 ex
198 2510 445 2558 proportione
476 2514 723 2558 geometrica,
756 2522 816 2549 res
847 2521 949 2549 mere
980 2509 1266 2554 mathematica,
1302 2519 1405 2546 mere
1436 2505 1722 2560 intellectualiS,
1756 2510 1795 2544 et
1815 2515 1916 2554 quae

119 2566 158 2602 in
197 2566 343 2604 nullum
377 2579 516 2616 corpus
547 2569 665 2618 recipi
699 2568 760 2605 vel
794 2569 946 2617 inprimi
977 2558 1126 2616 potest,
1158 2577 1226 2604 seu
1254 2565 1422 2604 solidum
1453 2566 1502 2603 sit
1533 2563 1646 2612 illud,
1679 2568 1722 2601 ut
1751 2568 1852 2600 terra
1881 2568 1919 2600 et

119 2623 301 2671 metalla,
345 2636 413 2663 seu
445 2625 626 2672 fluidum,
659 2631 702 2664 ut
725 2637 828 2674 aqua
860 2634 897 2664 et
924 2629 989 2664 aer
1010 2630 1111 2662 tuus.
1172 2623 1259 2662 Hoc
1290 2625 1447 2673 inquam
1479 2622 1702 2668 discrimen,
1734 2630 1917 2672 separans

118 2681 295 2720 sextilem
326 2695 349 2720 a
381 2682 523 2732 septili‚
557 2689 599 2721 ut
631 2683 695 2721 ille
727 2684 777 2721 sit
807 2683 955 2730 efficax,
989 2684 1062 2720 iste
1094 2694 1189 2730 non,
1222 2681 1330 2719 nulla
1362 2683 1510 2720 ratione
1543 2679 1660 2718 ullam
1692 2686 1915 2728 corpoream

119 2741 319 2778 materiam
350 2753 507 2780 movere
538 2747 687 2791 potest3
728 2740 888 2779 animali
920 2740 1104 2779 facultate
1136 2752 1232 2790 opus
1266 2745 1340 2783 est,
1387 2751 1487 2789 quae
1517 2738 1705 2776 hactenus
1738 2739 1788 2775 sit
1817 2745 1914 2785 geo-

119 2799 278 2836 metriae
311 2801 503 2850 particeps
535 2805 572 2839 et
603 2800 687 2849 ejus
721 2798 875 2849 quidem
907 2800 1156 2848 congenitae,
1188 2809 1264 2836 non
1297 2797 1452 2838 demum
1482 2795 1845 2837 ratiocinationibus
1875 2796 1914 2831 et

120 2854 343 2905 disciplinis>
364 2858 590 2906 acquisitae.

234 2914 334 2952 Illud
375 2926 465 2954 vero
508 2915 751 2954 ratiocinium
782 2920 890 2953 tuum
933 2925 1009 2951 non
1040 2914 1241 2964 intelligo:
1280 2916 1324 2952 in
1358 2913 1585 2964 primordio
1620 2913 1790 2960 spiritus
1818 2906 1909 2946 Do-

121 2973 224 3008 mini
254 2978 385 3010 vectus
414 2978 468 3010 est
496 2976 698 3023 movitque
727 2985 847 3023 super
877 2974 1005 3022 aquis,
1036 2985 1119 3011 non
1150 2974 1194 3010 in
1224 2973 1401 3011 tenebris.
1463 2972 1575 3020 Eryo
1607 2969 1820 3009 radiorum
1850 2967 1914 3004 vi-

119 3028 293 3066 sibilium
337 3031 481 3080 anquli
522 3032 624 3081 facti
667 3037 763 3070 sunt
805 3033 850 3070 in
880 3034 998 3079 ιιένε,
1043 3043 1128 3070 non
1173 3033 1218 3069 in
1260 3035 1381 3069 terra.
1442 3029 1569 3069 Video
1615 3026 1790 3078 quidem,
1834 3034 1912 3075 quo
