1994 3276
125 102 209 164 620
627 121 670 159 In
692 121 980 161 stereometriam
999 122 1191 160 ‘nouorum
1213 121 1417 172 Appendix.

840 317 910 356 Aa
941 316 1098 369 Caput
1127 318 1202 361 111.

241 415 398 452 Rursum
430 416 548 452 divido
580 418 837 464 quaestionem.
892 419 1049 455 Primum
1086 420 1184 466 quod
1221 420 1408 456 seientiam
1431 419 1548 465 ipsam
1570 419 1699 456 attinet
1723 419 1915 456 communi-

130 468 280 504 cationis
305 469 399 505 inter
423 479 462 505 se
486 469 686 515 ponderum
715 480 1037 518 mensurarumque
1067 474 1223 509 omnium
1237 500 1246 518 ‚
1284 474 1357 509 sive
1388 473 1510 518 aliqua
1537 471 1776 518 inaequalitas
1806 473 1916 508 intro-

127 520 280 557 ducatur
303 521 378 557 sive
403 522 598 567 omittatur,
625 523 767 575 omnipo
789 523 913 568 judico
928 553 936 569 ‚
973 536 1050 561 rem
1087 537 1166 562 esse
1203 530 1239 562 et
1263 526 1538 572 pulcherrimam
1570 529 1607 561 et
1630 524 1855 561 utilissimam
1881 530 1916 560 et

124 573 279 610 maxime
311 574 502 611 facientem
527 576 573 611 ad
596 570 885 621 perpetuitatem,
911 578 941 614 si
966 590 1098 626 corpus
1123 579 1180 615 vel
1204 580 1364 625 pondere
1388 578 1446 615 vel
1470 578 1541 614 loci
1565 578 1684 624 spatio
1707 587 1915 613 mensuran-

122 626 207 662 dum
242 626 426 671 redigatur
461 629 497 665 in
522 630 663 674 cubum,
706 629 873 674 planities
909 632 1150 668 mensuranda
1184 632 1220 667 in
1263 631 1499 677 quadratum,
1540 630 1721 676 hujusque
1761 629 1844 666 cubi
1879 633 1916 664 et

122 678 288 723 quadrati
311 678 407 716 latus
432 681 478 716 ad
502 682 741 727 quantitatem
764 693 954 719 mensurae
979 688 1120 719 tantum
1144 684 1271 729 longae
1296 689 1534 730 comparetur,
1560 687 1750 727 exstetque
1773 681 1917 727 publice

123 730 221 776 apud
246 742 368 768 omnes
394 734 485 769 haee
510 735 668 770 scientia.
717 735 906 781 Secundo,
946 737 976 772 si
1000 748 1085 773 vero
1117 738 1320 773 consultum
1344 737 1524 779 videatur,
1560 738 1738 771 attentare
1761 734 1917 780 aliquam

123 784 376 829 aequationem
401 789 475 821 tam
501 797 747 823 mensurarum
773 800 880 834 quam
905 790 1208 836 progressionum,
1237 791 1311 826 sive
1337 790 1598 832 continuarum,
1624 788 1698 824 sive
1722 798 1814 834 quae
1835 794 1915 833 per-

122 841 293 872 maneant
315 837 564 882 incontinuae‚
601 840 770 886 illamque
789 843 1049 887 aequationem
1074 842 1131 878 vel
1165 843 1309 888 publice
1333 843 1509 888 imperare
1533 840 1726 883 universis,
1763 839 1821 876 vel
1845 840 1915 886 pri-

123 888 232 923 vatim
267 889 361 925 inter
398 892 647 929 universorum
687 894 961 939 magistratuum
1005 905 1137 931 arcana
1177 896 1357 940 recipere,
1399 894 1495 930 omni
1535 893 1641 930 modo
1682 892 1914 929 annitendum

123 941 300 986 existimo,
320 947 361 978 ut
377 949 451 980 tam
468 947 692 991 praeclarum
710 959 800 993 opus
818 947 1012 993 incipiatur
1042 949 1087 984 ab
1105 948 1175 984 hoc
1192 948 1407 984 solidissimo
1428 947 1661 983 fundamento
1684 946 1916 982 connexionis

122 999 278 1039 quatuor
306 1007 477 1040 generum
501 1005 820 1042 mensurarum-et
845 1001 875 1038 si
901 1012 973 1047 qua
990 1001 1270 1046 deprehenditur
1286 1000 1558 1043 irrationalitas,
1587 1009 1715 1035 manus
1732 998 1766 1034 ei
1791 998 1912 1034 adm0÷

123 1052 285 1093 veantur,
311 1054 351 1084 ut
374 1050 420 1085 ad
446 1051 624 1087 effabilem
650 1057 685 1088 et
709 1052 817 1088 talem
842 1054 1112 1099 proportionem
1129 1054 1349 1099 redigantur,
1376 1053 1437 1089 ubi
1455 1054 1499 1089 de
1514 1052 1652 1089 ratione
1669 1051 1759 1087 nihil
1775 1052 1916 1097 uspiam

123 1099 188 1136 fiat
210 1100 398 1147 reliquum.
450 1104 592 1148 Terti03
620 1110 660 1141 ut
683 1116 765 1142 vero
791 1106 884 1142 idem
911 1107 1024 1142 cubus
1051 1107 1098 1143 sit
1122 1117 1163 1143 as
1187 1108 1386 1153 ponderum
1404 1111 1440 1143 et
1455 1106 1626 1151 locorum,
1650 1104 1744 1141 idem
1762 1104 1915 1150 quadra-

123 1156 201 1188 tum
237 1163 276 1188 as
297 1155 551 1202 planitierum,
589 1160 694 1202 cujus
732 1158 814 1194 cubi
850 1158 950 1194 latus,
980 1163 1035 1194 est
1072 1170 1111 1194 as
1147 1160 1437 1195 mecometricus:
1475 1159 1667 1204 pulchrum
1701 1158 1844 1204 quidem
1879 1162 1916 1193 et

119 1206 325 1251 exoptabile
351 1214 453 1254 puto,
479 1210 703 1255 impossibile
739 1223 824 1248 vero
862 1212 1055 1257 impetratu
1092 1223 1114 1248 a
1137 1213 1244 1257 vulgo
1282 1212 1478 1257 hodierno,
1514 1222 1582 1247 nec
1613 1221 1699 1247 sane
1724 1209 1915 1247 admodum

118 1258 215 1294 utile.
263 1260 354 1296 Nam
381 1263 450 1298 etsi
474 1263 618 1308 quidem
642 1264 678 1299 in
702 1264 804 1301 libris
829 1265 937 1301 hodie
962 1275 1093 1310 magna
1119 1270 1174 1301 est
1196 1265 1401 1310 diversitas,
1425 1264 1594 1310 nuspiam
1617 1268 1737 1299 tamen
1761 1263 1915 1298 duorum

118 1311 278 1349 locorum
303 1314 418 1351 librae
443 1316 479 1350 in
505 1317 736 1362 proportione
761 1318 872 1364 dupla
896 1318 1147 1364 inveniuntur,
1186 1329 1310 1354 omnes
1347 1318 1504 1354 omnium
1539 1317 1701 1355 locorum
1725 1315 1762 1351 in
1785 1314 1915 1351 minori

122 1375 229 1409 quam
255 1366 375 1412 dupla.
422 1368 505 1404 Jam
531 1380 614 1405 vero
641 1370 733 1405 libra
756 1371 864 1414 vulgo
890 1375 945 1406 est
969 1380 1008 1406 as
1033 1371 1090 1406 vel
1116 1369 1317 1416 ponderum
1340 1371 1469 1407 unitas.

236 1419 371 1466 Accipe
402 1433 496 1458 nunc
532 1434 651 1459 assem
686 1423 996 1469 mecometricum,
1030 1429 1119 1468 puta
1144 1424 1199 1460 vel
1224 1425 1343 1460 ulnam
1368 1424 1424 1460 vel
1448 1423 1587 1469 pedem,
1612 1421 1778 1457 ulnarum
1803 1419 1917 1455 diver-

121 1471 209 1508 sitas
233 1477 290 1509 est
314 1485 454 1519 magna,
477 1476 578 1520 pedis
603 1486 698 1521 vero,
726 1477 787 1522 qui
811 1476 926 1511 minor
951 1481 1008 1511 est
1033 1477 1198 1512 omnibus
1223 1477 1330 1521 ulnis,
1357 1476 1544 1521 diversitas
1567 1475 1701 1519 minor3
1728 1472 1914 1518 utriusque

117 1529 249 1570 tamen,
267 1526 297 1560 si
313 1526 350 1562 in
367 1528 499 1563 cubum
515 1528 732 1574 redigantur,
758 1529 920 1564 immanis
939 1530 1126 1574 proportio
1147 1530 1194 1565 ad
1211 1529 1307 1564 latus
1326 1529 1409 1565 cubi
1427 1528 1543 1573 aquei,
1569 1527 1696 1563 libram
1711 1525 1914 1571 pendentis.

119 1576 202 1612 Sive
225 1578 334 1623 igitur
356 1579 484 1616 libram
508 1581 711 1617 immaniter
735 1592 880 1627 augeaS,
907 1581 981 1617 sive
1006 1582 1136 1626 pedem
1167 1586 1231 1617 aut
1256 1582 1377 1617 ulnam
1402 1581 1492 1616 adeo
1517 1581 1674 1623 minuaS,
1708 1579 1783 1615 sive
1807 1578 1915 1614 etiam

119 1641 242 1667 vocem
265 1633 368 1678 pedis
394 1634 504 1679 (quod
528 1635 565 1670 in
590 1635 781 1679 posteriori
806 1646 894 1670 casu
919 1636 1177 1670 necessarium}
1203 1635 1373 1680 repudies
1397 1634 1559 1680 penitus,
1598 1637 1661 1668 aut
1685 1632 1776 1668 assis
1802 1629 1915 1677 digni-

122 1687 234 1720 tatem
257 1685 294 1720 in
317 1686 434 1722 minus
461 1686 608 1733 aliquod
633 1698 747 1734 genus
774 1687 1009 1733 longitudinis
1034 1688 1251 1730 transferas,
1288 1689 1414 1734 utique
1448 1685 1705 1723 inextricabilis
1742 1684 1914 1720 confusio.

119 1737 247 1783 Itaque
273 1739 385 1775 satius
412 1740 515 1785 duco,
540 1751 689 1786 paucos,
717 1740 777 1785 qui
802 1745 887 1776 sunt
912 1751 933 1776 a
958 1740 1111 1785 calculo,
1137 1739 1343 1785 plusculum
1363 1740 1542 1775 insumere
1562 1736 1915 1774 laborisineruenda

122 1791 357 1835 proportione
381 1792 545 1838 laterum,
574 1794 765 1830 dummodo
790 1794 864 1839 illa,
889 1794 942 1829 uti
968 1794 1114 1837 dictum,
1141 1794 1187 1828 sit
1214 1793 1379 1838 effabilis,
1405 1803 1511 1839 quam
1529 1792 1726 1836 universos,
1752 1790 1916 1837 quisunt

119 1843 253 1886 potiori
277 1848 380 1889 parte
404 1844 553 1881 hebetes
580 1851 615 1881 et
639 1846 794 1891 stupidi,
830 1847 866 1881 111
898 1851 972 1882 tam
1003 1847 1198 1891 perplexos
1230 1846 1453 1892 labyrinthos
1479 1843 1746 1882 desuescendae
1769 1852 1915 1879 nomen-

123 1894 293 1942 claturae,
319 1908 388 1934 usu
413 1899 763 1946 confirmatissimae,
789 1900 931 1945 conjici.
980 1901 1113 1935 Parum
1150 1900 1256 1936 etiam
1294 1899 1382 1935 utile
1418 1896 1533 1944 dicos
1555 1909 1669 1934 unum
1705 1907 1786 1933 esse
1818 1896 1914 1951 latus

120 1950 277 1984 omnium
295 1951 439 1996 assium,
466 1951 510 1987 ob
528 1952 621 1988 hanc
638 1963 792 1992 causam,
819 1953 917 1998 quod
941 1953 1064 1988 statim
1091 1957 1199 1998 atque
1225 1954 1268 1988 ab
1295 1963 1376 1988 asse
1394 1951 1609 1988 discedimus
1634 1961 1699 1985 seu
1723 1949 1769 1985 ad
1791 1954 1927 1994 partes

121 2009 186 2035 seu
213 2001 258 2036 ad
283 2014 451 2041 numeros
473 2006 631 2052 assium,
669 2005 867 2041 deserimur
902 2007 947 2041 ab
979 2006 1122 2050 aequali
1154 2006 1373 2041 incremento
1405 2004 1462 2039 vel
1496 2003 1723 2039 decremento
1748 2002 1911 2045 laterum,

122 2062 202 2087 cum
228 2055 308 2090 cubi
335 2056 407 2092 sint
430 2057 467 2092 in
491 2058 610 2103 tripla,
636 2059 813 2103 quadrata
836 2058 873 2093 in
899 2057 1010 2103 dupla
1034 2059 1268 2103 proportione
1292 2058 1457 2093 laterum.

235 2105 371 2150 Quarto
397 2109 441 2145 dc
466 2121 558 2156 aqua
582 2111 732 2147 fontana
758 2111 874 2146 dicam
899 2110 1034 2155 aliquid
1059 2115 1199 2146 tantum
1225 2109 1393 2146 monendi
1418 2119 1539 2154 causa,
1565 2112 1740 2163 quantum
1765 2117 1810 2143 ex
1835 2106 1913 2142 aliis

119 2158 248 2194 audivi.
297 2160 409 2197 Aiunt
434 2163 537 2206 enim,
562 2163 623 2208 qui
648 2168 762 2198 artem
789 2163 1052 2198 distillat-oriam
1076 2167 1242 2206 tractant,
1269 2161 1373 2197 valde
1389 2160 1596 2206 inaequales
1612 2170 1690 2195 esse
1703 2159 1740 2194 111
1751 2158 1911 2205 pondere

119 2214 156 2244 et
181 2211 418 2249 crassitudine
450 2215 626 2252 fontanas.
675 2217 725 2251 Et
749 2216 890 2251 videtur
913 2216 1048 2261 aliquid
1074 2215 1180 2250 etiam
1217 2215 1411 2249 haesurum
1436 2213 1654 2258 parietibus,
1687 2212 1783 2258 quod
1806 2211 1914 2247 ratio-

119 2263 262 2299 nemin
286 2265 430 2301 minimo
455 2268 585 2304 turbet.
636 2269 705 2304 Est
739 2271 774 2303 et
806 2268 927 2313 exigui
951 2267 1134 2313 ponderis.
1186 2266 1267 2301 Etsi
1302 2266 1412 2309 igitur
1442 2265 1546 2300 facile
1582 2264 1753 2309 parabilis
1790 2266 1844 2299 est
1879 2267 1915 2298 et

119 2316 232 2351 cuivis
257 2316 370 2364 obvia,
397 2325 434 2356 et
456 2322 541 2357 huic
566 2322 648 2356 usui
674 2321 927 2366 accommoda,
966 2321 1027 2356 ubi
1053 2320 1171 2364 liquor
1203 2319 1419 2363 requiritur:
1458 2317 1757 2354 considerandum
1794 2321 1914 2352 tamen

118 2368 297 2415 relinquo,
322 2378 528 2416 praestetne
553 2374 606 2410 uti
630 2385 718 2410 auro
745 2374 879 2421 optimo
907 2379 943 2410 et
973 2373 1190 2419 purissimo?
1239 2373 1318 2408 Hoc
1354 2373 1448 2407 enim
1478 2371 1546 2407 etsi
1575 2369 1727 2406 subinde
1758 2368 1913 2414 amplius

121 2421 288 2467 depurari
313 2429 444 2468 potest,
470 2426 505 2460 id
530 2431 670 2471 tamen,
698 2426 794 2470 quod
820 2427 975 2472 denique
1001 2426 1223 2470 detrahitur,
1262 2425 1306 2460 ob
1333 2425 1528 2460 exilitatem
1567 2429 1602 2458 et
1638 2433 1730 2468 pene
1763 2421 1914 2466 aequale

120 2474 198 2510 auri
222 2476 434 2521 argentique
457 2479 612 2524 pondus,
637 2479 813 2515 rationem
837 2480 925 2514 nihil
949 2480 1082 2515 turbat.
1120 2479 1196 2515 Nec
1222 2478 1308 2514 mihi
1326 2478 1404 2523 quis
1423 2478 1569 2523 objiciat
1585 2476 1781 2520 caritatem,
1804 2474 1914 2518 magi-

121 2535 257 2567 stratus
282 2529 375 2564 enim
402 2535 475 2575 est,
502 2532 563 2575 qui
586 2532 657 2567 ista
683 2531 876 2577 deliberat;
916 2533 974 2568 cui
1009 2531 1134 2575 facile,
1172 2532 1241 2567 100
1274 2531 1352 2566 auri
1382 2531 1502 2576 pondo
1539 2530 1707 2575 colligere
1739 2529 1785 2564 ad
1818 2528 1914 2563 hune
1971 2533 1974 2536 ⁴

119 2593 234 2619 usum.
284 2584 421 2619 Aurum
446 2583 539 2618 enim
576 2594 644 2619 nec
679 2584 750 2619 hoc
787 2595 856 2619 usu
880 2595 946 2619 nec
983 2584 1218 2629 deputatione
1243 2583 1462 2628 deperditur.
1512 2584 1574 2619 Sin
1598 2587 1719 2619 autem
1743 2583 1914 2626 superent

125 2634 368 2681 difficultates,
397 2635 641 2680 quaerendum
666 2646 687 2671 a
711 2635 932 2682 metallariis,
958 2648 1003 2672 an
1029 2636 1150 2681 aliqua
1173 2636 1210 2671 in
1234 2636 1379 2682 plumbo
1398 2640 1461 2671 aut
1484 2640 1633 2682 argento
1649 2635 1728 2672 vivo
1745 2632 1914 2679 ponderis

121 2688 326 2725 constantia
349 2693 525 2733 perpetua
548 2699 614 2734 per
638 2689 756 2724 omnia
780 2688 861 2725 loca
886 2694 922 2725 et
946 2690 1133 2734 tempora?
1181 2688 1230 2724 At
1253 2700 1326 2724 non
1350 2688 1401 2723 ita
1428 2688 1523 2733 eligor
1551 2687 1697 2723 metalla
1727 2686 1837 2731 dura,
1873 2683 1915 2720 iat

123 2740 232 2785 plane
256 2741 416 2787 rejiciam
441 2741 644 2778 humorem:
680 2752 810 2778 censeo
836 2741 948 2786 enim,
982 2741 1058 2777 sine
1089 2741 1240 2777 humore
1264 2752 1330 2786 per
1353 2740 1500 2777 metalla
1524 2740 1613 2776 dura
1637 2738 1797 2784 operari,
1836 2746 1915 2773 esse

121 2802 196 2827 rem
221 2793 480 2830 difficillimam.
528 2794 725 2830 Humorem
759 2794 910 2829 admitto
944 2794 981 2828 in
1011 2803 1075 2828 vas
1105 2794 1376 2838 rectangulum,
1412 2797 1453 2828 ut
1482 2791 1666 2828 metallum
1696 2790 1914 2827 frustulatim

122 2845 221 2889 injici
245 2846 379 2893 possit,
415 2846 529 2882 donec
561 2846 690 2881 humor
724 2846 771 2882 ad
803 2850 941 2881 tantam
966 2848 1090 2890 surgat
1115 2845 1360 2891 altitudinem,
1393 2849 1550 2890 quantae
1574 2842 1818 2888 amplitudinis
1842 2850 1913 2878 me·-

122 2897 248 2933 tallum
279 2898 442 2944 cupimus
478 2898 692 2944 ponderare.
755 2899 848 2935 Nam
885 2899 929 2935 de
966 2908 1053 2935 auro
1090 2908 1201 2943 aquas
1238 2898 1406 2935 sorbente
1443 2896 1567 2934 dicunt
1600 2906 1681 2933 esse
1699 2934 1701 2938 ,
1717 2894 1913 2943 captiosam

121 2948 292 2986 fabulam.
