1994 3276
143 63 227 105 388
825 59 1025 100 Ptolemaei
1040 63 1247 101 Harmonia.

140 180 285 225 periora
306 178 357 223 D,
381 179 430 224 E,
455 177 502 223 F,
529 178 562 214 G
586 182 623 213 et
646 179 682 223 d,
707 189 735 224 e,
759 180 788 224 1,
809 191 835 225 9
855 179 901 216 ab
923 179 1153 217 inferioribus
1177 182 1217 226 Γ,
1242 181 1290 226 A,
1314 182 1362 227 Β,
1388 181 1420 218 0
1439 187 1477 218 et
1493 181 1537 228 G,
1559 194 1595 228 a,
1621 184 1653 228 b,
1679 194 1699 219 c
1721 183 1933 229 seiungunt:

142 232 267 268 cadem
301 236 423 267 tamen
457 230 638 276 diapason.
665 231 856 268 intervalla
878 238 1032 278 possunt
1056 234 1162 268 etiam
1202 234 1253 269 sic
1278 234 1498 271 considerari
1511 263 1521 281 ,
1557 241 1597 271 ut
1621 236 1693 272 sint
1714 237 1802 273 bina
1823 241 1935 273 tetra-

128 285 277 321 chorda
299 285 336 319 in
359 284 403 319 iis
428 283 637 329 conjuncta,
664 283 800 320 Graece
825 295 1070 330 synemmena,
1106 286 1135 321 si
1160 286 1325 321 nimirum
1349 292 1434 323 tono
1459 288 1634 334 cuiusque
1657 289 1780 325 infimo
1804 300 1935 325 munus

138 337 215 373 toni
239 336 447 382 disjunctivi
472 336 781 376 transscribamus.
815 337 865 374 Ut
889 338 921 374 si
945 339 984 383 Γ,
1010 339 1046 374 A
1071 339 1118 374 sit
1141 343 1247 374 tonus
1274 339 1533 387 disjunctionis,
1558 346 1665 378 erunt
1688 342 1735 387 A,
1760 342 1807 387 Β,
1836 342 1873 387 Ο,
1897 342 1937 378 D

140 395 177 427 et
199 390 250 436 D,
274 390 322 435 E,
348 389 395 435 F,
422 389 456 426 G
478 388 550 425 duo
574 389 806 426 tetrachorda
836 390 1027 435 conjuncta
1054 395 1090 426 et
1113 391 1153 426 D
1178 391 1245 426 erit
1270 392 1406 428 chorda
1437 404 1502 429 seu
1524 403 1636 430 sonus
1661 393 1935 439 conjunctionis,

138 450 227 480 tunc
250 447 423 488 sequetur
449 442 492 487 G,
517 454 541 478 a
566 442 658 479 alter
673 447 781 478 tonus
799 442 1046 488 disjunctivus,
1074 449 1110 479 et
1133 456 1167 488 a,
1194 445 1225 490 b,
1251 456 1280 489 c,
1306 445 1330 480 d
1346 450 1382 479 et
1405 445 1441 490 d,
1466 457 1496 491 e,
1517 447 1546 491 f,
1567 458 1594 493 q
1615 446 1687 483 duo
1704 446 1936 482 tetrachorda

138 497 331 542 conjuncta
354 495 391 531 in
415 495 590 541 diapason
615 496 802 541 superiori,
827 501 864 531 et
888 497 913 532 d
936 496 1048 531 altera
1073 496 1287 532 chordarum
1312 507 1377 532 seu
1401 508 1510 534 sonus
1534 498 1807 543 conjunctionis.
1853 498 1936 540 (Re-

137 550 236 595 liqua
259 559 304 585 ex
328 549 526 594 praemisso
558 549 742 585 schemate
767 555 872 585 erunt
895 549 1017 593 clara.)
1065 550 1173 585 Vides
1198 551 1256 585 hic
1280 551 1399 586 redire
1423 549 1517 586 idem
1539 550 1813 595 incommodum,
1838 550 1936 595 quod

138 602 247 637 etiam
270 611 382 648 supra
405 600 524 646 capite
540 602 573 638 8.
599 601 813 638 disturbavit
837 602 1150 647 comparationem,
1177 614 1225 639 sc.
1246 603 1277 637 Γ
1299 608 1335 638 et
1356 615 1391 649 y,
1418 602 1489 638 duo
1513 603 1593 639 soni
1615 612 1681 648 per
1704 602 1935 648 disdiapason

137 654 335 699 distantes,
373 654 508 690 cadunt
542 654 578 689 in
612 654 707 690 idem
743 660 919 700 punctum
953 655 1077 690 circuli
1115 654 1392 700 apparitionum.
1442 655 1570 701 Itaque
1605 655 1663 691 vel
1694 665 1740 691 ex
1763 655 1833 691 hoc
1857 655 1934 692 solo

138 710 308 754 apparet,
334 712 496 742 coactam
521 716 601 742 esse
626 706 940 751 comparationem.

250 764 349 801 Nota
370 764 414 800 V.
464 765 545 800 Vox
572 775 755 800 «rursum»
782 764 910 800 alludit
934 765 979 800 ad
1004 775 1082 810 cap.
1113 765 1165 810 10,
1191 765 1276 810 quia
1300 765 1408 800 etiam
1431 765 1481 800 ibi
1506 765 1607 800 ortus
1633 773 1718 806 (non
1741 771 1783 802 ut
1806 766 1864 802 hic
1888 777 1934 801 ex

136 817 246 853 radiis
271 817 376 862 Solis,
398 817 462 853 sed
486 827 532 852 ex
555 817 740 852 horizonte
765 817 958 861 mundano)
984 817 1261 863 comparabatur
1285 828 1378 853 sono
1402 817 1474 853 imo
1500 822 1536 853 et
1559 818 1780 863 gravissimo.

251 878 347 914 Nota
371 878 432 914 VI.
480 878 552 913 Pro
576 877 683 913 trium
717 878 945 922 superiorum
981 882 1017 912 et
1042 877 1168 913 Lunae
1193 877 1493 913 occultationibus
1518 875 1669 923 singulis
1695 882 1781 914 sunt
1802 877 1934 913 Veneri

138 936 175 967 et
198 930 377 967 Mercurio
400 930 519 974 binae,
546 941 639 974 quae
664 930 736 965 situ
759 930 986 975 planetarum
1009 930 1047 966 in
1071 941 1209 966 summa
1223 931 1278 966 vel
1303 931 1376 966 ima
1399 929 1526 976 apside
1542 930 1813 977 distinguuntur
1835 930 1933 966 inde-

138 994 208 1029 que
233 983 520 1019 denominantur.
568 983 709 1018 Dicitur
745 993 831 1028 ergo
870 983 1027 1019 secunda
1052 983 1244 1020 occultatio
1280 984 1416 1029 primae
1455 983 1662 1029 ‹opposita›
1689 994 1762 1019 nou
1795 988 1934 1021 tantum

134 1041 283 1081 propter
307 1035 414 1071 situm
438 1036 535 1071 hunc
559 1035 686 1071 sideris
710 1035 746 1071 iu
784 1035 952 1082 opposita
976 1036 1100 1072 circuli
1124 1041 1245 1081 parte,
1283 1036 1347 1072 sed
1371 1035 1484 1071 multo
1508 1035 1622 1081 magis
1645 1041 1795 1081 propter
1816 1036 1933 1081 ipsam

136 1088 378 1124 conditionem
403 1088 667 1124 occultationis.
715 1089 808 1124 Nam
832 1090 870 1125 in
894 1090 1009 1135 prima
1035 1089 1262 1125 occultantur
1296 1089 1477 1130 matutini,
1516 1092 1703 1133 emergunt
1726 1087 1932 1133 vespertini,

135 1145 176 1176 ut
197 1141 318 1187 Luna;
342 1142 380 1177 in
397 1141 556 1178 secunda
572 1151 656 1177 vero
681 1142 909 1178 occultantur
925 1142 1129 1188 vespertini,
1155 1147 1342 1187 emergunt
1358 1141 1536 1187 matutini,
1561 1145 1602 1176 ut
1618 1146 1692 1176 tres
1716 1140 1931 1185 superiores.

250 1206 347 1242 Nota
371 1206 449 1242 VII.
498 1205 769 1242 Dubitationem
801 1206 941 1250 habet,
967 1217 1039 1250 qua
1074 1217 1113 1241 re
1153 1207 1322 1242 metiatur
1351 1204 1576 1241 latitudinem
1607 1205 1697 1240 situs
1722 1204 1928 1250 acronychi:

136 1269 219 1295 nam
243 1259 385 1295 videtur
408 1259 553 1304 planeta
578 1269 650 1294 una
673 1264 710 1294 et
734 1258 858 1293 eadem
885 1257 941 1293 die
967 1257 1013 1300 (si
1038 1257 1230 1293 latitudine
1254 1260 1362 1302 caret)
1401 1263 1437 1294 et
1460 1258 1545 1294 oriri
1568 1258 1605 1293 in
1629 1268 1700 1294 uno
1725 1256 1842 1294 noctis
1867 1267 1927 1291 ex-

134 1317 262 1356 tremo,
286 1322 336 1347 sc.
361 1310 400 1346 in
425 1311 503 1356 ejus
527 1310 715 1356 principio,
740 1315 776 1344 et
801 1310 965 1346 occidere
990 1310 1027 1345 in
1052 1309 1213 1354 ejusdem
1237 1310 1308 1346 fine
1335 1321 1398 1346 seu
1424 1316 1584 1347 extremo
1609 1311 1738 1346 altero.
1774 1310 1824 1345 At
1847 1309 1929 1345 Pto-

134 1363 294 1399 lemaeus
318 1362 546 1398 intervallum
570 1363 673 1408 ponit
690 1373 711 1397 a
727 1364 931 1407 vespertino
956 1369 1037 1398 ortu
1061 1374 1177 1408 usque
1201 1363 1246 1398 ad
1270 1363 1484 1398 matutinum
1502 1363 1716 1399 occubitum.
1741 1362 1928 1407 Quomodo

134 1421 253 1452 autem
278 1415 405 1451 horum
430 1414 576 1460 aliquod
602 1420 658 1450 est
690 1415 946 1451 intervallum?
993 1417 1169 1452 Nimirum
1205 1416 1346 1461 vesperi
1382 1421 1468 1459 tunc
1504 1415 1704 1452 censendus
1740 1419 1797 1450 est
1833 1414 1928 1458 oriri,
1988 1447 1994 1464 ,Ι

134 1480 215 1505 cum
241 1468 303 1504 Sol
325 1473 468 1503 tantum
487 1468 564 1512 ,iam
590 1467 774 1503 demersus
800 1473 867 1513 est,
893 1473 934 1504 ut
958 1469 1078 1504 oriens
1102 1468 1251 1513 planeta
1275 1468 1396 1504 statim
1420 1468 1457 1504 in
1481 1469 1561 1513 ipso
1578 1473 1660 1505 ortu
1683 1469 1781 1504 cerui
1802 1468 1928 1513 possit,
1989 1499 1994 1510 ,

100 1519 103 1522 ’
134 1521 232 1568 quod
255 1521 297 1557 fit
321 1526 404 1556 aute
428 1526 634 1556 accuratam
659 1519 944 1566 oppositionem,
982 1521 1130 1566 planeta
1154 1526 1254 1556 motu
1289 1520 1498 1565 retrogrado
1522 1521 1640 1558 adhuc
1665 1521 1762 1557 ultra
1785 1521 1928 1566 opposi·
1988 1518 1994 1546 ’-

133 1575 269 1611 tionem
290 1573 328 1608 in
353 1573 656 1619 consequentibus
681 1578 859 1610 versante.
909 1574 1075 1610 Vicissim
1099 1579 1187 1609 tunc
1210 1584 1314 1609 mane
1340 1573 1542 1609 censendus
1567 1577 1623 1609 est
1646 1573 1819 1619 occidere,
1845 1585 1925 1609 cum
1988 1570 1994 1602 T.

135 1627 196 1663 Sol
220 1626 338 1663 adhuc
361 1632 465 1662 tanto
491 1627 608 1671 spatio
634 1626 700 1662 sub
725 1626 948 1663 horizontem
973 1627 1158 1662 demersus
1184 1632 1261 1669 est,
1298 1630 1339 1661 ut
1362 1626 1510 1671 planeta
1531 1626 1569 1661 in
1592 1626 1773 1671 ipsissimo
1798 1638 1928 1663 occasu
1990 1659 1991 1663 ,

133 1680 350 1716 constitutus
375 1679 473 1715 cerni
497 1679 628 1724 possit,
665 1679 761 1724 quod
785 1679 827 1715 fit
850 1684 934 1725 post
958 1683 1162 1715 accuratam
1187 1678 1449 1723 oppositionem
1464 1706 1473 1723 ,
1510 1678 1667 1724 planetis
1691 1683 1792 1715 motu
1814 1683 1928 1715 retro·
1986 1674 1994 1699 ³

132 1732 243 1778 grado
274 1731 350 1777 jam
375 1737 458 1768 ante
484 1732 578 1768 Solis
606 1731 812 1778 oppositum
837 1732 978 1768 delatis.
1026 1732 1138 1769 Notet
1162 1741 1244 1766 vero
1281 1731 1398 1767 locum
1431 1731 1526 1768 hunc
1550 1742 1595 1767 ex
1619 1731 1825 1768 Ptolemaeo
1852 1737 1927 1767 stu-

134 1784 257 1820 diosus
293 1785 532 1820 astronomiae
569 1785 805 1830 conferatque
841 1797 920 1821 cum
956 1786 1022 1828 iis,
1057 1795 1149 1830 quae
1183 1785 1220 1819 in
1244 1784 1433 1829 Epitomes
1457 1785 1708 1821 Astronomiae
1743 1784 1834 1821 libro
1858 1784 1924 1820 111.
1983 1790 1994 1812 ,ἱ

134 1842 259 1874 contra
282 1837 463 1882 vulgarem
487 1848 592 1874 usum
613 1838 712 1874 vocis
737 1839 958 1885 acronychos
983 1837 1180 1883 disputavi:
1205 1837 1350 1880 videbit,
1375 1837 1420 1873 ad
1441 1841 1598 1873 mentem
1622 1837 1822 1873 Ptolemaei
1845 1846 1926 1872 esse
1980 1841 1990 1885 J

134 1890 263 1926 omnia.
310 1891 496 1927 Potuisset
521 1891 629 1927 etiam
652 1891 722 1926 hoc
746 1892 922 1936 spatium,
947 1891 1044 1936 quod
1068 1895 1154 1925 tono
1180 1889 1395 1934 disjunctivo
1420 1889 1595 1936 vindicat,
1619 1889 1737 1926 metiri
1761 1900 1847 1925 arcu
1870 1900 1927 1924 re—
1977 1902 1980 1906 ·

131 1944 426 1989 trogradationis,
464 1944 532 1980 nisi
556 1944 615 1980 hic
639 1944 789 1979 diversis
826 1943 982 1989 planetis
1008 1943 1170 1979 diversus
1207 1947 1303 1977 esset
1340 1948 1376 1977 et
1399 1943 1469 1978 nisi
1491 1943 1614 1979 Venus
1638 1943 1924 1988 Mercuriusque,
1981 1971 1982 1974 η

134 2001 385 2043 praeterquam
411 1997 507 2042 quod
534 2002 619 2033 sunt
641 1997 852 2042 retrogradi,
879 1996 948 2032 hoc
972 1995 1128 2041 spatium
1154 1995 1261 2030 etiam
1286 1994 1528 2033 occultatione
1551 1996 1748 2040 signarent.

198 2070 200 2072 ·
249 2057 346 2092 Nota
368 2056 465 2091 VIII.
499 2056 654 2092 Pulchre
677 2057 736 2092 hic
761 2061 906 2100 argutus
933 2060 998 2099 est,
1025 2053 1132 2099 quod,
1159 2063 1238 2089 cum
1255 2054 1378 2089 Venus
1403 2058 1440 2089 et
1455 2053 1656 2089 Mercurius
1679 2053 1783 2089 binas
1807 2053 1924 2090 occul·
1975 2093 1977 2095 ¹

132 2109 288 2144 tationes
311 2109 487 2154 habeant,
513 2109 641 2154 reliqui
665 2113 802 2145 tantum
829 2107 1007 2153 singulas,
1033 2107 1183 2142 alterius
1208 2106 1285 2142 vice
1311 2106 1348 2141 in
1373 2106 1539 2147 Saturno,
1562 2107 1662 2153 Jove,
1689 2108 1806 2142 Marte
1831 2105 1923 2142 situs
1965 2141 1970 2144 .

132 2161 366 2206 acronychios
390 2161 509 2206 ponit,
545 2161 583 2196 in
618 2161 723 2196 Luna
757 2159 1009 2206 plenilunium3
1046 2159 1210 2194 tribuens
1246 2162 1283 2193 et
1306 2157 1361 2192 his
1392 2158 1675 2203 apparitionibus
1700 2159 1806 2194 unius
1831 2158 1924 2203 signi
1983 2159 1994 2178 ⁴³

130 2213 375 2258 latitudinem,
401 2224 466 2258 per
490 2223 597 2258 quam
621 2213 829 2249 indifferens
854 2217 974 2247 manet
999 2211 1188 2256 apparitio,
1214 2221 1280 2246 nec
1304 2210 1477 2246 intactum
1500 2221 1569 2246 nec
1591 2211 1680 2247 illud
1704 2210 1921 2255 relinquens,
1951 2208 1967 2250 ’ζ

131 2266 227 2311 quod
244 2266 358 2312 Luna,
384 2270 556 2310 quantum
573 2266 734 2311 acquirat
750 2266 893 2301 luminis
917 2265 954 2299 in
979 2264 1148 2300 distantia
1172 2263 1277 2298 unius
1303 2263 1394 2307 signi
1420 2273 1441 2297 a
1466 2263 1560 2308 Sole,
1585 2266 1726 2298 tantum
1750 2262 1923 2309 deperdat
1975 2283 1979 2290 ι

128 2318 166 2353 in
191 2318 361 2355 distantia
384 2319 489 2355 unius
514 2317 607 2364 signi
632 2330 654 2354 a
679 2319 772 2354 Solis
805 2318 990 2363 opposito:
1029 2317 1127 2361 quod
1160 2321 1344 2360 comparat
1382 2326 1462 2350 cum
1498 2315 1776 2351 identisonantia
1809 2316 1923 2362 ipsius

130 2370 314 2416 diapason,
339 2376 380 2407 ut
403 2372 440 2407 in
466 2383 537 2416 qua
561 2376 617 2407 est
640 2372 747 2408 etiam
771 2371 807 2406 in
833 2370 1008 2415 oppositis
1032 2369 1181 2404 vocibus
1207 2369 1384 2413 quaedam
1409 2369 1538 2404 unitas.

245 2435 342 2470 Nota
364 2435 426 2470 IX.
475 2434 713 2470 confitentem
737 2435 910 2470 habemus
935 2433 1197 2476 Ptolemaeum,
1235 2442 1274 2467 se
1298 2431 1584 2476 comparationes
1609 2431 1752 2467 tradere
1775 2431 1919 2467 minime

131 2492 335 2533 accuratas,
374 2498 455 2523 cum
481 2493 604 2523 utatur
638 2499 724 2523 voce
752 2499 880 2533 «quam
905 2487 1100 2532 proxime».
1150 2486 1199 2521 Et
1233 2494 1292 2520 res
1316 2485 1395 2529 ipsa
1419 2484 1593 2530 loquitur,
1631 2495 1712 2520 cum
1737 2484 1808 2520 sint
1830 2485 1920 2520 haec

130 2541 410 2578 occultationum
433 2540 623 2576 intervalla
659 2542 695 2575 in
718 2540 867 2576 diversis
903 2540 1057 2584 planetis
1083 2537 1341 2582 diversissima,
1377 2537 1413 2571 in
1438 2537 1576 2572 Venere
1611 2535 1791 2572 interdum
1807 2536 1920 2586 plane

129 2593 249 2638 nulla,
274 2598 315 2629 ut
338 2593 408 2628 hoc
432 2604 526 2628 anno
555 2593 655 2629 1619.
681 2592 895 2635 Februario,
933 2602 1014 2627 cum
1037 2590 1136 2635 prius
1162 2594 1217 2625 est
1242 2593 1321 2625 orta
1345 2599 1467 2634 mane,
1505 2600 1613 2633 quam
1637 2588 1817 2626 occideret
1841 2598 1918 2624 ves·—

134 2646 230 2691 peri;
268 2645 376 2689 igitur
413 2645 652 2680 occultatione
688 2645 811 2680 caruit.
861 2643 997 2689 Quodsi
1029 2653 1129 2678 meae
1154 2642 1438 2686 comparationes
1464 2652 1576 2686 aeque
1601 2641 1823 2687 negligentes
1848 2641 1920 2678 sint

130 2708 376 2734 mensurarum
393 2698 615 2743 quantitatis,
641 2708 711 2733 non
729 2707 851 2740 renuo,
877 2695 962 2740 quin
987 2695 1111 2730 eodem
1128 2695 1208 2730 loco
1231 2694 1443 2738 habeantur,
1470 2705 1540 2740 quo
1559 2694 1798 2730 Ptolemaicae
1813 2693 1917 2730 istae.

232 2761 340 2797 'Nota
364 2762 408 2798 X.
457 2761 750 2798 Subaudiendum
784 2760 843 2795 hic
879 2763 950 2806 est:
988 2758 1287 2803 quemadmodum
1312 2759 1440 2795 -tonica
1475 2756 1664 2794 intervalla
1698 2757 1916 2803 respondent
1936 2793 1945 2802 ,

131 2814 362 2850 duodecimae
387 2815 482 2859 parti
506 2814 630 2850 circuli
655 2818 692 2850 et
715 2818 800 2849 sunt
824 2810 1034 2847 duodecima
1058 2821 1141 2855 pars
1166 2811 1343 2848 intervalli
1380 2811 1531 2857 perfecti
1556 2811 1760 2856 systematis
1785 2809 1915 2846 disdia-

130 2877 261 2912 pas0n3
287 2866 324 2902 id
348 2867 442 2902 enim
464 2866 611 2902 tradidit
635 2866 696 2902 ille
721 2865 837 2910 capite
861 2864 894 2900 9.
921 2869 956 2899 et
980 2874 1045 2899 nos
1070 2863 1118 2898 ibi
1143 2865 1434 2909 examinavimus,
1461 2867 1616 2908 ostenso,
1641 2862 1737 2907 quod
1763 2871 1913 2908 propor-

130 2918 262 2954 tionem
288 2918 434 2964 duplam
457 2918 569 2964 ipsius
595 2918 768 2963 diapason
792 2928 862 2952 non
886 2916 1025 2961 possint
1058 2922 1183 2952 exacte
1209 2917 1426 2953 constituere
1450 2915 1722 2960 sesquioctavae
1743 2915 1914 2958 integrae.

244 2982 339 3017 Nota
363 2982 426 3017 XI.
476 2982 601 3026 Capite
628 2982 659 3018 9.
685 2987 884 3028 tetragono,
910 2984 950 3014 ut
973 2979 1148 3024 aspectui,
1175 2981 1244 3016 tria
1267 2981 1408 3026 integra
1425 2980 1525 3024 signa
1541 2978 1831 3021 accensebantur,
1855 2975 1915 3012 hic

131 3033 255 3078 eidem,
280 3040 320 3071 ut
343 3034 458 3082 phasi,
483 3035 632 3072 semisse
657 3035 786 3080 minus,
811 3033 848 3070 id
872 3043 955 3069 vero
980 3031 1147 3069 affectate
1171 3033 1216 3069 ob
1242 3033 1475 3077 diatessaron,
1499 3032 1536 3068 in
1561 3042 1632 3077 quo
1656 3035 1763 3068 tonus
1787 3027 1912 3076 maior,
1970 3082 1974 3086 Δ
