1994 3276
152 132 236 172 260
703 128 759 164 De
785 126 1134 174 Configurationibus
1157 130 1394 169 Harmonicis.

150 253 369 306 praefectae
411 254 514 290 sunt.
572 248 634 287 De
672 249 843 299 principe
875 249 1030 299 quidem
1066 253 1219 291 animae
1258 252 1461 302 facultate,
1508 265 1608 304 quae
1647 266 1756 294 mens
1797 254 1948 305 dicitur,

150 317 303 364 praeter
333 310 413 357 illa,
445 318 546 358 quae
577 318 697 357 supra
729 318 811 356 cap.
839 309 873 346 1.
906 319 954 346 ex
983 308 1124 348 Proclo
1155 310 1286 358 attuli,
1319 310 1415 348 nihil
1447 311 1627 351 admonet
1657 315 1856 363 negotium
1884 326 1950 352 ra-

151 371 380 417 diationum,
412 366 519 418 quod
550 365 676 404 dicam
707 365 887 414 amplius.
946 366 1019 405 Est
1050 367 1118 406 illa
1147 374 1343 419 punctum,
1378 374 1420 407 ut
1447 382 1575 420 mens3
1607 375 1666 409 est
1697 372 1874 420 circulus,
1907 377 1950 410 ut

149 428 416 475 ratiocinati03
460 430 519 464 est
549 425 698 473 imago,
730 423 864 462 vultus
894 423 1037 474 divini,
1080 433 1137 465 est
1168 427 1389 475 harmonia,
1422 429 1552 478 quoad
1582 431 1778 480 energiam
1806 442 1947 480 unam3

149 493 241 526 sunt
269 488 308 524 in
340 497 388 524 ea
418 483 530 522 ideae
561 487 598 522 et
627 483 780 533 species
811 482 1122 533 mathematicae,
1154 485 1223 535 per
1255 485 1459 536 circulum3
1499 487 1566 526 dat
1604 487 1672 526 illa
1711 488 1839 536 hisce,
1883 489 1949 526 dat

150 553 188 584 et
218 545 428 584 harmoniis
471 553 547 580 esse
576 552 690 579 suum
721 540 993 580 intellectuale.
1054 541 1164 582 Haec
1205 545 1335 582 omnia
1364 539 1533 594 requirat
1569 540 1690 585 lector
1720 548 1766 585 e'x
1797 535 1949 597 superi—

150 605 308 652 oribus,
352 603 415 641 hic
444 600 619 651 pluribus
651 610 729 637 non
760 605 818 637 est
850 610 958 648 opus.
1021 599 1151 639 Unum
1182 602 1256 640 hoc
1287 603 1505 642 moneotde
1535 603 1666 643 Procli
1697 610 1946 654 argumenta-

147 665 277 702 tione:
321 673 399 700 non
430 659 555 699 videri
586 657 695 695 illam
726 658 799 695 niti
832 657 942 695 bonis
971 659 1184 712 exemplis,
1205 661 1294 698 dum
1323 660 1502 710 inculcat,
1533 661 1622 701 ideo
1642 662 1777 712 lineas,
1810 671 1947 714 super-

147 721 254 760 ficies
286 725 324 759 et
353 723 498 770 puncta
527 718 566 754 in
598 717 729 755 anima
758 716 986 764 statuenda,
1021 719 1113 767 quia
1144 721 1181 756 in
1213 720 1420 758 sensilibus
1450 719 1580 760 nullae
1610 727 1731 771 purae
1762 726 1800 760 ct
1829 733 1947 772 sepa-

146 786 255 819 ratae
286 777 520 830 superficies,
553 775 678 813 lineae
710 773 774 812 vel
806 780 950 824 puncta
977 777 1065 815 sint.
1128 777 1250 827 Atqui
1280 789 1350 817 nec
1380 779 1418 817 in
1442 780 1580 818 ‚anima
1609 784 1669 818 est
1699 780 1802 818 linea
1833 791 1944 830 pura,

147 849 188 877 se
220 840 306 888 ipsa
335 837 563 882 subsistens,
593 832 663 872 sed
694 833 865 870 inexistit
886 833 925 870 in
945 833 1147 884 superficie
1168 837 1340 882 mentali,
1373 836 1484 886 cujus
1515 841 1574 875 est
1604 840 1839 890 extremitas,
1868 849 1945 876 non

146 898 273 935 minus
311 906 429 945 quam
466 895 506 930 in
545 891 754 930 sensilibus
792 892 1076 940 quantitatibus
1132 897 1325 944 corporeis
1359 896 1464 935 *inest
1512 895 1733 947 superficies
1770 907 1877 934 mera
1906 898 1944 933 in

119 982 121 985 s
147 955 390 994 extremitate
422 952 604 1002 corporis,
636 949 742 988 linea
770 960 877 987 mera
908 951 944 986 in
978 954 1217 1007 extremitate
1248 953 1483 1004 superficiei,
1513 960 1699 1003 punctum
1729 966 1875 993 merum
1906 956 1944 991 in

147 1019 318 1052 extremo
349 1012 495 1049 lineae:
542 1008 854 1059 imperfectarum
899 1010 1000 1047 enim
1033 1013 1292 1059 quantitatum
1322 1023 1400 1050 esse
1430 1017 1488 1050 est
1518 1014 1642 1051 inesse
1680 1014 1719 1050 in
1749 1013 1942 1063 perfectis.

147 1071 304 1111 Scilicet
340 1080 482 1121 genera
512 1067 670 1118 quidem
699 1065 975 1105 mathematica
1004 1064 1081 1105 non
1113 1074 1202 1107 sunt
1233 1070 1346 1108 aliter
1376 1071 1416 1108 in
1447 1071 1594 1119 anima,
1637 1082 1754 1121 quam
1784 1073 1942 1109 univer-

145 1130 245 1169 salia
275 1134 403 1169 cetera
433 1131 721 1177 conceptusque
753 1127 862 1172 varii,
896 1125 1079 1165 abstracti
1102 1139 1125 1165 a
1147 1128 1380 1180 sensilibus,
1411 1133 1452 1167 at
1481 1130 1695 1179 specierum
1726 1129 1944 1168 mathema-

143 1191 306 1228 ticarum
337 1186 417 1233 illa,
454 1197 554 1235 quae
585 1183 753 1222 circulus
776 1182 924 1231 dicitur,
957 1183 1072 1234 longe
1094 1185 1172 1224 alia
1201 1188 1350 1225 ratione
1382 1189 1483 1226 inest
1502 1188 1666 1236 animae,
1697 1198 1775 1226 non
1794 1192 1944 1226 tautum

143 1252 187 1285 ut
218 1247 307 1285 idea
336 1256 462 1283 rerum
493 1249 749 1288 externarum,
782 1241 852 1279 sed
883 1243 1001 1296 etiam
1032 1249 1072 1281 ut
1102 1244 1225 1282 forma
1256 1245 1449 1294 quaedam
1477 1246 1602 1296 ipsius
1634 1247 1800 1295 animae,
1833 1245 1944 1285 deni-

144 1317 220 1355 que
265 1309 309 1343 ut
347 1303 627 1353 promtuarium
670 1301 825 1337 unicum
875 1302 999 1339 omnis
1041 1304 1301 1352 geometricae
1355 1309 1392 1342 et
1436 1304 1701 1342 arithmeticae
1745 1305 1942 1351 scientiae,

144 1374 308 1413 quorum
337 1361 434 1399 illud
466 1363 504 1398 in
536 1359 710 1398 doctriua
741 1359 917 1407 sinuum,
957 1359 1032 1398 hoc
1071 1362 1110 1397 in
1141 1361 1309 1400 mirabili
1350 1361 1667 1411 logarithmorum
1698 1364 1854 1412 negotio
1886 1367 1945 1400 est

144 1421 497 1466 evidentissimum,
539 1419 651 1456 utin
684 1416 823 1465 quibus
868 1428 915 1454 ex
946 1418 1089 1456 circulo
1133 1421 1224 1457 ortis
1267 1420 1412 1458 abacus
1445 1419 1602 1470 quidam
1643 1422 1743 1463 inest
1774 1422 1946 1458 omnium

142 1478 515 1529 multiplicationum
546 1481 584 1515 et
616 1475 873 1521 divisionum,
917 1486 1017 1524 quae
1049 1488 1221 1526 unquam
1249 1477 1331 1517 fieri
1363 1483 1544 1529 possunt,
1587 1478 1707 1516 veluti
1735 1478 1819 1528 jam
1849 1489 1945 1517 con—

143 1538 341 1577 fectarum.
375 1535 453 1574 Sed
474 1535 568 1573 satis
591 1533 638 1572 de
670 1533 843 1584 principe
875 1534 1027 1572 animae
1058 1534 1264 1584 facultate;
1300 1538 1500 1575 veniamus
1531 1548 1634 1575 nunc
1663 1537 1713 1575 ad
1734 1536 1944 1575 inferiores.

259 1594 443 1634 Facultas
474 1594 607 1642 itaque
641 1590 771 1630 vitalis
804 1593 842 1627 in
865 1591 1021 1631 homine
1051 1605 1128 1631 non
1150 1593 1370 1633 harmonias
1392 1599 1542 1633 tantum
1562 1594 1680 1633 radiis
1710 1594 1850 1633 lucidis
1874 1596 1945 1632 ‘in—

146 1654 304 1693 volutas
335 1663 466 1691 secum
497 1651 626 1698 habet,
656 1648 724 1688 sed
756 1650 875 1687 ctiam
905 1649 1140 1698 harmonias,
1173 1660 1356 1691 sonorum
1385 1653 1588 1702 speciebus
1617 1654 1864 1692 incrustatas.
1894 1652 1945 1690 Et

142 1724 260 1751 sonos
291 1711 448 1762 quidem
478 1709 636 1748 auribus
668 1708 796 1746 haurit
827 1714 871 1745 ut
903 1708 1098 1757 obJectum
1129 1711 1337 1761 proprium,
1381 1710 1510 1749 radios
1540 1723 1633 1750 vero
1665 1710 1834 1750 siderum
1863 1722 1942 1751 non

142 1776 186 1809 ut
216 1771 339 1813 oculis
372 1780 458 1817 eos,
501 1767 571 1806 sed
600 1772 644 1805 ut
675 1766 742 1804 illo
781 1766 866 1815 ipso
897 1770 1156 1818 perceptionis
1195 1768 1313 1818 paulo
1343 1771 1519 1819 superius
1550 1769 1766 1820 explicatae
1798 1770 1942 1808 obscu-

142 1830 232 1867 riori
264 1827 379 1867 modo
410 1827 599 1874 admittit,
638 1825 688 1863 ad
726 1823 951 1863 harmoniae
993 1831 1179 1864 connatas
1211 1826 1318 1865 ideas
1350 1829 1556 1865 examinat.
1616 1827 1718 1866 Nam
1747 1838 1804 1875 ea,
1839 1837 1939 1877 quae

142 1886 320 1926 videntur
352 1886 487 1932 oculis,
519 1885 693 1922 serviunt
724 1882 926 1930 discursui,
959 1883 1248 1923 harmoniarum
1279 1878 1425 1935 agnitio
1456 1883 1540 1924 sine
1571 1885 1745 1924 discursu
1776 1890 1847 1924 est.
1878 1884 1944 1926 Sic

141 1947 316 1983 innatam
347 1955 430 1982 esse
460 1942 568 1992 pullo
599 1942 816 1991 gallinaceo
850 1941 978 1980 ideam
1009 1942 1139 1991 milvi,
1187 1945 1318 1981 sciscit
1354 1942 1395 1983 J.
1428 1943 1470 1982 C.
1503 1942 1698 1993 Scaliger3
1735 1955 1812 1981 non
1856 1955 1942 1981 eam

143 2003 300 2053 quidem
331 2001 557 2051 simplicem,
591 2000 659 2039 sed
690 2010 778 2037 cum
807 2006 901 2037 nota
931 2000 1137 2050 fugiendae
1159 2002 1352 2050 perniciei.
1411 2001 1514 2040 Hinc
1545 2003 1661 2051 igitur
1691 2002 1836 2040 habent
1867 2001 1942 2040 hoc

143 2063 296 2100 animae
326 2060 538 2106 humanae,
583 2057 688 2107 quod
719 2057 790 2095 sub
822 2063 975 2107 tempus
1006 2065 1234 2109 aspectuum
1265 2059 1491 2098 coelestium
1521 2061 1753 2109 praecipuos
1785 2061 1944 2110 capiunt

143 2121 308 2169 impetus
341 2119 390 2156 ad
421 2118 596 2167 negotia,
643 2127 744 2166 quae
783 2115 857 2154 sub
897 2116 1076 2155 manibus
1107 2117 1272 2164 habent,-
1310 2117 1542 2168 peragenda.
1603 2117 1717 2166 Quod
1755 2119 1856 2157 enim
1887 2123 1945 2157 est
1993 2121 1994 2152 l

144 2178 236 2216 bovi
265 2176 464 2223 stimulus,
510 2185 610 2224 equo
645 2175 772 2212 calcar
801 2178 868 2211 aut
901 2174 1132 2222 celetismus,
1164 2175 1277 2213 militi
1308 2181 1534 2226 tympanum
1555 2181 1593 2214 et
1623 2175 1839 2224 classicum,
1871 2187 1944 2215 au-

145 2236 331 2274 ditoribus
364 2236 490 2273 oratio
522 2235 729 2280 incentiva,
763 2232 898 2270 turbae
928 2234 1158 2271 rusticorum
1189 2233 1402 2272 modulatio
1434 2245 1501 2284 per
1530 2233 1722 2282 fistulam,
1756 2234 1939 2273 utriculos

145 2299 184 2332 et
213 2294 448 2345 panduram,
494 2291 569 2330 hoc
600 2296 659 2328 est
687 2291 900 2337 universis,
947 2293 1154 2341 praecipue
1187 2302 1278 2330 vero
1309 2293 1347 2328 in
1378 2303 1498 2329 unum
1531 2293 1797 2342 congregatis,
1822 2285 1939 2330 'con-

143 2352 324 2401 figuratio
356 2351 532 2391 coelestis
563 2349 789 2387 idoneorum
818 2348 1083 2398 planetarum;
1128 2354 1170 2387 ut
1201 2354 1238 2388 et
1267 2349 1408 2398 singuli
1445 2352 1484 2387 in
1515 2352 1596 2388 suis
1618 2350 1935 2389 meditationibus

145 2412 348 2461 operisque
380 2410 596 2456 incitentur,
629 2412 667 2446 et
696 2408 865 2445 universi
896 2407 945 2445 ad
977 2407 1274 2456 conspirandum
1295 2408 1577 2458 sociandasque
1610 2408 1786 2447 dexteras
1806 2419 1938 2458 prom-

144 2470 261 2507 tiores
292 2468 399 2506 fiant.
459 2467 598 2516 Itaque
628 2467 666 2502 in
697 2465 836 2504 militia
867 2460 1000 2504 videas
1030 2465 1255 2516 plerumque
1287 2465 1454 2516 proelia,
1495 2478 1677 2516 pugnas,
1699 2467 1933 2513 invasiones,

144 2526 334 2574 assultus,
382 2526 711 2575 expugnationes,
751 2522 960 2571 tumultus,
1000 2525 1159 2574 panicos
1200 2530 1361 2562 terrores
1401 2525 1473 2562 sub
1504 2529 1678 2575 tempora
1707 2529 1934 2575 aspectuum

143 2584 282 2623 Martis
313 2590 351 2623 et
379 2584 583 2630 Mercurii,
625 2581 742 2619 Jovis
774 2586 812 2620 et
842 2580 1002 2629 Martis,
1042 2581 1145 2620 Solis
1177 2587 1214 2620 et
1244 2581 1402 2630 Martis,
1443 2582 1596 2620 Saturni
1629 2587 1667 2621 et
1696 2582 1832 2621 Martis
1863 2588 1934 2621 etc.

145 2645 330 2691 existere,
374 2644 414 2680 in
444 2641 669 2693 epidemicis
702 2640 844 2677 morbis
885 2639 1014 2688 plures
1054 2640 1475 2688 temporevalidorum
1512 2646 1739 2690 aspectuum
1770 2640 1929 2679 decum-

144 2702 257 2748 bere,
298 2702 454 2750 gravius
485 2699 676 2748 torqueri,
721 2702 788 2736 aut
829 2699 944 2735 etiam
987 2698 1103 2744 mori,
1145 2703 1281 2735 natura
1320 2710 1373 2736 sc.
1406 2698 1606 2736 deficiente
1643 2700 1682 2734 in
1713 2698 1818 2736 lucta
1848 2710 1935 2736 cum

145 2759 298 2807 morbo,
341 2758 391 2797 ad
422 2769 538 2807 quam
568 2757 712 2794 luctam
753 2753 843 2806 (non
876 2767 967 2792 vero
998 2755 1047 2792 ad
1078 2753 1258 2809 mortem)
1298 2750 1481 2794 incitatur⁴
1517 2757 1566 2794 ab
1597 2761 1767 2805 aspectu.
1827 2755 1936 2805 Quae

145 2818 275 2855 omnia
304 2827 383 2854 non
413 2816 563 2854 coelum
594 2816 718 2865 ipsum
749 2814 840 2851 facit
871 2815 952 2851 sine
984 2812 1134 2860 medio,
1173 2815 1241 2852 sed
1282 2816 1432 2853 animae
1472 2813 1636 2852 facultas
1667 2815 1815 2861 vitalis,
1849 2825 1935 2852 cum

147 2875 378 2913 coelestibus
410 2874 620 2912 harmoniis
651 2883 768 2922 opera
798 2882 869 2909 sua
900 2872 1146 2915 consocians,
1188 2874 1443 2923 principatum
1483 2876 1587 2910 tenet
1617 2873 1654 2908 in
1685 2871 1776 2919 hoc,
1816 2871 1934 2921 vulgo

146 2933 201 2969 sic
233 2932 348 2981 dicto,
379 2932 529 2970 influxu
560 2930 670 2969 coeli.
704 2928 859 2968 Scilicet
888 2928 986 2967 haec
1018 2940 1095 2966 vox
1126 2929 1290 2968 influxus
1322 2930 1526 2968 fascinavit
1553 2929 1805 2980 philosophos
1835 2941 1934 2967 non-

145 2989 297 3037 nullos,
340 2995 384 3028 ut
413 3001 500 3029 cum
530 2989 741 3039 ineptiente
772 2987 890 3036 vulgo
921 2988 996 3036 ipsi
1028 2988 1211 3036 insanire,
1261 3000 1377 3038 quam
1416 2998 1565 3025 mecum
1595 2998 1731 3037 sapere
1762 2986 1931 3026 mallent.

147 3045 320 3094 Quorum
344 3059 437 3086 sane
469 3059 586 3097 quam
617 3046 764 3084 infirma
796 3050 854 3084 est
883 3050 1042 3082 catena:
1086 3051 1189 3083 astra
1225 3058 1339 3096 agere
1371 3047 1408 3083 in
1439 3047 1587 3093 aerem,
1631 3045 1733 3083 hunc
1762 3046 1801 3081 in
1832 3050 1932 3084 tem-

144 3109 410 3155 peramentum
441 3107 634 3156 corporis,
665 3104 739 3143 hoc
764 3103 848 3154 jam
878 3104 917 3140 in
947 3104 1126 3141 animam.
1186 3104 1279 3142 Esto
1311 3104 1384 3142 hoc
1414 3104 1452 3140 in
1477 3103 1735 3153 quibusdam,
1766 3108 1806 3141 at
1837 3101 1950 3153 quid?
