1994 3276
851 726 1245 778 JO.KEPLER1

529 835 939 954 mammetis
986 835 1188 911 MUNm
1235 798 1431 949 LlBER
1461 757 1627 911 lll

142 984 212 1032 De
249 987 353 1034 ortu
394 985 740 1044 proponionum
779 985 1160 1033 harmonicarum.
1200 985 1353 1044 deque
1389 986 1556 1066 natura
1595 988 1641 1031 et
1678 980 1950 1031 differentiis

624 1085 779 1120 rerum
816 1073 876 1119 ad
915 1077 1097 1120 cantum
1141 1074 1482 1131 pertinentium.
1815 1082 1818 1084 ’

264 1205 459 1241 Proclus
486 1205 742 1241 Diadochus
776 1205 855 1241 Lib.
880 1206 910 1241 I.
943 1207 1041 1243 Com.
1072 1207 1108 1241 in
1133 1206 1160 1242 Ι.
1195 1205 1466 1241 Elementorum
1497 1194 1678 1250 Euclidis,
1715 1213 1796 1241 cum
1814 1215 1819 1221 ·
1837 1203 1951 1253 philo-

151 1257 282 1303 sophia
306 1257 439 1294 multas
464 1259 511 1298 sit
534 1258 724 1304 complexa
748 1258 957 1303 facultates
983 1259 1116 1296 multas
1141 1264 1178 1295 et
1200 1258 1480 1301 mathematica,
1511 1258 1556 1294 de
1580 1266 1654 1294 um.
1675 1256 1820 1308 quidem
1844 1256 1952 1301 hujus

150 1314 263 1356 parte,
289 1311 496 1347 harmonice
529 1312 634 1356 dicta,
659 1311 776 1357 deque
810 1311 967 1347 numeris
994 1312 1274 1355 (harmoniarum
1298 1310 1484 1364 principiis
1514 1309 1685 1365 creditis).
1698 1305 1789 1346 haec
1814 1308 1951 1345 scribit

148 1357 208 1393 Ad
231 1357 449 1404 theoloyiam
468 1363 675 1405 praeparat
698 1360 828 1395 mentis
852 1363 1012 1394 conatus
1056 1359 1157 1395 Nam
1181 1368 1236 1403 ea,
1262 1368 1355 1405 quae
1377 1369 1454 1394 non
1469 1357 1627 1397 initiatis
1651 1357 1749 1393 circa
1766 1357 1952 1393 veritatem

146 1415 267 1439 rerum
291 1404 499 1440 divinarum
522 1405 691 1442 videntur
715 1417 789 1441 esse
813 1409 924 1451 captu
948 1405 1117 1450 difficilia
1141 1410 1175 1442 et
1198 1406 1427 1449 sublimiora,
1463 1404 1530 1444 illa
1554 1403 1817 1458 mathematicis
1841 1402 1952 1438 ratio-

146 1447 254 1487 nibus
278 1451 586 1488 demonstrantur
601 1463 675 1488 esse
697 1453 789 1496 fida,
825 1452 1021 1496 manifesta
1045 1456 1079 1487 et
1102 1453 1180 1488 sine
1204 1432 1450 1505 controversia
1472 1461 1542 1496 per
1565 1449 1744 1504 quasdam
1765 1449 1952 1496 imaqines.
1976 1489 1979 1491 ,

147 1498 248 1533 Nam
269 1499 541 1544 proprietatum
577 1500 931 1545 superessentialium
965 1499 1181 1535 evidentiam
1206 1499 1401 1535 ostendunt
1428 1498 1469 1534 in
1492 1498 1668 1541 numeris,
1701 1501 1736 1533 et
1763 1507 1857 1542 quae
1880 1497 1954 1532 sint

115 1547 117 1549 '
145 1545 444 1581 intellectualium
466 1547 671 1589 formarum
688 1550 906 1591 potestates,
940 1546 981 1580 in
1005 1546 1274 1582 ratiocinativis
1297 1546 1435 1581 clarum
1460 1543 1634 1589 efficiunt.
1682 1544 1817 1589 Itaque
1840 1542 1953 1579 Plato

146 1591 260 1626 multa
286 1592 470 1628 mirabilia
494 1592 538 1628 de
561 1597 697 1628 natura
723 1592 887 1628 Deorum
910 1603 978 1627 nos
996 1603 1066 1638 per
1089 1593 1224 1646 species
1246 1603 1367 1628 rerum
1389 1591 1728 1627 mathematicarum
1751 1589 1887 1634 edocet,
1921 1594 1953 1624 et

147 1637 399 1683 Pythayorica
423 1639 660 1693 philosophia
683 1639 741 1675 his
765 1650 828 1674 ceu
850 1639 938 1674 velis
962 1639 1112 1675 obnubit
1135 1639 1402 1675 institutionem
1431 1637 1475 1674 de
1497 1637 1604 1673 rebus
1637 1636 1781 1673 divinis.
1829 1635 1908 1681 Hua
1903 1635 1954 1671 'us

149 1684 242 1719 enim
275 1685 418 1730 yeneris
449 1689 501 1721 est
524 1686 715 1722 universus
737 1686 798 1722 ille
821 1696 936 1721 sermo
961 1696 1078 1723 sacer
1116 1690 1150 1721 et
1174 1685 1366 1722 Philolaus
1390 1685 1436 1720 in
1460 1683 1616 1720 Bacchis
1649 1687 1683 1751 'et
1706 1687 1786 1720 tota
1813 1682 1953 1729 Pytha-

146 1734 257 1776 ydrae
281 1732 381 1767 ratio
407 1731 560 1768 docendi
584 1732 628 1768 de
651 1732 743 1768 Deo

267 1777 427 1813 Rursum
452 1778 502 1814 ad
526 1780 698 1814 moralem
717 1779 988 1825 philosophiam
1010 1787 1078 1815 nos
1096 1746 1258 1824 perficit,
1293 1779 1520 1824 implantans
1552 1778 1689 1815 nostris
1712 1777 1873 1813 moribus
1898 1778 1953 1811 or-

149 1824 279 1867 dinem,
306 1825 506 1860 decentiam
531 1830 564 1861 et
588 1828 895 1862 conversationem
912 1827 1177 1870 harmonicam3
1203 1825 1319 1861 tradit
1335 1825 1456 1869 etiam,
1483 1835 1574 1870 quae
1589 1824 1737 1870 fi'yurae,
1764 1834 1855 1869 quae
1871 1834 1953 1859 can-

148 1871 295 1914 tilenae,
330 1872 392 1916 qui
416 1876 535 1907 motus
558 1873 727 1908 virtutem
758 1873 925 1908 deceant.-
956 1884 1029 1918 qua
1059 1873 1228 1908 doctrina
1263 1873 1371 1908 etiam
1395 1852 1605 1907 Athenaeus
1628 1871 1742 1906 excoli
1774 1874 1809 1906 et
1825 1870 1955 1923 perfici

148 1918 223 1952 vult
248 1927 324 1961 eos,
358 1919 420 1962 qui
444 1919 639 1954 virtutibus
663 1920 864 1955 moralibus
893 1920 939 1954 ab
970 1920 1217 1955 adolescentia
1241 1919 1367 1955 daturi
1394 1922 1479 1954 sunt
1503 1928 1660 1963 operam.
1711 1916 1816 1962 Quin
1844 1916 1953 1952 etiam

142 1964 403 2008 proportiones
425 1976 668 2009 numerorum,
694 1966 890 2002 virtutibus
912 1965 1133 2009 familiares,
1170 1966 1363 2019 εῳρῐαπαι,
1400 1965 1496 1999 alr'as
1520 1963 1662 2009 quidem
1697 1963 1953 2008 arithmeticas,

147 2009 242 2045 alias
264 2011 509 2055 yeometricas,
535 2012 631 2047 alias
654 2013 901 2056 harmonicas;
931 2012 1087 2047 ostendit
1111 2016 1144 2047 et
1167 2013 1338 2048 vitiorum
1363 2021 1525 2047 excessus
1549 2009 1791 2055 defectusque,
1821 2009 1956 2063 'quibus

148 2056 314 2092 omnibus
339 2057 532 2102 dirigimur
556 2059 606 2094 ad
629 2058 916 2094 mediocritatem
941 2069 1082 2094 morum
1107 2062 1141 2094 et
1165 2058 1374 2119 decentiam.
1434 2064 1457 2097 ,“

266 2367 466 2408 Hactenus
505 2372 682 2408 naturam
723 2381 849 2408 rerum
887 2371 1029 2420 secuti,
1083 2371 1250 2422 primum
1287 2368 1335 2408 de
1371 2359 1504 2420 figuris
1543 2367 1701 2420 planis
1702 2367 1955 2420 regularibus

149 2424 329 2489 diximus,
363 2425 502 2466 deinde
533 2426 583 2465 ad
615 2439 748 2467 earum
779 2429 1054 2478 congruentias
1084 2430 1345 2468 transivimus.

265 2483 310 2522 In
341 2485 594 2535 sequentibus
625 2485 890 2540 derogandum
930 2488 1002 2526 erit
1038 2486 1215 2526 nonnihil
1256 2481 1441 2525 methodo
1476 2471 1663 2532 naturali,
1705 2488 1748 2524 ut
1784 2484 1954 2534 cognitio

148 2543 288 2580 mentis
329 2541 540 2592 humanae,
585 2555 685 2593 quae
725 2556 801 2583 non
843 2557 930 2583 raro
962 2546 1027 2583 via
1057 2544 1210 2584 diversa
1247 2546 1386 2593 utitur,
1423 2548 1531 2582 tanto
1571 2543 1696 2594 magis
1734 2541 1953 2592 adjuvetur.

148 2599 236 2639 Hoc
267 2601 370 2639 enim
399 2606 538 2650 natura
567 2603 622 2641 rei
652 2604 894 2652 requirebat,
937 2608 979 2641 ut
1004 2603 1087 2652 jam
1118 2605 1237 2642 tertio
1260 2602 1347 2642 loco
1379 2602 1659 2653 explicaremus
1688 2600 1955 2652 proportiones

148 2660 187 2696 in
218 2659 414 2697 abstracto
443 2647 553 2708 illas,
592 2671 692 2710 quae
731 2662 830 2699 inter
860 2661 1044 2699 circulum
1082 2666 1120 2700 et
1159 2666 1306 2712 partem
1346 2672 1370 2699 a
1399 2659 1519 2699 latere
1550 2658 1724 2710 quolibet
1753 2659 1955 2699 rescissem

151 2718 468 2766 constituuntur,
505 2722 543 2757 et
573 2729 675 2767 quae
715 2717 816 2757 aliae
847 2730 973 2757 rerum
1009 2720 1159 2774 species
1192 2720 1363 2769 oriantur
1394 2715 1443 2758 ex‘
1472 2717 1751 2769 compositione
1782 2721 1822 2756 et
1850 2715 1955 2754 divi-

151 2776 259 2814 sione
290 2775 427 2814 talium
456 2778 770 2832 proportionum,
811 2781 893 2815 tum
934 2782 1071 2826 quarto
1110 2775 1197 2816 loeo
1237 2778 1487 2816 transiremus
1517 2776 1567 2815 ad
1599 2782 1720 2826 opera
1745 2773 1953 2820 mundana,

152 2843 254 2881 quae
284 2833 350 2873 vel
380 2833 489 2872 Deus
520 2835 602 2885 ipse
635 2834 794 2874 Creator
823 2834 871 2873 ad
903 2834 1126 2885 hujusmodi
1155 2837 1423 2886 proportiones
1453 2834 1749 2885 attemperavit,
1788 2831 1850 2871 vel
1881 2843 1955 2870 na·
1986 2860 1988 2863 v

152 2895 241 2927 tura
271 2890 490 2930 sublunaris
512 2893 562 2931 ad
583 2894 861 2944 praescriptum
891 2894 1181 2944 proportionum
1212 2894 1348 2932 talium
1378 2894 1417 2930 in
1439 2891 1593 2942 angulis
1622 2890 1818 2931 radiorum
1847 2888 1955 2934 side-

150 2946 289 2985 talium
321 2949 495 2999 quotidie
527 2955 698 3002 exercet,
730 2950 867 2989 ultimo
899 2961 990 2989 vero
1021 2951 1343 3002 subjungeremus
1363 2951 1550 2990 musicam
1568 2942 1789 2997 humanam,
1817 2951 1954 2988 osten-

157 3003 306 3056 dentes,
337 3007 533 3056 quomodo
563 3021 671 3049 mens
701 3009 888 3057 humana,
916 3007 1106 3058 judicium
1137 3009 1292 3049 auditus
1320 3010 1543 3054 informans,
1575 3009 1759 3046 instinctu
1788 3004 1954 3044 naturali

154 3057 374 3111 Creatorem
404 3066 584 3115 imitetur,
618 3067 768 3107 delectu
790 3071 829 3106 et
849 3066 1128 3119 approbatione
1149 3069 1441 3119 proportionum
1470 3068 1509 3104 in
1539 3066 1707 3105 vocibus
1734 3062 1953 3111 earundem,

153 3130 254 3169 quae
285 3121 371 3161 Deo
402 3123 630 3174 placuerunt
670 3127 708 3164 in
739 3125 1057 3178 attemperatione
1088 3131 1262 3166 motuum
1293 3125 1531 3167 coelestium
1594 3122 1705 3173 Quia
1726 3126 1820 3163 ver'o
1850 3119 1954 3160 dirfi-
1992 3157 1994 3160 Α
