<?xml version="1.0" encoding="UTF-8"?>
<!DOCTYPE html PUBLIC "-//W3C//DTD XHTML 1.0 Transitional//EN"
    "http://www.w3.org/TR/xhtml1/DTD/xhtml1-transitional.dtd">
<html xmlns="http://www.w3.org/1999/xhtml" xml:lang="en" lang="en">
 <head>
  <title>
</title>
<meta http-equiv="Content-Type" content="text/html;charset=utf-8" />
  <meta name='ocr-system' content='tesseract 3.04.00' />
  <meta name='ocr-capabilities' content='ocr_page ocr_carea ocr_par ocr_line ocrx_word'/>
</head>
<body>
  <div class='ocr_page' id='page_1' title='image "./operaomniaedidit05kepluoft_0227.png"; bbox 0 0 1994 3276; ppageno 0'>
   <div class='ocr_carea' id='block_1_1' title="bbox 642 123 1834 188">
    <p class='ocr_par' dir='ltr' id='par_1_1' title="bbox 642 123 1834 188">
     <span class='ocr_line' id='line_1_1' title="bbox 642 123 1834 188; baseline 0.004 -11"><span class='ocrx_word' id='word_1_1' title='bbox 642 129 755 178; x_wconf 72' lang='lat' dir='ltr'><strong>Libei-</strong></span> <span class='ocrx_word' id='word_1_2' title='bbox 774 141 839 178; x_wconf 89' lang='grc' dir='ltr'><strong>ΠΙ.</strong></span> <span class='ocrx_word' id='word_1_3' title='bbox 863 140 1050 188; x_wconf 76' lang='lat' dir='ltr'><strong>Digressio</strong></span> <span class='ocrx_word' id='word_1_4' title='bbox 1073 136 1231 187; x_wconf 83' lang='lat' dir='ltr'><strong>politica.</strong></span> <span class='ocrx_word' id='word_1_5' title='bbox 1362 139 1371 141; x_wconf 46' lang='lat'><strong>⁷⁷</strong></span> <span class='ocrx_word' id='word_1_6' title='bbox 1654 123 1658 126; x_wconf 16' lang='grc' dir='ltr'><strong><em>Δ</em></strong></span> <span class='ocrx_word' id='word_1_7' title='bbox 1750 140 1834 182; x_wconf 77' lang='lat'><strong>209</strong></span> 
     </span>
    </p>
   </div>
   <div class='ocr_carea' id='block_1_2' title="bbox 0 257 1907 3205">
    <p class='ocr_par' dir='ltr' id='par_1_2' title="bbox 39 257 1837 1010">
     <span class='ocr_line' id='line_1_2' title="bbox 40 257 1836 313; baseline -0.001 -13"><span class='ocrx_word' id='word_1_8' title='bbox 40 259 294 313; x_wconf 63' lang='lat' dir='ltr'><strong>syllogim</strong></span> <span class='ocrx_word' id='word_1_9' title='bbox 320 268 408 301; x_wconf 78' lang='lat' dir='ltr'><strong>sese</strong></span> <span class='ocrx_word' id='word_1_10' title='bbox 438 260 666 310; x_wconf 79' lang='lat' dir='ltr'><strong>diffundens,</strong></span> <span class='ocrx_word' id='word_1_11' title='bbox 698 261 723 299; x_wconf 81' lang='lat'><strong>3</strong></span> <span class='ocrx_word' id='word_1_12' title='bbox 754 259 978 309; x_wconf 70' lang='lat' dir='ltr'><strong>irascibilis,</strong></span> <span class='ocrx_word' id='word_1_13' title='bbox 1010 261 1037 298; x_wconf 79' lang='lat'>4</span> <span class='ocrx_word' id='word_1_14' title='bbox 1068 258 1384 311; x_wconf 86' lang='lat' dir='ltr'><strong>concupiscibilis</strong></span> <span class='ocrx_word' id='word_1_15' title='bbox 1412 257 1641 307; x_wconf 69' lang='lat' dir='ltr'><strong>facultates,</strong></span> <span class='ocrx_word' id='word_1_16' title='bbox 1671 269 1836 309; x_wconf 86' lang='lat' dir='ltr'><strong>quarum</strong></span> 
     </span>
     <span class='ocr_line' id='line_1_3' title="bbox 46 315 1836 370; baseline -0.001 -12"><span class='ocrx_word' id='word_1_17' title='bbox 46 320 163 360; x_wconf 78' lang='lat' dir='ltr'><strong>etiam</strong></span> <span class='ocrx_word' id='word_1_18' title='bbox 192 317 305 358; x_wconf 87' lang='lat' dir='ltr'><strong>sedes</strong></span> <span class='ocrx_word' id='word_1_19' title='bbox 333 320 372 357; x_wconf 92' lang='lat' dir='ltr'><strong>in</strong></span> <span class='ocrx_word' id='word_1_20' title='bbox 404 320 582 367; x_wconf 85' lang='lat' dir='ltr'><strong>cerebro,</strong></span> <span class='ocrx_word' id='word_1_21' title='bbox 626 320 665 356; x_wconf 92' lang='lat' dir='ltr'><strong>in</strong></span> <span class='ocrx_word' id='word_1_22' title='bbox 695 324 869 370; x_wconf 79' lang='lat' dir='ltr'><strong>pectore,</strong></span> <span class='ocrx_word' id='word_1_23' title='bbox 914 319 951 356; x_wconf 92' lang='lat' dir='ltr'><strong>in</strong></span> <span class='ocrx_word' id='word_1_24' title='bbox 982 323 1115 357; x_wconf 88' lang='lat' dir='ltr'><strong>ventre</strong></span> <span class='ocrx_word' id='word_1_25' title='bbox 1154 318 1270 356; x_wconf 88' lang='lat' dir='ltr'><strong>Plato</strong></span> <span class='ocrx_word' id='word_1_26' title='bbox 1302 317 1535 356; x_wconf 79' lang='lat' dir='ltr'><strong>harmonicis</strong></span> <span class='ocrx_word' id='word_1_27' title='bbox 1565 318 1685 356; x_wconf 82' lang='lat' dir='ltr'><strong>etiam</strong></span> <span class='ocrx_word' id='word_1_28' title='bbox 1708 315 1836 356; x_wconf 40' lang='lat' dir='ltr'><strong>*inter-</strong></span> 
     </span>
     <span class='ocr_line' id='line_1_4' title="bbox 46 372 1835 426; baseline -0.001 -10"><span class='ocrx_word' id='word_1_29' title='bbox 46 376 161 416; x_wconf 79' lang='lat' dir='ltr'><strong>vallis</strong></span> <span class='ocrx_word' id='word_1_30' title='bbox 189 375 398 416; x_wconf 77' lang='lat' dir='ltr'><strong>dislocatas</strong></span> <span class='ocrx_word' id='word_1_31' title='bbox 429 372 664 416; x_wconf 83' lang='lat' dir='ltr'><strong>demonstrat</strong></span> <span class='ocrx_word' id='word_1_32' title='bbox 701 387 911 426; x_wconf 84' lang='lat' dir='ltr'><strong>earumque</strong></span> <span class='ocrx_word' id='word_1_33' title='bbox 939 377 1088 426; x_wconf 90' lang='lat' dir='ltr'><strong>primae</strong></span> <span class='ocrx_word' id='word_1_34' title='bbox 1126 377 1349 426; x_wconf 87' lang='lat' dir='ltr'><strong>imperium,</strong></span> <span class='ocrx_word' id='word_1_35' title='bbox 1394 375 1588 414; x_wconf 82' lang='lat' dir='ltr'><strong>secundae</strong></span> <span class='ocrx_word' id='word_1_36' title='bbox 1617 374 1835 424; x_wconf 88' lang='lat' dir='ltr'><strong>consilium,</strong></span> 
     </span>
     <span class='ocr_line' id='line_1_5' title="bbox 45 432 1835 485; baseline -0.001 -11"><span class='ocrx_word' id='word_1_37' title='bbox 45 435 185 474; x_wconf 78' lang='lat' dir='ltr'><strong>tertias</strong></span> <span class='ocrx_word' id='word_1_38' title='bbox 210 434 388 474; x_wconf 80' lang='lat' dir='ltr'><strong>militaris</strong></span> <span class='ocrx_word' id='word_1_39' title='bbox 419 435 535 480; x_wconf 90' lang='lat' dir='ltr'><strong>ordo,</strong></span> <span class='ocrx_word' id='word_1_40' title='bbox 566 440 726 485; x_wconf 75' lang='lat' dir='ltr'><strong>quartae</strong></span> <span class='ocrx_word' id='word_1_41' title='bbox 756 434 867 484; x_wconf 86' lang='lat' dir='ltr'><strong>plebs</strong></span> <span class='ocrx_word' id='word_1_42' title='bbox 897 434 1160 473; x_wconf 81' lang='lat' dir='ltr'><strong>assimilantur</strong></span> <span class='ocrx_word' id='word_1_43' title='bbox 1192 434 1355 484; x_wconf 87' lang='lat' dir='ltr'><strong>ejusque</strong></span> <span class='ocrx_word' id='word_1_44' title='bbox 1383 432 1594 483; x_wconf 86' lang='lat' dir='ltr'><strong>plurimum</strong></span> <span class='ocrx_word' id='word_1_45' title='bbox 1622 432 1835 484; x_wconf 84' lang='lat' dir='ltr'><strong>possident.</strong></span> 
     </span>
     <span class='ocr_line' id='line_1_6' title="bbox 45 490 1835 544; baseline -0.001 -12"><span class='ocrx_word' id='word_1_46' title='bbox 45 491 344 544; x_wconf 72' lang='lat' dir='ltr'><strong>Hinequatuor</strong></span> <span class='ocrx_word' id='word_1_47' title='bbox 372 504 539 543; x_wconf 87' lang='lat' dir='ltr'><strong>rerump.</strong></span> <span class='ocrx_word' id='word_1_48' title='bbox 571 492 793 540; x_wconf 85' lang='lat' dir='ltr'>columnae,</span> <span class='ocrx_word' id='word_1_49' title='bbox 831 492 1005 542; x_wconf 76' lang='lat' dir='ltr'><strong>Justitia,</strong></span> <span class='ocrx_word' id='word_1_50' title='bbox 1045 491 1271 543; x_wconf 86' lang='lat' dir='ltr'><strong>prudentia,</strong></span> <span class='ocrx_word' id='word_1_51' title='bbox 1314 490 1523 540; x_wconf 75' lang='lat' dir='ltr'><strong>fortitudo,</strong></span> <span class='ocrx_word' id='word_1_52' title='bbox 1564 493 1835 542; x_wconf 69' lang='lat' dir='ltr'><strong>temperantia,</strong></span> 
     </span>
     <span class='ocr_line' id='line_1_7' title="bbox 45 549 1837 601; baseline 0 -11"><span class='ocrx_word' id='word_1_53' title='bbox 45 561 137 590; x_wconf 83' lang='lat' dir='ltr'><strong>vere</strong></span> <span class='ocrx_word' id='word_1_54' title='bbox 166 549 341 601; x_wconf 78' lang='lat' dir='ltr'><strong>cardines</strong></span> <span class='ocrx_word' id='word_1_55' title='bbox 367 551 475 599; x_wconf 87' lang='lat' dir='ltr'><strong>dicti,</strong></span> <span class='ocrx_word' id='word_1_56' title='bbox 506 552 646 601; x_wconf 89' lang='lat' dir='ltr'><strong>cuique</strong></span> <span class='ocrx_word' id='word_1_57' title='bbox 676 549 799 590; x_wconf 89' lang='lat' dir='ltr'><strong>ordini</strong></span> <span class='ocrx_word' id='word_1_58' title='bbox 830 561 903 589; x_wconf 90' lang='lat' dir='ltr'><strong>sna</strong></span> <span class='ocrx_word' id='word_1_59' title='bbox 931 551 1175 600; x_wconf 84' lang='lat' dir='ltr'><strong>potissimum</strong></span> <span class='ocrx_word' id='word_1_60' title='bbox 1195 549 1477 590; x_wconf 75' lang='lat' dir='ltr'><strong>coniiniendata.</strong></span> <span class='ocrx_word' id='word_1_61' title='bbox 1539 550 1729 600; x_wconf 82' lang='lat' dir='ltr'><strong>Adeoque</strong></span> <span class='ocrx_word' id='word_1_62' title='bbox 1747 560 1837 590; x_wconf 88' lang='lat' dir='ltr'><strong>mu-</strong></span> 
     </span>
     <span class='ocr_line' id='line_1_8' title="bbox 46 600 1837 659; baseline 0 -12"><span class='ocrx_word' id='word_1_63' title='bbox 46 610 152 648; x_wconf 82' lang='lat' dir='ltr'><strong>siens</strong></span> <span class='ocrx_word' id='word_1_64' title='bbox 180 613 240 648; x_wconf 84' lang='lat' dir='ltr'><strong>est</strong></span> <span class='ocrx_word' id='word_1_65' title='bbox 264 608 394 649; x_wconf 75' lang='lat' dir='ltr'><strong>factus</strong></span> <span class='ocrx_word' id='word_1_66' title='bbox 426 609 610 657; x_wconf 88' lang='lat' dir='ltr'><strong>Bodinus,</strong></span> <span class='ocrx_word' id='word_1_67' title='bbox 640 609 802 655; x_wconf 84' lang='lat' dir='ltr'><strong>dimissa</strong></span> <span class='ocrx_word' id='word_1_68' title='bbox 830 610 1045 659; x_wconf 81' lang='lat' dir='ltr'><strong>geometria</strong></span> <span class='ocrx_word' id='word_1_69' title='bbox 1075 613 1115 648; x_wconf 88' lang='lat' dir='ltr'><strong>et</strong></span> <span class='ocrx_word' id='word_1_70' title='bbox 1144 608 1398 657; x_wconf 83' lang='lat' dir='ltr'><strong>arithmetica,</strong></span> <span class='ocrx_word' id='word_1_71' title='bbox 1430 613 1472 646; x_wconf 88' lang='lat' dir='ltr'><strong>nt</strong></span> <span class='ocrx_word' id='word_1_72' title='bbox 1501 600 1552 646; x_wconf 78' lang='lat' dir='ltr'><strong>ne</strong></span> <span class='ocrx_word' id='word_1_73' title='bbox 1573 607 1837 647; x_wconf 80' lang='lat' dir='ltr'><strong>dissonantia-</strong></span> 
     </span>
     <span class='ocr_line' id='line_1_9' title="bbox 43 664 1837 718; baseline 0 -13"><span class='ocrx_word' id='word_1_74' title='bbox 43 677 129 705; x_wconf 88' lang='lat' dir='ltr'><strong>rum</strong></span> <span class='ocrx_word' id='word_1_75' title='bbox 157 666 455 718; x_wconf 79' lang='lat' dir='ltr'><strong>qnidemfnerit</strong></span> <span class='ocrx_word' id='word_1_76' title='bbox 486 667 653 718; x_wconf 81' lang='lat' dir='ltr'><strong>oblitns3</strong></span> <span class='ocrx_word' id='word_1_77' title='bbox 684 667 796 716; x_wconf 86' lang='lat' dir='ltr'><strong>cujus</strong></span> <span class='ocrx_word' id='word_1_78' title='bbox 824 668 880 705; x_wconf 91' lang='lat' dir='ltr'><strong>rei</strong></span> <span class='ocrx_word' id='word_1_79' title='bbox 908 667 984 705; x_wconf 89' lang='lat' dir='ltr'><strong>sub</strong></span> <span class='ocrx_word' id='word_1_80' title='bbox 1013 668 1181 717; x_wconf 85' lang='lat' dir='ltr'><strong>imagine</strong></span> <span class='ocrx_word' id='word_1_81' title='bbox 1210 666 1362 712; x_wconf 82' lang='lat' dir='ltr'><strong>suadet,</strong></span> <span class='ocrx_word' id='word_1_82' title='bbox 1393 665 1583 704; x_wconf 88' lang='lat' dir='ltr'><strong>interdum</strong></span> <span class='ocrx_word' id='word_1_83' title='bbox 1614 664 1732 705; x_wconf 78' lang='lat' dir='ltr'><strong>etiam</strong></span> <span class='ocrx_word' id='word_1_84' title='bbox 1761 667 1837 705; x_wconf 88' lang='lat' dir='ltr'><strong>im-</strong></span> 
     </span>
     <span class='ocr_line' id='line_1_10' title="bbox 39 723 1836 776; baseline 0 -13"><span class='ocrx_word' id='word_1_85' title='bbox 39 723 181 764; x_wconf 66' lang='lat' dir='ltr'><strong>‘merit&#39;o</strong></span> <span class='ocrx_word' id='word_1_86' title='bbox 214 724 338 764; x_wconf 67' lang='lat' dir='ltr'><strong>‘alicui</strong></span> <span class='ocrx_word' id='word_1_87' title='bbox 374 727 641 776; x_wconf 78' lang='lat' dir='ltr'><strong>magistratus,</strong></span> <span class='ocrx_word' id='word_1_88' title='bbox 690 725 857 764; x_wconf 83' lang='lat' dir='ltr'><strong>honores</strong></span> <span class='ocrx_word' id='word_1_89' title='bbox 898 730 1103 775; x_wconf 80' lang='lat' dir='ltr'><strong>ceteraque</strong></span> <span class='ocrx_word' id='word_1_90' title='bbox 1144 726 1330 764; x_wconf 88' lang='lat' dir='ltr'><strong>virtutum</strong></span> <span class='ocrx_word' id='word_1_91' title='bbox 1371 725 1545 774; x_wconf 86' lang='lat' dir='ltr'><strong>praemia</strong></span> <span class='ocrx_word' id='word_1_92' title='bbox 1584 735 1661 762; x_wconf 90' lang='lat' dir='ltr'><strong>non</strong></span> <span class='ocrx_word' id='word_1_93' title='bbox 1704 726 1836 776; x_wconf 88' lang='lat' dir='ltr'><strong>iniquo</strong></span> 
     </span>
     <span class='ocr_line' id='line_1_11' title="bbox 46 782 1837 834; baseline 0 -14"><span class='ocrx_word' id='word_1_94' title='bbox 46 783 175 822; x_wconf 84' lang='lat' dir='ltr'><strong>animo</strong></span> <span class='ocrx_word' id='word_1_95' title='bbox 202 785 446 834; x_wconf 82' lang='lat' dir='ltr'><strong>permittere,</strong></span> <span class='ocrx_word' id='word_1_96' title='bbox 489 784 583 834; x_wconf 88' lang='lat' dir='ltr'><strong>quia</strong></span> <span class='ocrx_word' id='word_1_97' title='bbox 611 789 655 822; x_wconf 91' lang='lat' dir='ltr'><strong>ut</strong></span> <span class='ocrx_word' id='word_1_98' title='bbox 683 794 731 822; x_wconf 84' lang='lat' dir='ltr'><strong>cx</strong></span> <span class='ocrx_word' id='word_1_99' title='bbox 762 784 1008 833; x_wconf 87' lang='lat' dir='ltr'><strong>oppositione</strong></span> <span class='ocrx_word' id='word_1_100' title='bbox 1048 783 1164 822; x_wconf 88' lang='lat' dir='ltr'><strong>unius</strong></span> <span class='ocrx_word' id='word_1_101' title='bbox 1201 782 1465 822; x_wconf 84' lang='lat' dir='ltr'><strong>dissonantiae</strong></span> <span class='ocrx_word' id='word_1_102' title='bbox 1503 787 1713 823; x_wconf 84' lang='lat' dir='ltr'><strong>concentus</strong></span> <span class='ocrx_word' id='word_1_103' title='bbox 1743 782 1837 822; x_wconf 86' lang='lat' dir='ltr'><strong>reli·-</strong></span> 
     </span>
     <span class='ocr_line' id='line_1_12' title="bbox 46 840 1836 892; baseline 0 -13"><span class='ocrx_word' id='word_1_104' title='bbox 46 851 146 890; x_wconf 88' lang='lat' dir='ltr'><strong>qnus</strong></span> <span class='ocrx_word' id='word_1_105' title='bbox 173 845 284 880; x_wconf 72' lang='lat' dir='ltr'><strong>tanto</strong></span> <span class='ocrx_word' id='word_1_106' title='bbox 313 841 452 880; x_wconf 85' lang='lat' dir='ltr'><strong>melius</strong></span> <span class='ocrx_word' id='word_1_107' title='bbox 483 840 721 892; x_wconf 82' lang='lat' dir='ltr'><strong>dignoscitur</strong></span> <span class='ocrx_word' id='word_1_108' title='bbox 751 846 937 890; x_wconf 88' lang='lat' dir='ltr'><strong>tantoque</strong></span> <span class='ocrx_word' id='word_1_109' title='bbox 967 840 1122 880; x_wconf 80' lang='lat' dir='ltr'><strong>avidius</strong></span> <span class='ocrx_word' id='word_1_110' title='bbox 1150 841 1338 888; x_wconf 80' lang='lat' dir='ltr'><strong>hauritur,</strong></span> <span class='ocrx_word' id='word_1_111' title='bbox 1370 841 1427 879; x_wconf 89' lang='lat' dir='ltr'><strong>sic</strong></span> <span class='ocrx_word' id='word_1_112' title='bbox 1456 841 1677 891; x_wconf 87' lang='lat' dir='ltr'><strong>quicunque</strong></span> <span class='ocrx_word' id='word_1_113' title='bbox 1706 841 1836 880; x_wconf 77' lang='lat' dir='ltr'><strong>fucum</strong></span> 
     </span>
     <span class='ocr_line' id='line_1_13' title="bbox 47 898 1837 950; baseline 0.001 -14"><span class='ocrx_word' id='word_1_114' title='bbox 47 898 264 944; x_wconf 76' lang='lat' dir='ltr'><strong>hujumodi</strong></span> <span class='ocrx_word' id='word_1_115' title='bbox 296 899 585 938; x_wconf 86' lang='lat' dir='ltr'><strong>commodorum</strong></span> <span class='ocrx_word' id='word_1_116' title='bbox 614 901 708 949; x_wconf 88' lang='lat' dir='ltr'><strong>reip.</strong></span> <span class='ocrx_word' id='word_1_117' title='bbox 751 901 947 937; x_wconf 87' lang='lat' dir='ltr'><strong>intuentur</strong></span> <span class='ocrx_word' id='word_1_118' title='bbox 977 904 1316 950; x_wconf 82' lang='lat' dir='ltr'><strong>exsecranturque,</strong></span> <span class='ocrx_word' id='word_1_119' title='bbox 1353 899 1524 937; x_wconf 86' lang='lat' dir='ltr'><strong>universi</strong></span> <span class='ocrx_word' id='word_1_120' title='bbox 1555 900 1582 936; x_wconf 89' lang='lat' dir='ltr'><strong>ii</strong></span> <span class='ocrx_word' id='word_1_121' title='bbox 1614 899 1711 937; x_wconf 85' lang='lat' dir='ltr'><strong>vitia</strong></span> <span class='ocrx_word' id='word_1_122' title='bbox 1740 910 1837 938; x_wconf 89' lang='lat' dir='ltr'><strong>con-</strong></span> 
     </span>
     <span class='ocr_line' id='line_1_14' title="bbox 46 955 1475 1010; baseline 0.001 -16"><span class='ocrx_word' id='word_1_123' title='bbox 46 955 188 996; x_wconf 78' lang='lat' dir='ltr'><strong>similia</strong></span> <span class='ocrx_word' id='word_1_124' title='bbox 215 957 362 1010; x_wconf 75' lang='lat' dir='ltr'><strong>fugere,</strong></span> <span class='ocrx_word' id='word_1_125' title='bbox 393 959 552 997; x_wconf 81' lang='lat' dir='ltr'><strong>virtutes</strong></span> <span class='ocrx_word' id='word_1_126' title='bbox 583 958 721 996; x_wconf 86' lang='lat' dir='ltr'><strong>sectari</strong></span> <span class='ocrx_word' id='word_1_127' title='bbox 751 959 874 1007; x_wconf 85' lang='lat' dir='ltr'><strong>magis</strong></span> <span class='ocrx_word' id='word_1_128' title='bbox 906 963 1022 1007; x_wconf 82' lang='lat' dir='ltr'><strong>atque</strong></span> <span class='ocrx_word' id='word_1_129' title='bbox 1050 959 1177 1008; x_wconf 87' lang='lat' dir='ltr'><strong>magis</strong></span> <span class='ocrx_word' id='word_1_130' title='bbox 1207 961 1475 996; x_wconf 79' lang='lat' dir='ltr'><strong>consuescant.</strong></span> 
     </span>
    </p>

    <p class='ocr_par' dir='ltr' id='par_1_3' title="bbox 48 1013 1842 1414">
     <span class='ocr_line' id='line_1_15' title="bbox 160 1013 1837 1066; baseline -0.001 -12"><span class='ocrx_word' id='word_1_131' title='bbox 160 1013 321 1054; x_wconf 86' lang='lat' dir='ltr'>XXIV.</span> <span class='ocrx_word' id='word_1_132' title='bbox 351 1015 527 1055; x_wconf 80' lang='lat' dir='ltr'><strong>Tandem</strong></span> <span class='ocrx_word' id='word_1_133' title='bbox 548 1014 723 1054; x_wconf 91' lang='lat' dir='ltr'><strong>Bodinus</strong></span> <span class='ocrx_word' id='word_1_134' title='bbox 751 1027 912 1066; x_wconf 86' lang='lat' dir='ltr'><strong>regnum</strong></span> <span class='ocrx_word' id='word_1_135' title='bbox 943 1029 967 1053; x_wconf 84' lang='lat' dir='ltr'><strong>a</strong></span> <span class='ocrx_word' id='word_1_136' title='bbox 997 1028 1037 1054; x_wconf 89' lang='lat' dir='ltr'><strong>se</strong></span> <span class='ocrx_word' id='word_1_137' title='bbox 1070 1017 1328 1066; x_wconf 88' lang='lat' dir='ltr'><strong>conscriptum</strong></span> <span class='ocrx_word' id='word_1_138' title='bbox 1358 1014 1502 1053; x_wconf 91' lang='lat' dir='ltr'><strong>mundo</strong></span> <span class='ocrx_word' id='word_1_139' title='bbox 1523 1016 1597 1065; x_wconf 91' lang='lat' dir='ltr'><strong>ipsi</strong></span> <span class='ocrx_word' id='word_1_140' title='bbox 1627 1021 1837 1065; x_wconf 87' lang='lat' dir='ltr'><strong>comparat,</strong></span> 
     </span>
     <span class='ocr_line' id='line_1_16' title="bbox 49 1072 1841 1124; baseline 0.001 -13"><span class='ocrx_word' id='word_1_141' title='bbox 49 1072 277 1122; x_wconf 87' lang='lat' dir='ltr'><strong>ostendens,</strong></span> <span class='ocrx_word' id='word_1_142' title='bbox 318 1074 514 1123; x_wconf 90' lang='lat' dir='ltr'><strong>quomodo</strong></span> <span class='ocrx_word' id='word_1_143' title='bbox 546 1074 653 1112; x_wconf 84' lang='lat' dir='ltr'><strong>Deus</strong></span> <span class='ocrx_word' id='word_1_144' title='bbox 683 1078 853 1121; x_wconf 87' lang='lat' dir='ltr'><strong>creator,</strong></span> <span class='ocrx_word' id='word_1_145' title='bbox 886 1073 1033 1123; x_wconf 77' lang='lat' dir='ltr'><strong>junctis</strong></span> <span class='ocrx_word' id='word_1_146' title='bbox 1070 1074 1293 1124; x_wconf 78' lang='lat' dir='ltr'><strong>aequalium</strong></span> <span class='ocrx_word' id='word_1_147' title='bbox 1336 1079 1374 1111; x_wconf 87' lang='lat' dir='ltr'><strong>et</strong></span> <span class='ocrx_word' id='word_1_148' title='bbox 1403 1072 1587 1111; x_wconf 83' lang='lat' dir='ltr'><strong>similium</strong></span> <span class='ocrx_word' id='word_1_149' title='bbox 1625 1074 1841 1112; x_wconf 86' lang='lat' dir='ltr'><strong>rationibus</strong></span> 
     </span>
     <span class='ocr_line' id='line_1_17' title="bbox 49 1131 1840 1182; baseline 0.001 -14"><span class='ocrx_word' id='word_1_150' title='bbox 49 1133 88 1168; x_wconf 91' lang='lat' dir='ltr'><strong>in</strong></span> <span class='ocrx_word' id='word_1_151' title='bbox 121 1143 240 1169; x_wconf 89' lang='lat' dir='ltr'><strong>unum</strong></span> <span class='ocrx_word' id='word_1_152' title='bbox 270 1139 497 1171; x_wconf 85' lang='lat' dir='ltr'><strong>concentum</strong></span> <span class='ocrx_word' id='word_1_153' title='bbox 528 1132 812 1177; x_wconf 90' lang='lat' dir='ltr'><strong>harmonicum,</strong></span> <span class='ocrx_word' id='word_1_154' title='bbox 850 1143 948 1181; x_wconf 89' lang='lat' dir='ltr'><strong>opus</strong></span> <span class='ocrx_word' id='word_1_155' title='bbox 978 1131 1074 1170; x_wconf 87' lang='lat' dir='ltr'><strong>illud</strong></span> <span class='ocrx_word' id='word_1_156' title='bbox 1104 1144 1218 1171; x_wconf 91' lang='lat' dir='ltr'><strong>suum</strong></span> <span class='ocrx_word' id='word_1_157' title='bbox 1249 1132 1505 1170; x_wconf 82' lang='lat' dir='ltr'><strong>exornaverit.</strong></span> <span class='ocrx_word' id='word_1_158' title='bbox 1564 1131 1611 1169; x_wconf 91' lang='lat' dir='ltr'><strong>In</strong></span> <span class='ocrx_word' id='word_1_159' title='bbox 1641 1132 1840 1182; x_wconf 85' lang='lat' dir='ltr'><strong>proposito</strong></span> 
     </span>
     <span class='ocr_line' id='line_1_18' title="bbox 49 1188 1841 1240; baseline 0.001 -13"><span class='ocrx_word' id='word_1_160' title='bbox 49 1188 105 1227; x_wconf 91' lang='lat' dir='ltr'><strong>illi</strong></span> <span class='ocrx_word' id='word_1_161' title='bbox 141 1191 330 1228; x_wconf 86' lang='lat' dir='ltr'><strong>assentior</strong></span> <span class='ocrx_word' id='word_1_162' title='bbox 366 1196 410 1228; x_wconf 91' lang='grc' dir='ltr'><strong>ιιι</strong></span> <span class='ocrx_word' id='word_1_163' title='bbox 448 1190 514 1240; x_wconf 87' lang='lat' dir='ltr'><strong>qui</strong></span> <span class='ocrx_word' id='word_1_164' title='bbox 553 1191 740 1238; x_wconf 86' lang='lat' dir='ltr'><strong>maxime;</strong></span> <span class='ocrx_word' id='word_1_165' title='bbox 777 1201 956 1240; x_wconf 88' lang='lat' dir='ltr'><strong>quaeque</strong></span> <span class='ocrx_word' id='word_1_166' title='bbox 995 1191 1078 1240; x_wconf 88' lang='lat' dir='ltr'><strong>ipse</strong></span> <span class='ocrx_word' id='word_1_167' title='bbox 1119 1196 1189 1229; x_wconf 89' lang='lat' dir='ltr'><strong>aut</strong></span> <span class='ocrx_word' id='word_1_168' title='bbox 1224 1189 1500 1240; x_wconf 79' lang='lat' dir='ltr'><strong>praecedentes</strong></span> <span class='ocrx_word' id='word_1_169' title='bbox 1529 1189 1753 1240; x_wconf 81' lang='lat' dir='ltr'><strong>philosophi</strong></span> <span class='ocrx_word' id='word_1_170' title='bbox 1793 1201 1841 1229; x_wconf 91' lang='lat' dir='ltr'><strong>ne</strong></span> 
     </span>
     <span class='ocr_line' id='line_1_19' title="bbox 48 1243 1842 1298; baseline 0.001 -12"><span class='ocrx_word' id='word_1_171' title='bbox 48 1246 259 1297; x_wconf 78' lang='lat' dir='ltr'><strong>attigerunt</strong></span> <span class='ocrx_word' id='word_1_172' title='bbox 288 1247 466 1298; x_wconf 88' lang='lat' dir='ltr'><strong>quidem,</strong></span> <span class='ocrx_word' id='word_1_173' title='bbox 507 1247 554 1287; x_wconf 90' lang='lat' dir='ltr'><strong>de</strong></span> <span class='ocrx_word' id='word_1_174' title='bbox 585 1248 808 1287; x_wconf 85' lang='lat' dir='ltr'><strong>harmonica</strong></span> <span class='ocrx_word' id='word_1_175' title='bbox 838 1250 1191 1298; x_wconf 79' lang='lat' dir='ltr'><strong>contemperatione</strong></span> <span class='ocrx_word' id='word_1_176' title='bbox 1222 1243 1513 1287; x_wconf 80' lang='lat' dir='ltr'><strong>accuratissima</strong></span> <span class='ocrx_word' id='word_1_177' title='bbox 1551 1252 1726 1286; x_wconf 88' lang='lat' dir='ltr'><strong>motuum</strong></span> <span class='ocrx_word' id='word_1_178' title='bbox 1757 1259 1842 1287; x_wconf 87' lang='lat' dir='ltr'><strong>eer-</strong></span> 
     </span>
     <span class='ocr_line' id='line_1_20' title="bbox 52 1305 1841 1356; baseline 0 -13"><span class='ocrx_word' id='word_1_179' title='bbox 52 1310 198 1353; x_wconf 82' lang='lat' dir='ltr'><strong>torum,</strong></span> <span class='ocrx_word' id='word_1_180' title='bbox 242 1317 289 1344; x_wconf 83' lang='lat' dir='ltr'><strong>ea</strong></span> <span class='ocrx_word' id='word_1_181' title='bbox 318 1305 428 1344; x_wconf 89' lang='lat' dir='ltr'><strong>libris</strong></span> <span class='ocrx_word' id='word_1_182' title='bbox 458 1306 710 1356; x_wconf 87' lang='lat' dir='ltr'><strong>sequentibus</strong></span> <span class='ocrx_word' id='word_1_183' title='bbox 745 1317 817 1356; x_wconf 87' lang='lat' dir='ltr'><strong>ego</strong></span> <span class='ocrx_word' id='word_1_184' title='bbox 847 1306 1011 1356; x_wconf 87' lang='lat' dir='ltr'><strong>suppleo</strong></span> <span class='ocrx_word' id='word_1_185' title='bbox 1043 1306 1514 1356; x_wconf 86' lang='lat' dir='ltr'><strong>demonstrationibusque</strong></span> <span class='ocrx_word' id='word_1_186' title='bbox 1550 1305 1772 1346; x_wconf 81' lang='lat' dir='ltr'><strong>clarissimis</strong></span> <span class='ocrx_word' id='word_1_187' title='bbox 1802 1307 1841 1343; x_wconf 90' lang='lat' dir='ltr'><strong>in</strong></span> 
     </span>
     <span class='ocr_line' id='line_1_21' title="bbox 52 1363 1842 1414; baseline 0.002 -14"><span class='ocrx_word' id='word_1_188' title='bbox 52 1363 178 1402; x_wconf 88' lang='lat' dir='ltr'><strong>lucem</strong></span> <span class='ocrx_word' id='word_1_189' title='bbox 205 1364 371 1413; x_wconf 75' lang='lat' dir='ltr'><strong>profero.</strong></span> <span class='ocrx_word' id='word_1_190' title='bbox 431 1364 516 1402; x_wconf 86' lang='lat' dir='ltr'><strong>Non</strong></span> <span class='ocrx_word' id='word_1_191' title='bbox 549 1364 683 1403; x_wconf 89' lang='lat' dir='ltr'><strong>desino</strong></span> <span class='ocrx_word' id='word_1_192' title='bbox 714 1369 855 1412; x_wconf 87' lang='lat' dir='ltr'><strong>tamen,</strong></span> <span class='ocrx_word' id='word_1_193' title='bbox 888 1376 935 1403; x_wconf 89' lang='lat' dir='ltr'><strong>ne</strong></span> <span class='ocrx_word' id='word_1_194' title='bbox 968 1366 1003 1402; x_wconf 91' lang='lat' dir='ltr'><strong>in</strong></span> <span class='ocrx_word' id='word_1_195' title='bbox 1036 1365 1141 1404; x_wconf 87' lang='lat' dir='ltr'><strong>calce</strong></span> <span class='ocrx_word' id='word_1_196' title='bbox 1172 1364 1341 1414; x_wconf 89' lang='lat' dir='ltr'><strong>quidem,</strong></span> <span class='ocrx_word' id='word_1_197' title='bbox 1378 1364 1536 1414; x_wconf 88' lang='lat' dir='ltr'><strong>obloqui</strong></span> <span class='ocrx_word' id='word_1_198' title='bbox 1569 1364 1723 1403; x_wconf 91' lang='lat' dir='ltr'><strong>Bodino</strong></span> <span class='ocrx_word' id='word_1_199' title='bbox 1753 1364 1842 1403; x_wconf 87' lang='lat' dir='ltr'><strong>hal-</strong></span> 
     </span>
    </p>

    <p class='ocr_par' dir='ltr' id='par_1_4' title="bbox 0 1419 1907 2111">
     <span class='ocr_line' id='line_1_22' title="bbox 51 1419 1843 1472; baseline 0.001 -14"><span class='ocrx_word' id='word_1_200' title='bbox 51 1419 259 1470; x_wconf 78' lang='lat' dir='ltr'><strong>lucinanti3</strong></span> <span class='ocrx_word' id='word_1_201' title='bbox 295 1433 372 1460; x_wconf 88' lang='lat' dir='ltr'><strong>non</strong></span> <span class='ocrx_word' id='word_1_202' title='bbox 404 1423 573 1461; x_wconf 86' lang='lat' dir='ltr'><strong>existunt</strong></span> <span class='ocrx_word' id='word_1_203' title='bbox 610 1423 712 1461; x_wconf 92' lang='lat' dir='ltr'><strong>enim</strong></span> <span class='ocrx_word' id='word_1_204' title='bbox 743 1434 857 1461; x_wconf 88' lang='lat' dir='ltr'><strong>verae</strong></span> <span class='ocrx_word' id='word_1_205' title='bbox 887 1422 1114 1461; x_wconf 83' lang='lat' dir='ltr'><strong>harmoniae</strong></span> <span class='ocrx_word' id='word_1_206' title='bbox 1156 1435 1203 1462; x_wconf 84' lang='lat' dir='ltr'><strong>ex</strong></span> <span class='ocrx_word' id='word_1_207' title='bbox 1234 1424 1365 1461; x_wconf 83' lang='lat' dir='ltr'><strong>mixtis</strong></span> <span class='ocrx_word' id='word_1_208' title='bbox 1401 1421 1625 1472; x_wconf 81' lang='lat' dir='ltr'><strong>aequalium</strong></span> <span class='ocrx_word' id='word_1_209' title='bbox 1664 1429 1703 1461; x_wconf 88' lang='lat' dir='ltr'><strong>et</strong></span> <span class='ocrx_word' id='word_1_210' title='bbox 1731 1423 1843 1472; x_wconf 81' lang='lat' dir='ltr'><strong>simi·</strong></span> 
     </span>
     <span class='ocr_line' id='line_1_23' title="bbox 0 1470 1907 1531; baseline 0.002 -15"><span class='ocrx_word' id='word_1_211' title='bbox 0 1470 1 1484; x_wconf 60' lang='lat'>¹</span> <span class='ocrx_word' id='word_1_212' title='bbox 53 1478 148 1517; x_wconf 88' lang='lat' dir='ltr'><strong>lium</strong></span> <span class='ocrx_word' id='word_1_213' title='bbox 176 1479 412 1528; x_wconf 83' lang='lat' dir='ltr'><strong>rationibus,</strong></span> <span class='ocrx_word' id='word_1_214' title='bbox 454 1487 496 1518; x_wconf 92' lang='lat' dir='ltr'><strong>ut</strong></span> <span class='ocrx_word' id='word_1_215' title='bbox 524 1482 682 1530; x_wconf 83' lang='lat' dir='ltr'><strong>saepius</strong></span> <span class='ocrx_word' id='word_1_216' title='bbox 712 1481 868 1518; x_wconf 89' lang='lat' dir='ltr'><strong>dictum.</strong></span> <span class='ocrx_word' id='word_1_217' title='bbox 931 1481 1033 1531; x_wconf 80' lang='lat' dir='ltr'><strong>Ergo</strong></span> <span class='ocrx_word' id='word_1_218' title='bbox 1064 1481 1260 1528; x_wconf 88' lang='lat' dir='ltr'><strong>Bodinus,</strong></span> <span class='ocrx_word' id='word_1_219' title='bbox 1305 1481 1527 1519; x_wconf 83' lang='lat' dir='ltr'><strong>harmonias</strong></span> <span class='ocrx_word' id='word_1_220' title='bbox 1557 1482 1595 1518; x_wconf 93' lang='lat' dir='ltr'><strong>in</strong></span> <span class='ocrx_word' id='word_1_221' title='bbox 1626 1480 1771 1520; x_wconf 92' lang='lat' dir='ltr'><strong>mundo</strong></span> <span class='ocrx_word' id='word_1_222' title='bbox 1799 1492 1843 1519; x_wconf 92' lang='lat' dir='ltr'><strong>se</strong></span> <span class='ocrx_word' id='word_1_223' title='bbox 1902 1521 1907 1526; x_wconf 62' lang='grc'><strong>,</strong></span> 
     </span>
     <span class='ocr_line' id='line_1_24' title="bbox 53 1535 1843 1588; baseline 0.001 -13"><span class='ocrx_word' id='word_1_224' title='bbox 53 1535 313 1576; x_wconf 79' lang='lat' dir='ltr'><strong>deumnstrare</strong></span> <span class='ocrx_word' id='word_1_225' title='bbox 341 1543 504 1588; x_wconf 87' lang='lat' dir='ltr'><strong>putans,</strong></span> <span class='ocrx_word' id='word_1_226' title='bbox 535 1538 765 1577; x_wconf 83' lang='lat' dir='ltr'><strong>medietates</strong></span> <span class='ocrx_word' id='word_1_227' title='bbox 795 1539 927 1588; x_wconf 86' lang='lat' dir='ltr'><strong>potins</strong></span> <span class='ocrx_word' id='word_1_228' title='bbox 957 1540 1212 1588; x_wconf 83' lang='lat' dir='ltr'><strong>geometricas</strong></span> <span class='ocrx_word' id='word_1_229' title='bbox 1244 1539 1481 1578; x_wconf 86' lang='lat' dir='ltr'><strong>demonstrat</strong></span> <span class='ocrx_word' id='word_1_230' title='bbox 1517 1544 1555 1578; x_wconf 92' lang='lat' dir='ltr'><strong>et</strong></span> <span class='ocrx_word' id='word_1_231' title='bbox 1585 1539 1843 1588; x_wconf 76' lang='lat' dir='ltr'><strong>aequalitates</strong></span> 
     </span>
     <span class='ocr_line' id='line_1_25' title="bbox 54 1593 1900 1650; baseline 0.002 -19"><span class='ocrx_word' id='word_1_232' title='bbox 54 1599 92 1632; x_wconf 89' lang='lat' dir='ltr'><strong>et</strong></span> <span class='ocrx_word' id='word_1_233' title='bbox 120 1594 404 1634; x_wconf 85' lang='lat' dir='ltr'><strong>similitudines.</strong></span> <span class='ocrx_word' id='word_1_234' title='bbox 467 1593 511 1649; x_wconf 86' lang='lat'><strong>1)</strong></span> <span class='ocrx_word' id='word_1_235' title='bbox 543 1595 798 1635; x_wconf 88' lang='lat' dir='ltr'><strong>Harmonicas</strong></span> <span class='ocrx_word' id='word_1_236' title='bbox 830 1596 984 1646; x_wconf 90' lang='lat' dir='ltr'><strong>quidem</strong></span> <span class='ocrx_word' id='word_1_237' title='bbox 1016 1599 1054 1634; x_wconf 93' lang='lat' dir='ltr'><strong>in</strong></span> <span class='ocrx_word' id='word_1_238' title='bbox 1075 1597 1326 1642; x_wconf 78' lang='lat' dir='ltr'><strong>facultatibus</strong></span> <span class='ocrx_word' id='word_1_239' title='bbox 1347 1599 1519 1646; x_wconf 89' lang='lat' dir='ltr'><strong>animae;</strong></span> <span class='ocrx_word' id='word_1_240' title='bbox 1551 1602 1591 1635; x_wconf 89' lang='lat' dir='ltr'><strong>at</strong></span> <span class='ocrx_word' id='word_1_241' title='bbox 1616 1596 1705 1635; x_wconf 85' lang='lat' dir='ltr'><strong>illas</strong></span> <span class='ocrx_word' id='word_1_242' title='bbox 1734 1608 1843 1647; x_wconf 86' lang='lat' dir='ltr'><strong>sym-</strong></span> <span class='ocrx_word' id='word_1_243' title='bbox 1891 1641 1900 1650; x_wconf 80' lang='lat'><strong><em>‚</em></strong></span> 
     </span>
     <span class='ocr_line' id='line_1_26' title="bbox 54 1652 1843 1704; baseline 0.001 -14"><span class='ocrx_word' id='word_1_244' title='bbox 54 1652 203 1691; x_wconf 86' lang='lat' dir='ltr'><strong>bolicas</strong></span> <span class='ocrx_word' id='word_1_245' title='bbox 232 1657 402 1701; x_wconf 90' lang='lat' dir='ltr'><strong>tantum,</strong></span> <span class='ocrx_word' id='word_1_246' title='bbox 431 1653 540 1692; x_wconf 91' lang='lat' dir='ltr'><strong>nulla</strong></span> <span class='ocrx_word' id='word_1_247' title='bbox 571 1653 941 1693; x_wconf 86' lang='lat' dir='ltr'><strong>demonstrationum</strong></span> <span class='ocrx_word' id='word_1_248' title='bbox 972 1654 1167 1694; x_wconf 90' lang='lat' dir='ltr'><strong>evidentia</strong></span> <span class='ocrx_word' id='word_1_249' title='bbox 1199 1657 1237 1693; x_wconf 91' lang='lat' dir='ltr'><strong>in</strong></span> <span class='ocrx_word' id='word_1_250' title='bbox 1266 1655 1431 1694; x_wconf 90' lang='lat' dir='ltr'><strong>solidam</strong></span> <span class='ocrx_word' id='word_1_251' title='bbox 1460 1654 1632 1704; x_wconf 86' lang='lat' dir='ltr'><strong>aliquam</strong></span> <span class='ocrx_word' id='word_1_252' title='bbox 1663 1654 1843 1704; x_wconf 84' lang='lat' dir='ltr'><strong>effigiem,</strong></span> 
     </span>
     <span class='ocr_line' id='line_1_27' title="bbox 54 1706 1843 1763; baseline 0.002 -15"><span class='ocrx_word' id='word_1_253' title='bbox 54 1706 398 1750; x_wconf 68' lang='lat' dir='ltr'><strong>ut‘mathematica</strong></span> <span class='ocrx_word' id='word_1_254' title='bbox 427 1718 577 1759; x_wconf 89' lang='lat' dir='ltr'><strong>amant,</strong></span> <span class='ocrx_word' id='word_1_255' title='bbox 609 1724 829 1762; x_wconf 83' lang='lat' dir='ltr'><strong>expressas,</strong></span> <span class='ocrx_word' id='word_1_256' title='bbox 870 1714 1014 1763; x_wconf 87' lang='lat' dir='ltr'><strong>quippe</strong></span> <span class='ocrx_word' id='word_1_257' title='bbox 1047 1724 1134 1751; x_wconf 89' lang='lat' dir='ltr'><strong>cum</strong></span> <span class='ocrx_word' id='word_1_258' title='bbox 1164 1712 1327 1763; x_wconf 87' lang='lat' dir='ltr'><strong>intelligi</strong></span> <span class='ocrx_word' id='word_1_259' title='bbox 1358 1725 1434 1751; x_wconf 92' lang='lat' dir='ltr'><strong>non</strong></span> <span class='ocrx_word' id='word_1_260' title='bbox 1465 1714 1614 1762; x_wconf 85' lang='lat' dir='ltr'><strong>possit,</strong></span> <span class='ocrx_word' id='word_1_261' title='bbox 1646 1712 1843 1762; x_wconf 88' lang='lat' dir='ltr'><strong>quomodo</strong></span> 
     </span>
     <span class='ocr_line' id='line_1_28' title="bbox 54 1769 1842 1821; baseline 0.003 -16"><span class='ocrx_word' id='word_1_262' title='bbox 54 1769 174 1806; x_wconf 89' lang='lat' dir='ltr'><strong>insint</strong></span> <span class='ocrx_word' id='word_1_263' title='bbox 201 1769 240 1806; x_wconf 88' lang='lat' dir='ltr'><strong>in</strong></span> <span class='ocrx_word' id='word_1_264' title='bbox 269 1771 398 1807; x_wconf 88' lang='lat' dir='ltr'><strong>anima</strong></span> <span class='ocrx_word' id='word_1_265' title='bbox 427 1771 675 1819; x_wconf 82' lang='lat' dir='ltr'><strong>quantitates,</strong></span> <span class='ocrx_word' id='word_1_266' title='bbox 706 1771 921 1821; x_wconf 83' lang='lat' dir='ltr'><strong>proximum</strong></span> <span class='ocrx_word' id='word_1_267' title='bbox 953 1776 991 1809; x_wconf 88' lang='lat' dir='ltr'><strong>et</strong></span> <span class='ocrx_word' id='word_1_268' title='bbox 1022 1770 1285 1810; x_wconf 86' lang='lat' dir='ltr'><strong>immediatum</strong></span> <span class='ocrx_word' id='word_1_269' title='bbox 1306 1772 1591 1809; x_wconf 88' lang='lat' dir='ltr'><strong>harmoniarum</strong></span> <span class='ocrx_word' id='word_1_270' title='bbox 1612 1771 1842 1820; x_wconf 85' lang='lat' dir='ltr'><strong>subjeetum.</strong></span> 
     </span>
     <span class='ocr_line' id='line_1_29' title="bbox 55 1827 1843 1880; baseline 0.003 -17"><span class='ocrx_word' id='word_1_271' title='bbox 55 1827 113 1873; x_wconf 80' lang='lat' dir='ltr'><strong>(In</strong></span> <span class='ocrx_word' id='word_1_272' title='bbox 137 1829 263 1873; x_wconf 84' lang='lat' dir='ltr'><strong>quavis</strong></span> <span class='ocrx_word' id='word_1_273' title='bbox 279 1839 330 1865; x_wconf 88' lang='lat' dir='ltr'><strong>sc.</strong></span> <span class='ocrx_word' id='word_1_274' title='bbox 347 1829 425 1874; x_wconf 83' lang='lat' dir='ltr'><strong>ejus</strong></span> <span class='ocrx_word' id='word_1_275' title='bbox 441 1829 615 1865; x_wconf 85' lang='lat' dir='ltr'><strong>facultate</strong></span> <span class='ocrx_word' id='word_1_276' title='bbox 632 1840 801 1865; x_wconf 84' lang='lat' dir='ltr'><strong>numerus</strong></span> <span class='ocrx_word' id='word_1_277' title='bbox 820 1829 882 1865; x_wconf 88' lang='lat' dir='ltr'><strong>ille</strong></span> <span class='ocrx_word' id='word_1_278' title='bbox 899 1831 988 1876; x_wconf 90' lang='lat' dir='ltr'><strong>ipse,</strong></span> <span class='ocrx_word' id='word_1_279' title='bbox 1015 1841 1120 1876; x_wconf 90' lang='lat' dir='ltr'><strong>quem</strong></span> <span class='ocrx_word' id='word_1_280' title='bbox 1138 1831 1169 1866; x_wconf 91' lang='lat' dir='ltr'><strong>ei</strong></span> <span class='ocrx_word' id='word_1_281' title='bbox 1187 1830 1349 1866; x_wconf 88' lang='lat' dir='ltr'><strong>Bodinus</strong></span> <span class='ocrx_word' id='word_1_282' title='bbox 1365 1831 1557 1876; x_wconf 82' lang='lat' dir='ltr'><strong>assignat.)</strong></span> <span class='ocrx_word' id='word_1_283' title='bbox 1610 1830 1650 1880; x_wconf 82' lang='lat'><strong>2)</strong></span> <span class='ocrx_word' id='word_1_284' title='bbox 1682 1830 1843 1879; x_wconf 83' lang='lat' dir='ltr'><strong>Aequa-</strong></span> 
     </span>
     <span class='ocr_line' id='line_1_30' title="bbox 53 1883 1843 1938; baseline 0.002 -17"><span class='ocrx_word' id='word_1_285' title='bbox 53 1883 202 1924; x_wconf 78' lang='lat' dir='ltr'><strong>litatem</strong></span> <span class='ocrx_word' id='word_1_286' title='bbox 241 1887 340 1924; x_wconf 87' lang='lat' dir='ltr'><strong>inter</strong></span> <span class='ocrx_word' id='word_1_287' title='bbox 377 1885 510 1924; x_wconf 91' lang='lat' dir='ltr'><strong>mundi</strong></span> <span class='ocrx_word' id='word_1_288' title='bbox 552 1897 689 1937; x_wconf 91' lang='lat' dir='ltr'><strong>corpus</strong></span> <span class='ocrx_word' id='word_1_289' title='bbox 734 1891 772 1924; x_wconf 85' lang='lat' dir='ltr'><strong>et</strong></span> <span class='ocrx_word' id='word_1_290' title='bbox 810 1887 1028 1924; x_wconf 87' lang='lat' dir='ltr'><strong>universam</strong></span> <span class='ocrx_word' id='word_1_291' title='bbox 1070 1888 1149 1924; x_wconf 84' lang='lat' dir='ltr'><strong>vim</strong></span> <span class='ocrx_word' id='word_1_292' title='bbox 1189 1888 1384 1925; x_wconf 86' lang='lat' dir='ltr'><strong>materiae.</strong></span> <span class='ocrx_word' id='word_1_293' title='bbox 1454 1887 1501 1938; x_wconf 91' lang='lat'><strong>3)</strong></span> <span class='ocrx_word' id='word_1_294' title='bbox 1542 1885 1843 1926; x_wconf 73' lang='lat' dir='ltr'><strong>similitudinem</strong></span> 
     </span>
     <span class='ocr_line' id='line_1_31' title="bbox 55 1941 1877 1995; baseline 0.001 -14"><span class='ocrx_word' id='word_1_295' title='bbox 55 1941 347 1991; x_wconf 83' lang='lat' dir='ltr'><strong>(qualitativam</strong></span> <span class='ocrx_word' id='word_1_296' title='bbox 378 1946 507 1995; x_wconf 89' lang='lat' dir='ltr'><strong>potius</strong></span> <span class='ocrx_word' id='word_1_297' title='bbox 538 1956 586 1983; x_wconf 82' lang='lat' dir='ltr'><strong>ex</strong></span> <span class='ocrx_word' id='word_1_298' title='bbox 615 1944 761 1993; x_wconf 80' lang='lat' dir='ltr'><strong>figuris,</strong></span> <span class='ocrx_word' id='word_1_299' title='bbox 793 1955 910 1994; x_wconf 89' lang='lat' dir='ltr'><strong>quam</strong></span> <span class='ocrx_word' id='word_1_300' title='bbox 947 1943 1151 1982; x_wconf 86' lang='lat' dir='ltr'><strong>relativam</strong></span> <span class='ocrx_word' id='word_1_301' title='bbox 1185 1951 1416 1994; x_wconf 90' lang='lat' dir='ltr'><strong>quantorum</strong></span> <span class='ocrx_word' id='word_1_302' title='bbox 1447 1946 1715 1994; x_wconf 88' lang='lat' dir='ltr'><strong>terminorum)</strong></span> <span class='ocrx_word' id='word_1_303' title='bbox 1746 1947 1845 1984; x_wconf 88' lang='lat' dir='ltr'><strong>inter</strong></span> <span class='ocrx_word' id='word_1_304' title='bbox 1875 1958 1877 1960; x_wconf 86' lang='lat'>·</span> 
     </span>
     <span class='ocr_line' id='line_1_32' title="bbox 56 2000 1842 2053; baseline 0.001 -15"><span class='ocrx_word' id='word_1_305' title='bbox 56 2000 307 2052; x_wconf 79' lang='lat' dir='ltr'><strong>archetypum</strong></span> <span class='ocrx_word' id='word_1_306' title='bbox 344 2007 544 2040; x_wconf 87' lang='lat' dir='ltr'><strong>aeternum</strong></span> <span class='ocrx_word' id='word_1_307' title='bbox 588 2009 626 2040; x_wconf 86' lang='lat' dir='ltr'><strong>ct</strong></span> <span class='ocrx_word' id='word_1_308' title='bbox 663 2001 794 2040; x_wconf 89' lang='lat' dir='ltr'><strong>mundi</strong></span> <span class='ocrx_word' id='word_1_309' title='bbox 833 2002 1016 2050; x_wconf 79' lang='lat' dir='ltr'><strong>formam,</strong></span> <span class='ocrx_word' id='word_1_310' title='bbox 1055 2013 1133 2052; x_wconf 92' lang='lat' dir='ltr'><strong>quo</strong></span> <span class='ocrx_word' id='word_1_311' title='bbox 1163 2002 1250 2041; x_wconf 90' lang='lat' dir='ltr'><strong>loco</strong></span> <span class='ocrx_word' id='word_1_312' title='bbox 1281 2002 1456 2041; x_wconf 89' lang='lat' dir='ltr'><strong>Bodinus</strong></span> <span class='ocrx_word' id='word_1_313' title='bbox 1494 2003 1720 2053; x_wconf 88' lang='lat' dir='ltr'><strong>praecordia</strong></span> <span class='ocrx_word' id='word_1_314' title='bbox 1748 2002 1842 2042; x_wconf 88' lang='lat' dir='ltr'><strong>mihi</strong></span> 
     </span>
     <span class='ocr_line' id='line_1_33' title="bbox 56 2059 1844 2111; baseline 0.002 -16"><span class='ocrx_word' id='word_1_315' title='bbox 56 2060 194 2108; x_wconf 85' lang='lat' dir='ltr'><strong>tangit,</strong></span> <span class='ocrx_word' id='word_1_316' title='bbox 216 2061 379 2099; x_wconf 87' lang='lat' dir='ltr'><strong>materia</strong></span> <span class='ocrx_word' id='word_1_317' title='bbox 398 2060 574 2110; x_wconf 88' lang='lat' dir='ltr'><strong>Mysterii</strong></span> <span class='ocrx_word' id='word_1_318' title='bbox 595 2061 671 2098; x_wconf 89' lang='lat' dir='ltr'><strong>mei</strong></span> <span class='ocrx_word' id='word_1_319' title='bbox 693 2059 1019 2110; x_wconf 86' lang='lat' dir='ltr'><strong>Cosmographici,</strong></span> <span class='ocrx_word' id='word_1_320' title='bbox 1052 2072 1273 2110; x_wconf 89' lang='lat' dir='ltr'><strong>quanquam</strong></span> <span class='ocrx_word' id='word_1_321' title='bbox 1298 2072 1366 2111; x_wconf 89' lang='lat' dir='ltr'><strong>per</strong></span> <span class='ocrx_word' id='word_1_322' title='bbox 1386 2062 1655 2110; x_wconf 85' lang='lat' dir='ltr'><strong>ignorantiam,</strong></span> <span class='ocrx_word' id='word_1_323' title='bbox 1686 2066 1844 2100; x_wconf 86' lang='lat' dir='ltr'><strong>attacta.</strong></span> 
     </span>
    </p>

    <p class='ocr_par' dir='ltr' id='par_1_5' title="bbox 22 2113 1875 3152">
     <span class='ocr_line' id='line_1_34' title="bbox 175 2113 1875 2170; baseline 0.001 -15"><span class='ocrx_word' id='word_1_324' title='bbox 175 2115 330 2166; x_wconf 81' lang='lat' dir='ltr'><strong>Quanto</strong></span> <span class='ocrx_word' id='word_1_325' title='bbox 361 2130 453 2157; x_wconf 88' lang='lat' dir='ltr'><strong>vero</strong></span> <span class='ocrx_word' id='word_1_326' title='bbox 473 2117 719 2169; x_wconf 86' lang='lat' dir='ltr'><strong>plausibilius</strong></span> <span class='ocrx_word' id='word_1_327' title='bbox 751 2120 788 2156; x_wconf 90' lang='lat' dir='ltr'><strong>in</strong></span> <span class='ocrx_word' id='word_1_328' title='bbox 809 2129 919 2156; x_wconf 89' lang='lat' dir='ltr'><strong>meae</strong></span> <span class='ocrx_word' id='word_1_329' title='bbox 941 2113 1140 2170; x_wconf 77' lang='lat' dir='ltr'><strong>Epitomes</strong></span> <span class='ocrx_word' id='word_1_330' title='bbox 1162 2121 1318 2158; x_wconf 87' lang='lat' dir='ltr'><strong>Astron.</strong></span> <span class='ocrx_word' id='word_1_331' title='bbox 1341 2118 1628 2170; x_wconf 88' lang='lat' dir='ltr'><strong>Copernicanae</strong></span> <span class='ocrx_word' id='word_1_332' title='bbox 1656 2120 1754 2157; x_wconf 87' lang='lat' dir='ltr'><strong>libro</strong></span> <span class='ocrx_word' id='word_1_333' title='bbox 1774 2119 1845 2157; x_wconf 92' lang='lat' dir='ltr'><strong>IV.</strong></span> <span class='ocrx_word' id='word_1_334' title='bbox 1860 2151 1875 2155; x_wconf 81' lang='grc'><strong><em>,</em></strong></span> 
     </span>
     <span class='ocr_line' id='line_1_35' title="bbox 62 2172 1848 2228; baseline 0.002 -17"><span class='ocrx_word' id='word_1_335' title='bbox 62 2172 162 2212; x_wconf 86' lang='lat' dir='ltr'><strong>haec</strong></span> <span class='ocrx_word' id='word_1_336' title='bbox 191 2174 411 2224; x_wconf 89' lang='lat' dir='ltr'><strong>aequalium</strong></span> <span class='ocrx_word' id='word_1_337' title='bbox 443 2182 481 2215; x_wconf 90' lang='lat' dir='ltr'><strong>et</strong></span> <span class='ocrx_word' id='word_1_338' title='bbox 510 2176 692 2214; x_wconf 89' lang='lat' dir='ltr'><strong>similium</strong></span> <span class='ocrx_word' id='word_1_339' title='bbox 722 2178 943 2214; x_wconf 81' lang='lat' dir='ltr'><strong>commixtio</strong></span> <span class='ocrx_word' id='word_1_340' title='bbox 986 2177 1032 2214; x_wconf 87' lang='lat' dir='ltr'><strong>de</strong></span> <span class='ocrx_word' id='word_1_341' title='bbox 1063 2177 1195 2215; x_wconf 88' lang='lat' dir='ltr'><strong>mundi</strong></span> <span class='ocrx_word' id='word_1_342' title='bbox 1225 2177 1399 2228; x_wconf 88' lang='lat' dir='ltr'><strong>partibus</strong></span> <span class='ocrx_word' id='word_1_343' title='bbox 1439 2179 1658 2228; x_wconf 84' lang='lat' dir='ltr'><strong>praecipuis</strong></span> <span class='ocrx_word' id='word_1_344' title='bbox 1689 2183 1748 2215; x_wconf 89' lang='lat' dir='ltr'><strong>est</strong></span> <span class='ocrx_word' id='word_1_345' title='bbox 1777 2177 1848 2215; x_wconf 92' lang='lat' dir='ltr'><strong>de-</strong></span> 
     </span>
     <span class='ocr_line' id='line_1_36' title="bbox 22 2233 1847 2285; baseline 0.002 -16"><span class='ocrx_word' id='word_1_346' title='bbox 22 2278 27 2280; x_wconf 34' lang='lat'><strong>,</strong></span> <span class='ocrx_word' id='word_1_347' title='bbox 61 2238 297 2281; x_wconf 86' lang='lat' dir='ltr'><strong>monstrata,</strong></span> <span class='ocrx_word' id='word_1_348' title='bbox 338 2233 386 2272; x_wconf 90' lang='lat' dir='ltr'><strong>de</strong></span> <span class='ocrx_word' id='word_1_349' title='bbox 423 2239 571 2273; x_wconf 91' lang='lat' dir='ltr'><strong>motore</strong></span> <span class='ocrx_word' id='word_1_350' title='bbox 602 2233 713 2281; x_wconf 88' lang='lat' dir='ltr'><strong>Sole,</strong></span> <span class='ocrx_word' id='word_1_351' title='bbox 753 2234 905 2272; x_wconf 86' lang='lat' dir='ltr'><strong>locante</strong></span> <span class='ocrx_word' id='word_1_352' title='bbox 941 2235 1105 2285; x_wconf 85' lang='lat' dir='ltr'><strong>sphaera</strong></span> <span class='ocrx_word' id='word_1_353' title='bbox 1145 2235 1327 2283; x_wconf 87' lang='lat' dir='ltr'><strong>fixarum,</strong></span> <span class='ocrx_word' id='word_1_354' title='bbox 1371 2242 1408 2273; x_wconf 86' lang='lat' dir='ltr'><strong>et</strong></span> <span class='ocrx_word' id='word_1_355' title='bbox 1450 2235 1701 2282; x_wconf 88' lang='lat' dir='ltr'><strong>intermedio,</strong></span> <span class='ocrx_word' id='word_1_356' title='bbox 1742 2233 1847 2284; x_wconf 91' lang='lat' dir='ltr'><strong>quod</strong></span> 
     </span>
     <span class='ocr_line' id='line_1_37' title="bbox 61 2290 1850 2344; baseline 0.002 -18"><span class='ocrx_word' id='word_1_357' title='bbox 61 2290 269 2329; x_wconf 88' lang='lat' dir='ltr'><strong>mobilibus</strong></span> <span class='ocrx_word' id='word_1_358' title='bbox 310 2301 545 2330; x_wconf 88' lang='lat' dir='ltr'><strong>concessum.</strong></span> <span class='ocrx_word' id='word_1_359' title='bbox 607 2292 835 2341; x_wconf 88' lang='lat' dir='ltr'><strong>Aequalitas</strong></span> <span class='ocrx_word' id='word_1_360' title='bbox 866 2294 967 2330; x_wconf 91' lang='lat' dir='ltr'><strong>enim</strong></span> <span class='ocrx_word' id='word_1_361' title='bbox 1008 2299 1066 2332; x_wconf 87' lang='lat' dir='ltr'><strong>est</strong></span> <span class='ocrx_word' id='word_1_362' title='bbox 1095 2294 1132 2330; x_wconf 91' lang='lat' dir='ltr'><strong>in</strong></span> <span class='ocrx_word' id='word_1_363' title='bbox 1164 2294 1339 2344; x_wconf 86' lang='lat' dir='ltr'><strong>partibus</strong></span> <span class='ocrx_word' id='word_1_364' title='bbox 1377 2294 1563 2332; x_wconf 88' lang='lat' dir='ltr'><strong>materiae</strong></span> <span class='ocrx_word' id='word_1_365' title='bbox 1593 2298 1763 2340; x_wconf 87' lang='lat' dir='ltr'><strong>statuta,</strong></span> <span class='ocrx_word' id='word_1_366' title='bbox 1806 2298 1850 2329; x_wconf 92' lang='grc' dir='ltr'><strong>ιιι</strong></span> 
     </span>
     <span class='ocr_line' id='line_1_38' title="bbox 61 2348 1850 2400; baseline 0.001 -16"><span class='ocrx_word' id='word_1_367' title='bbox 61 2348 288 2387; x_wconf 87' lang='lat' dir='ltr'><strong>tantundem</strong></span> <span class='ocrx_word' id='word_1_368' title='bbox 318 2350 373 2387; x_wconf 85' lang='lat' dir='ltr'><strong>sit</strong></span> <span class='ocrx_word' id='word_1_369' title='bbox 403 2350 486 2399; x_wconf 81' lang='lat' dir='ltr'><strong>ejus</strong></span> <span class='ocrx_word' id='word_1_370' title='bbox 527 2352 564 2387; x_wconf 91' lang='lat' dir='ltr'><strong>in</strong></span> <span class='ocrx_word' id='word_1_371' title='bbox 596 2350 707 2394; x_wconf 83' lang='lat' dir='ltr'><strong>Sole,</strong></span> <span class='ocrx_word' id='word_1_372' title='bbox 748 2355 933 2399; x_wconf 90' lang='lat' dir='ltr'><strong>quantum</strong></span> <span class='ocrx_word' id='word_1_373' title='bbox 979 2350 1040 2388; x_wconf 88' lang='lat' dir='ltr'><strong>vel</strong></span> <span class='ocrx_word' id='word_1_374' title='bbox 1079 2352 1117 2387; x_wconf 91' lang='lat' dir='ltr'><strong>in</strong></span> <span class='ocrx_word' id='word_1_375' title='bbox 1148 2352 1313 2389; x_wconf 83' lang='lat' dir='ltr'><strong>extimae</strong></span> <span class='ocrx_word' id='word_1_376' title='bbox 1351 2351 1540 2400; x_wconf 87' lang='lat' dir='ltr'><strong>sphaerae</strong></span> <span class='ocrx_word' id='word_1_377' title='bbox 1573 2351 1665 2389; x_wconf 88' lang='lat' dir='ltr'><strong>orbe</strong></span> <span class='ocrx_word' id='word_1_378' title='bbox 1706 2350 1767 2388; x_wconf 92' lang='lat' dir='ltr'><strong>vel</strong></span> <span class='ocrx_word' id='word_1_379' title='bbox 1810 2351 1850 2386; x_wconf 93' lang='lat' dir='ltr'><strong>in</strong></span> 
     </span>
     <span class='ocr_line' id='line_1_39' title="bbox 62 2406 1859 2458; baseline 0.001 -15"><span class='ocrx_word' id='word_1_380' title='bbox 62 2406 189 2456; x_wconf 80' lang='lat' dir='ltr'><strong>spatio</strong></span> <span class='ocrx_word' id='word_1_381' title='bbox 218 2406 457 2445; x_wconf 88' lang='lat' dir='ltr'><strong>intermedio.</strong></span> <span class='ocrx_word' id='word_1_382' title='bbox 517 2407 703 2446; x_wconf 85' lang='lat' dir='ltr'><strong>Materiae</strong></span> <span class='ocrx_word' id='word_1_383' title='bbox 735 2420 846 2455; x_wconf 88' lang='lat' dir='ltr'><strong>vero,</strong></span> <span class='ocrx_word' id='word_1_384' title='bbox 878 2414 919 2445; x_wconf 91' lang='lat' dir='ltr'><strong>ut</strong></span> <span class='ocrx_word' id='word_1_385' title='bbox 949 2409 1120 2458; x_wconf 88' lang='lat' dir='ltr'><strong>populo,</strong></span> <span class='ocrx_word' id='word_1_386' title='bbox 1154 2408 1315 2447; x_wconf 91' lang='lat' dir='ltr'><strong>debetur</strong></span> <span class='ocrx_word' id='word_1_387' title='bbox 1344 2408 1587 2448; x_wconf 87' lang='lat' dir='ltr'><strong>arithmetica</strong></span> <span class='ocrx_word' id='word_1_388' title='bbox 1616 2407 1859 2457; x_wconf 74' lang='lat' dir='ltr'><strong>aequalitas,v</strong></span> 
     </span>
     <span class='ocr_line' id='line_1_40' title="bbox 64 2464 1849 2515; baseline 0.001 -15"><span class='ocrx_word' id='word_1_389' title='bbox 64 2464 234 2502; x_wconf 84' lang='lat' dir='ltr'><strong>vicissim</strong></span> <span class='ocrx_word' id='word_1_390' title='bbox 273 2467 509 2514; x_wconf 86' lang='lat' dir='ltr'><strong>geometrica</strong></span> <span class='ocrx_word' id='word_1_391' title='bbox 544 2467 801 2515; x_wconf 90' lang='lat' dir='ltr'><strong>proportionis</strong></span> <span class='ocrx_word' id='word_1_392' title='bbox 843 2465 1055 2503; x_wconf 88' lang='lat' dir='ltr'><strong>similitudo</strong></span> <span class='ocrx_word' id='word_1_393' title='bbox 1097 2468 1136 2503; x_wconf 88' lang='lat' dir='ltr'><strong>in</strong></span> <span class='ocrx_word' id='word_1_394' title='bbox 1169 2466 1359 2504; x_wconf 87' lang='lat' dir='ltr'><strong>densitate</strong></span> <span class='ocrx_word' id='word_1_395' title='bbox 1398 2468 1513 2504; x_wconf 90' lang='lat' dir='ltr'><strong>trium</strong></span> <span class='ocrx_word' id='word_1_396' title='bbox 1542 2466 1681 2504; x_wconf 88' lang='lat' dir='ltr'><strong>horum</strong></span> <span class='ocrx_word' id='word_1_397' title='bbox 1710 2475 1849 2514; x_wconf 88' lang='lat' dir='ltr'><strong>corpo-</strong></span> 
     </span>
     <span class='ocr_line' id='line_1_41' title="bbox 63 2522 1850 2574; baseline 0 -15"><span class='ocrx_word' id='word_1_398' title='bbox 63 2530 160 2569; x_wconf 85' lang='lat' dir='ltr'><strong>rum,</strong></span> <span class='ocrx_word' id='word_1_399' title='bbox 191 2527 231 2560; x_wconf 89' lang='lat' dir='ltr'><strong>et</strong></span> <span class='ocrx_word' id='word_1_400' title='bbox 249 2533 399 2560; x_wconf 86' lang='lat' dir='ltr'><strong>rursum</strong></span> <span class='ocrx_word' id='word_1_401' title='bbox 420 2522 497 2561; x_wconf 82' lang='lat' dir='ltr'><strong>alia</strong></span> <span class='ocrx_word' id='word_1_402' title='bbox 515 2524 613 2562; x_wconf 91' lang='lat' dir='ltr'><strong>inter</strong></span> <span class='ocrx_word' id='word_1_403' title='bbox 634 2523 840 2561; x_wconf 87' lang='lat' dir='ltr'><strong>diametros</strong></span> <span class='ocrx_word' id='word_1_404' title='bbox 861 2523 964 2562; x_wconf 88' lang='lat' dir='ltr'><strong>Solis</strong></span> <span class='ocrx_word' id='word_1_405' title='bbox 985 2526 1157 2571; x_wconf 88' lang='lat' dir='ltr'><strong>motoris,</strong></span> <span class='ocrx_word' id='word_1_406' title='bbox 1186 2526 1353 2574; x_wconf 87' lang='lat' dir='ltr'><strong>regionis</strong></span> <span class='ocrx_word' id='word_1_407' title='bbox 1373 2524 1576 2562; x_wconf 86' lang='lat' dir='ltr'><strong>mobilium</strong></span> <span class='ocrx_word' id='word_1_408' title='bbox 1604 2529 1642 2561; x_wconf 89' lang='lat' dir='ltr'><strong>et</strong></span> <span class='ocrx_word' id='word_1_409' title='bbox 1664 2523 1850 2572; x_wconf 85' lang='lat' dir='ltr'><strong>sphaerae</strong></span> 
     </span>
     <span class='ocr_line' id='line_1_42' title="bbox 40 2576 1852 2632; baseline 0 -17"><span class='ocrx_word' id='word_1_410' title='bbox 40 2595 51 2626; x_wconf 62' lang='lat'><em>2</em></span> <span class='ocrx_word' id='word_1_411' title='bbox 65 2576 223 2618; x_wconf 88' lang='lat' dir='ltr'><strong>ultimae</strong></span> <span class='ocrx_word' id='word_1_412' title='bbox 252 2579 416 2618; x_wconf 87' lang='lat' dir='ltr'><strong>locantis</strong></span> <span class='ocrx_word' id='word_1_413' title='bbox 447 2581 667 2619; x_wconf 83' lang='lat' dir='ltr'><strong>immobilis.</strong></span> <span class='ocrx_word' id='word_1_414' title='bbox 728 2583 773 2630; x_wconf 86' lang='lat'><strong>4)</strong></span> <span class='ocrx_word' id='word_1_415' title='bbox 804 2581 1034 2619; x_wconf 85' lang='lat' dir='ltr'><strong>Medietates</strong></span> <span class='ocrx_word' id='word_1_416' title='bbox 1062 2593 1175 2631; x_wconf 92' lang='lat' dir='ltr'><strong>porro</strong></span> <span class='ocrx_word' id='word_1_417' title='bbox 1196 2584 1451 2632; x_wconf 86' lang='lat' dir='ltr'><strong>geometricas</strong></span> <span class='ocrx_word' id='word_1_418' title='bbox 1473 2580 1775 2631; x_wconf 75' lang='lat' dir='ltr'><strong>quodaminodo,</strong></span> <span class='ocrx_word' id='word_1_419' title='bbox 1809 2583 1852 2616; x_wconf 92' lang='grc' dir='ltr'><strong>ιιι</strong></span> 
     </span>
     <span class='ocr_line' id='line_1_43' title="bbox 43 2636 1852 2687; baseline -0.002 -9"><span class='ocrx_word' id='word_1_420' title='bbox 43 2636 169 2678; x_wconf 75' lang='lat' dir='ltr'><strong>:inter</strong></span> <span class='ocrx_word' id='word_1_421' title='bbox 198 2637 275 2676; x_wconf 90' lang='lat' dir='ltr'><strong>duo</strong></span> <span class='ocrx_word' id='word_1_422' title='bbox 305 2650 447 2687; x_wconf 89' lang='lat' dir='ltr'><strong>genera</strong></span> <span class='ocrx_word' id='word_1_423' title='bbox 477 2644 662 2686; x_wconf 90' lang='lat' dir='ltr'><strong>motuum,</strong></span> <span class='ocrx_word' id='word_1_424' title='bbox 695 2639 859 2677; x_wconf 88' lang='lat' dir='ltr'><strong>alterum</strong></span> <span class='ocrx_word' id='word_1_425' title='bbox 888 2641 925 2676; x_wconf 91' lang='lat' dir='ltr'><strong>in</strong></span> <span class='ocrx_word' id='word_1_426' title='bbox 950 2645 1085 2687; x_wconf 91' lang='lat' dir='ltr'><strong>ortum,</strong></span> <span class='ocrx_word' id='word_1_427' title='bbox 1118 2640 1280 2678; x_wconf 89' lang='lat' dir='ltr'><strong>alterum</strong></span> <span class='ocrx_word' id='word_1_428' title='bbox 1305 2642 1343 2677; x_wconf 90' lang='lat' dir='ltr'><strong>in</strong></span> <span class='ocrx_word' id='word_1_429' title='bbox 1366 2651 1570 2687; x_wconf 73' lang='lat' dir='ltr'><strong>occasum,</strong></span> <span class='ocrx_word' id='word_1_430' title='bbox 1590 2640 1742 2677; x_wconf 88' lang='lat' dir='ltr'><strong>tertium</strong></span> <span class='ocrx_word' id='word_1_431' title='bbox 1772 2642 1852 2674; x_wconf 89' lang='lat' dir='ltr'><strong>tre-</strong></span> 
     </span>
     <span class='ocr_line' id='line_1_44' title="bbox 40 2693 1850 2747; baseline 0.001 -17"><span class='ocrx_word' id='word_1_432' title='bbox 40 2714 47 2739; x_wconf 68' lang='lat'>3</span> <span class='ocrx_word' id='word_1_433' title='bbox 66 2693 276 2742; x_wconf 88' lang='lat' dir='ltr'><strong>pidationis</strong></span> <span class='ocrx_word' id='word_1_434' title='bbox 304 2701 472 2742; x_wconf 88' lang='lat' dir='ltr'><strong>motum,</strong></span> <span class='ocrx_word' id='word_1_435' title='bbox 503 2695 572 2735; x_wconf 87' lang='lat' dir='ltr'><strong>sed</strong></span> <span class='ocrx_word' id='word_1_436' title='bbox 601 2707 648 2734; x_wconf 89' lang='lat' dir='ltr'><strong>ex</strong></span> <span class='ocrx_word' id='word_1_437' title='bbox 678 2697 819 2745; x_wconf 89' lang='lat' dir='ltr'><strong>quibus</strong></span> <span class='ocrx_word' id='word_1_438' title='bbox 850 2697 927 2735; x_wconf 92' lang='lat' dir='ltr'><strong>duo</strong></span> <span class='ocrx_word' id='word_1_439' title='bbox 958 2699 1190 2747; x_wconf 86' lang='lat' dir='ltr'><strong>posteriores</strong></span> <span class='ocrx_word' id='word_1_440' title='bbox 1221 2698 1306 2736; x_wconf 87' lang='lat' dir='ltr'><strong>sola</strong></span> <span class='ocrx_word' id='word_1_441' title='bbox 1344 2699 1450 2736; x_wconf 87' lang='lat' dir='ltr'><strong>visus</strong></span> <span class='ocrx_word' id='word_1_442' title='bbox 1480 2696 1754 2744; x_wconf 85' lang='lat' dir='ltr'><strong>imaginatione</strong></span> <span class='ocrx_word' id='word_1_443' title='bbox 1783 2705 1850 2732; x_wconf 92' lang='lat' dir='ltr'><strong>se-</strong></span> 
     </span>
     <span class='ocr_line' id='line_1_45' title="bbox 47 2750 1851 2808; baseline 0.001 -20"><span class='ocrx_word' id='word_1_444' title='bbox 47 2750 233 2793; x_wconf 54' lang='lat' dir='ltr'><strong>eundum</strong></span> <span class='ocrx_word' id='word_1_445' title='bbox 274 2752 474 2802; x_wconf 86' lang='lat' dir='ltr'><strong>Copernici</strong></span> <span class='ocrx_word' id='word_1_446' title='bbox 518 2752 662 2802; x_wconf 88' lang='lat' dir='ltr'><strong>placita</strong></span> <span class='ocrx_word' id='word_1_447' title='bbox 700 2760 888 2793; x_wconf 85' lang='lat' dir='ltr'><strong>constant.</strong></span> <span class='ocrx_word' id='word_1_448' title='bbox 951 2753 997 2808; x_wconf 86' lang='lat'><strong>5)</strong></span> <span class='ocrx_word' id='word_1_449' title='bbox 1037 2755 1140 2794; x_wconf 87' lang='lat' dir='ltr'><strong>Inter</strong></span> <span class='ocrx_word' id='word_1_450' title='bbox 1181 2762 1319 2794; x_wconf 88' lang='lat' dir='ltr'><strong>terram</strong></span> <span class='ocrx_word' id='word_1_451' title='bbox 1361 2761 1399 2794; x_wconf 89' lang='lat' dir='ltr'><strong>et</strong></span> <span class='ocrx_word' id='word_1_452' title='bbox 1439 2755 1619 2804; x_wconf 88' lang='lat' dir='ltr'><strong>tophum,</strong></span> <span class='ocrx_word' id='word_1_453' title='bbox 1663 2751 1851 2801; x_wconf 86' lang='lat' dir='ltr'><strong>argillam.</strong></span> 
     </span>
     <span class='ocr_line' id='line_1_46' title="bbox 43 2804 1854 2865; baseline 0.002 -20"><span class='ocrx_word' id='word_1_454' title='bbox 43 2804 118 2861; x_wconf 62' lang='lat'><strong>³6)</strong></span> <span class='ocrx_word' id='word_1_455' title='bbox 146 2809 252 2849; x_wconf 88' lang='lat' dir='ltr'><strong>Inter</strong></span> <span class='ocrx_word' id='word_1_456' title='bbox 281 2811 439 2850; x_wconf 88' lang='lat' dir='ltr'><strong>metalla</strong></span> <span class='ocrx_word' id='word_1_457' title='bbox 470 2816 508 2848; x_wconf 88' lang='lat' dir='ltr'><strong>et</strong></span> <span class='ocrx_word' id='word_1_458' title='bbox 537 2810 699 2859; x_wconf 87' lang='lat' dir='ltr'><strong>lapides,</strong></span> <span class='ocrx_word' id='word_1_459' title='bbox 730 2823 887 2850; x_wconf 89' lang='lat' dir='ltr'><strong>aerosas</strong></span> <span class='ocrx_word' id='word_1_460' title='bbox 917 2813 1064 2862; x_wconf 87' lang='lat' dir='ltr'><strong>glebas.</strong></span> <span class='ocrx_word' id='word_1_461' title='bbox 1129 2811 1174 2865; x_wconf 80' lang='lat'><strong>7)</strong></span> <span class='ocrx_word' id='word_1_462' title='bbox 1205 2814 1311 2851; x_wconf 89' lang='lat' dir='ltr'><strong>Inter</strong></span> <span class='ocrx_word' id='word_1_463' title='bbox 1339 2814 1476 2861; x_wconf 89' lang='lat' dir='ltr'><strong>stirpes</strong></span> <span class='ocrx_word' id='word_1_464' title='bbox 1506 2816 1545 2848; x_wconf 90' lang='lat' dir='ltr'><strong>et</strong></span> <span class='ocrx_word' id='word_1_465' title='bbox 1573 2809 1746 2860; x_wconf 88' lang='lat' dir='ltr'><strong>lapides,</strong></span> <span class='ocrx_word' id='word_1_466' title='bbox 1785 2820 1854 2848; x_wconf 88' lang='lat' dir='ltr'><strong>co-</strong></span> 
     </span>
     <span class='ocr_line' id='line_1_47' title="bbox 45 2864 1851 2920; baseline 0.001 -16"><span class='ocrx_word' id='word_1_467' title='bbox 45 2865 191 2914; x_wconf 57' lang='lat' dir='ltr'><strong>grauia.</strong></span> <span class='ocrx_word' id='word_1_468' title='bbox 244 2864 292 2920; x_wconf 89' lang='lat'><strong>8)</strong></span> <span class='ocrx_word' id='word_1_469' title='bbox 322 2868 426 2907; x_wconf 91' lang='lat' dir='ltr'><strong>Inter</strong></span> <span class='ocrx_word' id='word_1_470' title='bbox 446 2868 630 2906; x_wconf 85' lang='lat' dir='ltr'><strong>animalia</strong></span> <span class='ocrx_word' id='word_1_471' title='bbox 652 2872 691 2906; x_wconf 87' lang='lat' dir='ltr'><strong>ct</strong></span> <span class='ocrx_word' id='word_1_472' title='bbox 708 2870 858 2919; x_wconf 89' lang='lat' dir='ltr'><strong>stirpes,</strong></span> <span class='ocrx_word' id='word_1_473' title='bbox 889 2871 1098 2920; x_wconf 85' lang='lat' dir='ltr'><strong>zoophyta.</strong></span> <span class='ocrx_word' id='word_1_474' title='bbox 1152 2872 1196 2918; x_wconf 91' lang='grc'><strong>9)</strong></span> <span class='ocrx_word' id='word_1_475' title='bbox 1228 2871 1331 2908; x_wconf 83' lang='lat' dir='ltr'><strong>Inter</strong></span> <span class='ocrx_word' id='word_1_476' title='bbox 1356 2867 1624 2918; x_wconf 82' lang='lat' dir='ltr'><strong>quadrupedes</strong></span> <span class='ocrx_word' id='word_1_477' title='bbox 1656 2872 1694 2905; x_wconf 89' lang='lat' dir='ltr'><strong>ct</strong></span> <span class='ocrx_word' id='word_1_478' title='bbox 1714 2868 1851 2918; x_wconf 77' lang='lat' dir='ltr'><strong>pisces,</strong></span> 
     </span>
     <span class='ocr_line' id='line_1_48' title="bbox 47 2919 1855 2977; baseline 0.001 -17"><span class='ocrx_word' id='word_1_479' title='bbox 47 2922 281 2974; x_wconf 16' lang='lat' dir='ltr'><strong>&#39;‘amphibia.</strong></span> <span class='ocrx_word' id='word_1_480' title='bbox 345 2925 414 2975; x_wconf 90' lang='lat'><strong>10)</strong></span> <span class='ocrx_word' id='word_1_481' title='bbox 447 2926 552 2964; x_wconf 83' lang='lat' dir='ltr'><strong>Inter</strong></span> <span class='ocrx_word' id='word_1_482' title='bbox 583 2936 675 2964; x_wconf 87' lang='lat' dir='ltr'><strong>aves</strong></span> <span class='ocrx_word' id='word_1_483' title='bbox 706 2931 745 2964; x_wconf 89' lang='lat' dir='ltr'><strong>et</strong></span> <span class='ocrx_word' id='word_1_484' title='bbox 773 2927 920 2976; x_wconf 87' lang='lat' dir='ltr'><strong>pisces,</strong></span> <span class='ocrx_word' id='word_1_485' title='bbox 964 2928 1141 2966; x_wconf 84' lang='lat' dir='ltr'><strong>volantes</strong></span> <span class='ocrx_word' id='word_1_486' title='bbox 1171 2919 1308 2977; x_wconf 76' lang='lat' dir='ltr'><strong>pisce&#39;s.</strong></span> <span class='ocrx_word' id='word_1_487' title='bbox 1373 2928 1442 2973; x_wconf 87' lang='grc'><strong>11)</strong></span> <span class='ocrx_word' id='word_1_488' title='bbox 1472 2925 1577 2963; x_wconf 86' lang='lat' dir='ltr'><strong>Inter</strong></span> <span class='ocrx_word' id='word_1_489' title='bbox 1611 2925 1786 2964; x_wconf 89' lang='lat' dir='ltr'><strong>homines</strong></span> <span class='ocrx_word' id='word_1_490' title='bbox 1814 2931 1855 2963; x_wconf 92' lang='lat' dir='ltr'><strong>et</strong></span> 
     </span>
     <span class='ocr_line' id='line_1_49' title="bbox 67 2978 1853 3035; baseline 0.001 -16"><span class='ocrx_word' id='word_1_491' title='bbox 67 2978 193 3030; x_wconf 76' lang='lat' dir='ltr'><strong>bruta,</strong></span> <span class='ocrx_word' id='word_1_492' title='bbox 224 2984 367 3031; x_wconf 86' lang='lat' dir='ltr'><strong>simias,</strong></span> <span class='ocrx_word' id='word_1_493' title='bbox 398 2990 466 3021; x_wconf 89' lang='lat' dir='ltr'><strong>aut</strong></span> <span class='ocrx_word' id='word_1_494' title='bbox 495 2983 674 3021; x_wconf 90' lang='lat' dir='ltr'><strong>mulieres</strong></span> <span class='ocrx_word' id='word_1_495' title='bbox 704 2994 751 3020; x_wconf 85' lang='lat' dir='ltr'><strong>ex</strong></span> <span class='ocrx_word' id='word_1_496' title='bbox 781 2983 956 3023; x_wconf 88' lang='lat' dir='ltr'><strong>Platone.</strong></span> <span class='ocrx_word' id='word_1_497' title='bbox 1020 2986 1093 3035; x_wconf 84' lang='lat'><strong>12)</strong></span> <span class='ocrx_word' id='word_1_498' title='bbox 1124 2985 1227 3023; x_wconf 90' lang='lat' dir='ltr'><strong>Inter</strong></span> <span class='ocrx_word' id='word_1_499' title='bbox 1259 2985 1402 3022; x_wconf 86' lang='lat' dir='ltr'><strong>bestias</strong></span> <span class='ocrx_word' id='word_1_500' title='bbox 1432 2987 1472 3021; x_wconf 87' lang='lat' dir='ltr'><strong>et</strong></span> <span class='ocrx_word' id='word_1_501' title='bbox 1501 2983 1684 3031; x_wconf 86' lang='lat' dir='ltr'><strong>angelos,</strong></span> <span class='ocrx_word' id='word_1_502' title='bbox 1723 2983 1853 3021; x_wconf 90' lang='lat' dir='ltr'><strong>homi-</strong></span> 
     </span>
     <span class='ocr_line' id='line_1_50' title="bbox 69 3037 1853 3092; baseline 0.002 -16"><span class='ocrx_word' id='word_1_503' title='bbox 69 3046 170 3087; x_wconf 76' lang='lat' dir='ltr'><strong>nem,</strong></span> <span class='ocrx_word' id='word_1_504' title='bbox 198 3040 398 3079; x_wconf 86' lang='lat' dir='ltr'><strong>mortalem</strong></span> <span class='ocrx_word' id='word_1_505' title='bbox 429 3053 585 3090; x_wconf 91' lang='lat' dir='ltr'><strong>corpore</strong></span> <span class='ocrx_word' id='word_1_506' title='bbox 608 3047 652 3078; x_wconf 90' lang='lat' dir='ltr'><strong>ut</strong></span> <span class='ocrx_word' id='word_1_507' title='bbox 672 3040 771 3088; x_wconf 88' lang='lat' dir='ltr'><strong>illas,</strong></span> <span class='ocrx_word' id='word_1_508' title='bbox 802 3042 1056 3081; x_wconf 86' lang='lat' dir='ltr'><strong>immortalem</strong></span> <span class='ocrx_word' id='word_1_509' title='bbox 1075 3044 1205 3080; x_wconf 85' lang='lat' dir='ltr'><strong>animo</strong></span> <span class='ocrx_word' id='word_1_510' title='bbox 1227 3048 1269 3079; x_wconf 89' lang='lat' dir='ltr'><strong>ut</strong></span> <span class='ocrx_word' id='word_1_511' title='bbox 1286 3042 1369 3078; x_wconf 85' lang='lat' dir='ltr'><strong>hos.</strong></span> <span class='ocrx_word' id='word_1_512' title='bbox 1433 3037 1506 3092; x_wconf 86' lang='lat'><strong>13)</strong></span> <span class='ocrx_word' id='word_1_513' title='bbox 1539 3040 1642 3079; x_wconf 85' lang='lat' dir='ltr'><strong>Inter</strong></span> <span class='ocrx_word' id='word_1_514' title='bbox 1668 3040 1853 3080; x_wconf 80' lang='lat' dir='ltr'><strong>eoelestia</strong></span> 
     </span>
     <span class='ocr_line' id='line_1_51' title="bbox 72 3092 1856 3152; baseline 0.001 -18"><span class='ocrx_word' id='word_1_515' title='bbox 72 3092 275 3135; x_wconf 84' lang='lat' dir='ltr'><strong>beatorum</strong></span> <span class='ocrx_word' id='word_1_516' title='bbox 304 3098 525 3137; x_wconf 89' lang='lat' dir='ltr'><strong>habitacula</strong></span> <span class='ocrx_word' id='word_1_517' title='bbox 557 3104 594 3137; x_wconf 87' lang='lat' dir='ltr'><strong>et</strong></span> <span class='ocrx_word' id='word_1_518' title='bbox 626 3098 894 3136; x_wconf 86' lang='lat' dir='ltr'><strong>elementarem</strong></span> <span class='ocrx_word' id='word_1_519' title='bbox 925 3101 1131 3148; x_wconf 86' lang='lat' dir='ltr'><strong>regionem,</strong></span> <span class='ocrx_word' id='word_1_520' title='bbox 1165 3099 1312 3137; x_wconf 86' lang='lat' dir='ltr'><strong>coelum</strong></span> <span class='ocrx_word' id='word_1_521' title='bbox 1333 3096 1540 3136; x_wconf 86' lang='lat' dir='ltr'><strong>stellatum.</strong></span> <span class='ocrx_word' id='word_1_522' title='bbox 1605 3094 1677 3152; x_wconf 81' lang='lat'><strong>14)</strong></span> <span class='ocrx_word' id='word_1_523' title='bbox 1706 3097 1856 3148; x_wconf 84' lang='lat' dir='ltr'><strong>Quibus</strong></span> 
     </span>
    </p>

    <p class='ocr_par' dir='ltr' id='par_1_6' title="bbox 141 3167 1651 3205">
     <span class='ocr_line' id='line_1_52' title="bbox 141 3167 1651 3205; baseline 0.002 -11"><span class='ocrx_word' id='word_1_524' title='bbox 141 3167 265 3201; x_wconf 66' lang='lat' dir='ltr'><strong>xamen</strong></span> <span class='ocrx_word' id='word_1_525' title='bbox 281 3169 379 3202; x_wconf 67' lang='lat' dir='ltr'><strong>oper·</strong></span> <span class='ocrx_word' id='word_1_526' title='bbox 395 3170 432 3197; x_wconf 85' lang='lat' dir='ltr'><strong>v.</strong></span> <span class='ocrx_word' id='word_1_527' title='bbox 1600 3170 1651 3205; x_wconf 82' lang='lat'><strong>14</strong></span> 
     </span>
    </p>
   </div>
  </div>
 </body>
</html>
