1994 3276
161 100 244 138 282
289 135 294 141 x
677 100 731 135 De
755 100 916 137 Motibus
939 100 1169 138 Planetarum
1193 100 1431 138 Harmonicis.
1454 82 1458 86 Α

164 219 223 254 est
251 217 449 266 proportio
486 218 594 257 1600
626 219 677 258 ad
709 219 833 268 2025,
863 220 904 258 id
925 225 985 260 est
1016 222 1071 259 64
1099 220 1149 260 ad
1182 222 1250 273 81,
1281 224 1320 259 et
1347 222 1609 271 proportionis
1639 223 1666 260 4
1695 221 1747 260 ad
1780 222 1803 261 5
1834 222 1955 274 dupla

160 279 220 313 est
248 275 352 313 sacta
380 279 578 326 proportio
611 278 724 317 3456
755 278 804 316 ad
839 279 971 327 5400,
1002 279 1040 318 id
1072 286 1130 318 est
1165 281 1215 318 16
1243 280 1294 318 ad
1327 280 1402 327 25,
1441 279 1608 330 denique
1636 280 1954 331 proportionis&

164 331 215 371 ad
255 334 280 372 9
321 334 520 384 sesquipla
565 341 624 374 est
664 336 767 375 facta
806 339 1004 387 proportio
1041 339 1149 376 1600
1181 337 1230 377 ad
1264 339 1395 385 5400,
1443 338 1484 375 id
1513 343 1573 377 est
1604 339 1628 377 8
1659 339 1709 377 ad
1741 340 1818 377 27·
1864 336 1953 378 ideo

163 392 279 430 etiam
309 394 508 447 proportio
541 395 652 432 2025
685 394 735 433 ad
769 396 901 443 3456,
932 396 1007 434 hoc
1037 402 1096 435 est
1129 397 1180 434 75
1213 396 1263 434 ad
1299 396 1390 443 128
1423 396 1550 435 adhuc
1579 397 1704 447 major
1733 401 1803 446 est,
1837 409 1956 448 quam

163 449 187 487 5
219 449 269 488 ad
301 450 339 499 8,
369 444 446 490 1100
474 458 534 490 est
567 455 588 490 7
597 453 620 490 5
653 452 702 491 ad
737 455 829 501 120,
863 456 1082 503 quantitate
1113 466 1294 493 excessus
1325 454 1457 493 itidem
1489 451 1595 508 (120
1617 455 1682 494 ad
1694 457 1785 504 128,
1817 456 1856 493 id
1873 453 1954 510 est)

163 508 212 546 15
252 507 302 546 ad
347 510 419 547 16:
464 515 507 548 ut
546 511 601 549 ita
640 512 839 562 proportio
883 518 1057 551 motuum
1096 514 1412 563 convergentium
1451 513 1562 552 2025
1600 513 1651 552 ad
1694 515 1804 552 3456
1845 519 1981 552 tanto*

157 572 314 616 superet
353 570 641 618 proportionem
679 582 855 609 eversam
892 570 1186 610 intervallorum
1227 571 1544 621 respondentium
1585 572 1608 610 5
1639 572 1690 610 ad
1722 573 1765 619 8,
1809 577 1955 622 quanto

156 624 254 663 haec
283 634 442 676 superat
473 627 672 666 dimidium
711 631 971 679 proportionis
1015 629 1165 668 orbium
1197 631 1223 668 4
1255 630 1305 668 ad
1338 631 1377 669 9.
1437 629 1512 681 Vel
1544 629 1649 679 quod
1679 630 1818 669 eodem
1845 631 1955 679 redit,

156 685 355 733 proportio
386 683 550 723 duorum
580 687 874 726 intervallorum
905 690 1221 738 convergentium
1260 693 1319 726 est
1348 687 1478 727 media
1507 689 1606 727 inter
1636 688 1836 728 dimidiam
1863 694 1957 740 pro-

156 743 343 792 portionis
375 743 526 782 orbium
556 750 595 783 et
624 747 723 784 inter
752 757 931 784 eversam
961 751 1136 785 motuum
1166 746 1494 797 respondentium.
1519 743 1567 799 19)

272 801 331 839 Ex
361 801 436 840 1100
466 807 597 842 autem
629 803 742 842 datur
779 804 971 854 intelligi,
1015 810 1190 843 motuum
1232 806 1515 854 divergentium
1552 807 1841 855 proportionem
1872 816 1958 844 esse

160 857 282 897 multo
313 860 499 910 maj0rem
531 862 787 911 sesquialtera
817 865 1078 913 proportionis
1110 865 1285 912 orbium,
1317 875 1404 902 cum
1435 864 1484 901 ad
1517 863 1812 913 sesquialteram
1842 875 1957 902 acce-

158 916 252 1014 dgnt
283 917 424 1015 dulpllae
455 921 747 970 proportionum
778 919 973 961 intervalli
1019 922 1165 972 apheiii
1202 922 1253 960 ad
1283 920 1532 961 intervallum
1570 921 1743 960 medium
1773 927 1812 962 et
1840 921 1958 961 medii

158 987 183 1014 a
239 987 320 1026 perr
353 989 481 1016 erum.

910 1112 1098 1159 CAPUT
1135 1113 1203 1177 iv,
1928 1176 1947 1206 1

185 1217 355 1262 Quibus
380 1219 425 1254 in
449 1220 596 1264 rebus,
623 1222 679 1257 ad
703 1226 848 1257 motus
872 1222 1154 1267 planetarum
1179 1222 1544 1268 pertinentibus,
1571 1228 1821 1268 expressae
1846 1222 1936 1258 sint

424 1288 446 1313 a
472 1279 691 1315 Creatore
715 1280 1039 1325 proportiones
1063 1281 1351 1316 harmonicae
1376 1285 1418 1317 et
1443 1280 1699 1326 quomodo?

274 1386 398 1437 Igitur
442 1388 577 1426 ablata
621 1388 830 1438 phantasia
871 1388 1246 1437 retrogradationum
1293 1393 1332 1427 et
1375 1389 1608 1437 stationum,
1655 1393 1694 1427 et
1739 1388 1952 1427 enucleatis

156 1444 400 1495 planetarum
430 1448 596 1496 propriis
627 1447 797 1484 motibus
827 1448 867 1483 in
898 1448 979 1484 suis
1009 1449 1189 1496 genuinis
1221 1447 1355 1485 orbitis
1386 1449 1622 1495 eccentricis,
1653 1451 1801 1485 restant
1831 1446 1960 1486 adhuc

157 1503 256 1542 haec
297 1505 335 1542 in
379 1504 547 1554 planetis
590 1504 794 1543 distincta:
859 1502 904 1558 1)
947 1505 1160 1544 Intervalla
1198 1518 1222 1544 a
1263 1505 1367 1544 Sole.
1430 1503 1477 1559 2)
1523 1505 1718 1556 Tempora
1747 1505 1957 1555 periodica.
1980 1554 1989 1558 μ

161 1559 207 1615 3)
241 1562 364 1601 Arcus
397 1564 600 1602 eccentrici
633 1563 772 1602 diurni.
833 1564 878 1612 4)
910 1563 1045 1602 Μο130
1078 1565 1116 1601 iu
1147 1565 1194 1602 iis
1225 1564 1393 1603 arcubus
1425 1563 1598 1602 diurnae.
1662 1561 1702 1616 5)
1734 1564 1879 1612 Anguli
1910 1563 1960 1604 ad

159 1619 311 1669 Solem,
353 1633 422 1660 seu
455 1634 566 1660 arcus
599 1621 725 1660 diurni
755 1627 988 1671 apparentes
1020 1622 1141 1675 veluti
1172 1623 1439 1671 spectantibus
1471 1633 1517 1660 ex
1549 1621 1654 1662 Sole.
1713 1620 1959 1672 Rursumque

162 1680 292 1717 omnia
321 1679 420 1718 haec
452 1677 645 1733 (exceptis
678 1681 917 1730 temporibus
947 1680 1171 1732 periodicis)
1203 1685 1292 1718 sunt
1313 1680 1522 1719 variabilia
1551 1686 1634 1719 toto
1666 1682 1838 1727 circuitu,
1870 1680 1960 1730 plu-

162 1739 302 1775 rimum
344 1738 499 1788 quidem
539 1741 577 1776 in
619 1739 929 1789 longitudinibus
969 1739 1125 1787 mediis,
1180 1740 1379 1776 minimum
1421 1750 1514 1777 vero
1555 1740 1593 1776 in
1639 1739 1958 1786 extremitatibus,

163 1795 332 1846 quando,
366 1799 618 1836 conversione
650 1797 753 1835 facta
784 1798 834 1835 ab
866 1808 998 1835 earum
1030 1809 1124 1844 una,
1156 1803 1402 1836 revertuntur
1432 1797 1482 1836 ad
1512 1798 1752 1848 oppositam,
1800 1802 1843 1835 ut
1873 1808 1960 1835 cum

163 1858 222 1893 est
251 1855 410 1905 planeta
440 1855 679 1894 humillimus
712 1861 750 1894 et
780 1855 862 1894 Soli
895 1856 1180 1903 vicinissimus,
1222 1867 1347 1905 eoque
1390 1856 1429 1893 in
1470 1867 1549 1893 uno
1588 1855 1711 1904 gradu
1752 1856 1957 1898 eccentrici

161 1918 333 1951 moratur
374 1925 489 1962 quam
534 1915 734 1952 minimum
775 1918 813 1952 et
850 1915 1022 1952 vicissim
1053 1916 1091 1950 in
1123 1926 1202 1952 una
1233 1914 1295 1952 die
1338 1915 1548 1952 maximum
1583 1924 1715 1951 arcum
1756 1914 1958 1952 eccentrici

159 1969 337 2009 diurnum
377 1971 531 2011 conficit
572 1978 611 2011 et
651 1972 918 2011 velocissimus
960 1984 1007 2010 ex
1037 1972 1130 2018 Sole
1173 1978 1351 2023 apparet:
1391 1977 1482 2010 tunc
1521 1971 1625 2010 illius
1663 1975 1793 2010 motus
1830 1976 1960 2009 manet

159 2029 402 2078 aliquamdiu
432 2031 470 2066 in
502 2030 577 2068 hoc
607 2032 742 2080 vigore
781 2032 864 2068 sine
896 2030 1068 2068 sensibili
1110 2033 1347 2078 variatione,
1390 2029 1512 2068 donec
1551 2034 1732 2080 superato
1769 2029 1958 2079 perihelio

159 2087 319 2137 planeta
347 2088 536 2137 paulatim
567 2090 754 2139 inceperit
785 2100 809 2126 a
840 2087 931 2126 Sole
963 2088 1159 2127 discedere
1190 2091 1228 2126 in
1259 2088 1363 2126 linea
1383 2093 1488 2126 recta
1518 2087 1692 2137 longius3
1724 2092 1816 2125 tunc
1845 2087 1959 2125 simul

161 2151 199 2184 et
228 2147 268 2182 in
299 2146 484 2196 gradibus
515 2148 717 2186 eccentrici
749 2151 920 2184 moratur
951 2146 1117 2195 diutius3
1150 2152 1218 2184 aut
1246 2148 1278 2184 si
1312 2148 1426 2184 unius
1458 2145 1533 2183 diei
1554 2152 1703 2184 motum
1723 2146 1956 2193 consideres,

160 2206 336 2253 sequenti
371 2216 527 2254 quoque
558 2205 619 2243 die
659 2204 810 2254 proficit
851 2206 976 2241 minus
1007 2204 1207 2254 multoque
1248 2207 1364 2242 etiam
1407 2203 1552 2242 tardior
1583 2216 1629 2243 ex
1661 2203 1752 2242 Sole
1783 2209 1959 2254 apparet,

160 2262 283 2300 donec
312 2269 495 2302 summae·
516 2263 642 2313 apsidi
675 2263 1069 2312 appropinquaverit,
1105 2263 1249 2301 faciens
1282 2262 1528 2300 intervallum
1559 2274 1584 2300 a
1614 2262 1704 2300 Sole
1737 2263 1958 2306 maximum,
1991 2286 1994 2347 <

161 2325 256 2359 tunc
288 2323 388 2359 enim
421 2327 459 2360 et
490 2321 706 2359 diutissime
738 2322 908 2358 omnium
939 2326 1110 2358 moratur
1140 2323 1179 2358 in
1210 2332 1287 2358 uno
1318 2321 1440 2369 gradu
1473 2322 1693 2367 eccentrici,
1726 2326 1794 2358 aut
1824 2325 1994 2374 contra„

160 2381 199 2416 in
231 2390 310 2416 una
341 2379 402 2418 die
435 2381 634 2418 minimum
680 2380 765 2429 ejus
804 2390 935 2417 arcum
980 2378 1131 2418 conficit
1171 2379 1371 2428 multoque
1403 2380 1519 2418 etiam
1551 2381 1736 2418 minorem
1767 2383 1806 2418 et
1837 2379 1959 2416 totius

163 2438 334 2476 ambitus
364 2439 424 2476 sui
455 2440 652 2476 minimam
684 2438 778 2476 facit
807 2438 1085 2486 apparentiam.

277 2496 456 2545 Denique
487 2497 585 2535 haec
616 2499 745 2534 omnia
774 2501 864 2534 sunt
907 2495 970 2534 vel
1002 2497 1116 2532 unius
1148 2494 1311 2544 alicujus
1351 2494 1533 2544 planetae
1574 2506 1642 2544 per
1673 2494 1827 2532 diversa
1857 2498 1964 2532 tem-A

162 2565 278 2603 pora,
311 2554 372 2591 vel
403 2559 494 2592 sunt
522 2556 562 2591 iu
592 2554 759 2603 planetis
790 2554 970 2601 diversis,
1003 2555 1060 2591 sic
1090 2558 1132 2591 ut
1163 2554 1364 2602 supposita
1395 2554 1578 2602 temporis
1607 2552 1798 2591 infinitate
1828 2563 1960 2603 omnes

163 2612 387 2650 affectiones
420 2613 602 2650 circuitus
634 2614 745 2649 unius
777 2612 956 2661 planetae
978 2623 1063 2649 cum
1085 2612 1262 2649 omnibus
1293 2611 1564 2650 affectionibus
1585 2612 1766 2649 circuitus
1797 2609 1959 2649 alterius

162 2669 344 2720 planetae
385 2670 520 2708 eodem
558 2671 741 2720 temporis
772 2676 965 2707 momento
1007 2680 1230 2708 concurrere
1269 2674 1307 2707 et
1338 2671 1552 2719 comparari
1589 2670 1756 2718 possint,
1800 2673 1839 2706 et
1869 2673 1974 2724 tunc·

163 2729 303 2777 integri
334 2727 489 2777 quidem
521 2729 740 2776 eccentrici,
787 2729 885 2765 inter
921 2739 962 2765 se
1003 2728 1236 2777 comparati,
1283 2730 1570 2777 proportionem
1606 2726 1752 2764 habent
1782 2725 1963 2775 eandem,

165 2798 280 2834 quam
312 2788 482 2835 ipsorum
513 2786 788 2825 semidiametri
817 2798 885 2824 seu
907 2785 1109 2822 intervalla
1132 2785 1361 2834 mediocria3
1394 2797 1506 2824 arcus
1536 2795 1629 2823 vero
1661 2785 1961 2822 eccentricorum

166 2844 340 2891 duorum,
373 2844 589 2894 aequaliter
620 2845 682 2883 vel
727 2843 862 2882 eodem
893 2854 1051 2880 nurnero
1085 2843 1341 2891 denominati,
1388 2844 1533 2882 habent
1573 2848 1701 2881 tamen
1733 2841 1973 2890 inaequales(

166 2913 279 2939 veras
309 2902 570 2951 longitudines
603 2905 641 2940 in
672 2903 918 2953 proportione
950 2906 1118 2938 totorum
1150 2903 1461 2940 eccentricorum.
1502 2900 1622 2939 Verbi
1653 2911 1783 2962 causa,
1815 2899 1969 2950 gradus

168 2970 266 2997 unus
297 2961 336 2997 in
368 2960 533 3010 sphaera
563 2961 718 3000 Saturni
750 2959 867 3009 duplo
898 2959 976 2997 fere
1010 2960 1131 3008 major
1162 2965 1230 3007 est,
1263 2971 1379 3009 quam
1409 2959 1552 3008 gradus
1591 2969 1690 2996 unus
1720 2947 1759 2995 in
1791 2957 1965 3008 sphaeraz·

168 3016 294 3055 Jovis.
356 3019 405 3056 Et
437 3020 605 3058 vicissim
639 3031 748 3058 arcus
779 3018 904 3056 diurni
937 3020 1244 3066 eccentricorum,
1277 3018 1447 3075 expressi
1477 3018 1645 3055 numeris
1676 3015 1965 3068 astronomicis,

168 3085 245 3112 non
276 3076 458 3115 exhibent
487 3080 774 3128 proportionem
807 3086 984 3117 verorum
1014 3077 1218 3125 itinerum,
1261 3087 1360 3126 quae
1401 3074 1508 3128 globi
1552 3076 1591 3112 in
1632 3085 1710 3112 una
1739 3073 1802 3112 die
1833 3072 1964 3112 conii-r
