1988 3276
135 131 187 171 58
635 125 823 171 Epistolae
847 124 994 172 Kepleri
1016 125 1236 172 aliorumque
1258 129 1405 163 mutuae

249 248 382 279 Interim
405 248 524 280 iterum
548 246 590 279 D.
615 243 656 277 V.
680 246 804 286 gratias
828 246 931 278 refero
954 255 1014 287 pro
1039 243 1219 287 exemplari
1242 245 1411 288 Epitomes
1444 245 1483 278 in
1505 242 1721 291 Oopernicam
1745 243 1920 286 sphaeram

133 295 215 326 mihi
237 295 446 337 transmisso,
479 294 569 336 qnod
593 293 725 325 cuidam
755 293 861 324 amico
884 293 1060 325 Patavium
1089 295 1157 334 §am
1181 290 1274 334 misi,
1307 300 1431 335 quaeso
1456 291 1551 325 alind
1574 289 1663 323 'mihi
1685 291 1850 336 remittat,
1883 296 1921 325 ut

133 343 282 374 Romano
307 341 431 384 amico,
457 340 517 383 qui
541 349 642 383 quam
664 340 808 371 maxime
834 340 1012 383 desiderat,
1037 343 1162 381 possim
1186 341 1424 373 communicare
1449 349 1508 380 per
1530 343 1676 379 postam.

223 387 342 419 Valeat
364 388 407 419 ad
430 386 552 419 multos
576 396 678 419 annos
701 385 877 418 incolumis
901 388 945 421 D.
971 388 1012 420 V.
1037 386 1104 427 CL,
1135 397 1207 419 mea
1230 396 1330 428 opera
1363 387 1629 429 quandocunque
1666 388 1700 417 et
1722 386 1856 418 ubicum
1880 395 1922 419 ue

132 435 269 467 libuerit
293 437 418 475 utatur,
445 443 570 475 semper
594 435 681 465 enim
704 434 950 474 paratissimum
974 444 1026 466 me
1049 435 1196 475 reperiet.
1244 434 1373 465 Dabam
1397 433 1548 465 Viennae
1575 430 1611 464 d.
1635 429 1692 466 15.
1716 430 1866 467 sunjus
1889 430 1922 467 8.

249 480 357 512 Multa
377 479 539 522 Keplerus
565 481 632 521 egit
656 490 728 512 cum
751 479 992 512 Vincentio
1017 478 1212 513 Blancho
1235 490 1294 521 per
1307 478 1423 513 literas
1447 481 1489 512 ab
1514 484 1603 510 auno
1628 476 1718 514 1615
1742 481 1778 511 in
1801 483 1922 512 annum

138 525 244 567 16203
270 526 334 559 vol.
359 528 416 559 III.
442 536 474 568 p.
501 525 568 562 519
594 537 634 559 ex
647 526 782 567 Kepleri
806 527 947 567 epistola
970 531 1097 568 partem
1122 529 1352 568 excerpsimus.
1379 536 1446 568 qua
1468 526 1568 559 refert
1587 524 1776 569 Vincentio,
1801 527 1923 569 quibus

134 575 241 606 causis
266 574 445 614 impeditus
469 577 556 606 stare
579 584 646 606 non
670 574 814 614 potuerit
836 575 1008 615 promissis
1034 572 1157 614 (eadem
1183 574 1250 606 fere
1275 578 1362 616 sunt,
1391 583 1478 616 quae
1501 572 1693 612 Mingonius
1716 582 1818 614 snpra
1840 583 1923 616 que-

131 620 238 662 ritur),
263 619 389 652 scilicet
414 620 550 653 edendis
575 621 850 662 Ephemeridibus
874 624 907 652 et
931 620 1066 652 Tabulis
1091 620 1328 666 Rudolphinis,
1365 624 1397 653 et
1420 618 1535 664 qualia
1557 619 1626 651 sint
1649 619 1778 661 studia„
1802 620 1924 662 quibus

131 668 322 700 delectetur.
370 667 488 706 Magna
510 677 585 708 pars
611 666 824 708 epistolarum
850 677 869 699 a
884 666 1026 709 Keplero
1052 670 1084 699 et
1107 667 1253 700 Blancho
1279 669 1432 700 datarum
1456 667 1599 708 pertinet
1622 666 1665 698 ad
1680 664 1924 708 Ephemerides,

131 713 199 746 alia
222 712 321 755 plane
345 714 523 755 rejicienda
548 718 606 757 est,
633 723 716 754 cum,
740 716 921 754 praecipue
946 713 1105 755 epistolae
1129 713 1268 746 Blanchi
1281 740 1288 754 ‚
1312 724 1399 747 mere
1425 711 1622 753 astrologica
1644 714 1771 745 somma
1793 714 1923 746 referat.

131 760 284 794 Ceterum
306 771 382 802 pars
405 762 522 792 harum
546 759 772 804 epistolarum,
796 764 953 803 tempore,
979 770 1045 803 quo
1070 763 1159 802 typis
1183 762 1408 794 excudebatur
1430 760 1623 794 Harmonia
1653 763 1687 791 et
1706 768 1776 802 quo
1800 759 1924 800 Keple-

131 818 186 840 rus
212 809 500 849 circumspiciebat
525 811 663 840 emtores
686 807 776 851 libri,
803 810 1007 849 scriptarum,
1031 809 1168 849 propius
1193 812 1416 848 argumentum
1440 807 1648 840 Harmoniae
1671 807 1800 849 attinet,
1824 815 1925 849 qnare

131 856 185 887 hic
209 855 384 887 inserenda
408 851 467 888 est.
515 855 581 887 His
604 864 710 896 pauca
733 855 975 895 praemittenda
1005 858 1082 887 sunt
1113 855 1152 887 de
1175 855 1320 888 Blancho
1353 857 1492 897 eJusque
1514 854 1584 886 vita
1614 856 1647 885 et
1671 853 1802 886 studiis.
1848 852 1925 894 Ipse

130 900 271 943 Keplero
296 904 428 933 narrat:
465 900 551 942 „Nos
576 901 724 943 quotidie
747 903 869 940 gratias
895 902 966 934 Deo
990 902 1030 935 Ο.
1057 901 1101 935 Μ.
1127 904 1274 945 agimus,
1308 902 1397 945 quod
1422 911 1465 933 ex
1489 901 1628 942 antiqua
1651 903 1684 931 et
1707 901 1852 943 equestri
1874 901 1925 932 fa-

132 947 225 980 milia
250 950 314 979 orti
338 949 453 990 simus,
478 958 564 990 quae
594 958 635 980 ex
658 946 840 989 privilegiis
864 952 934 980 tum
958 950 1203 992 Imperatorum,
1228 951 1298 980 tum
1322 951 1527 981 summorum
1549 946 1747 979 Pontificum
1773 953 1926 984 coronam

133 1005 234 1036 super
257 994 425 1034 gentilitia
449 1005 507 1027 sua
531 1005 620 1027 arma
643 998 760 1037 gestat,
786 997 827 1027 ob
853 996 1054 1028 dominatum
1079 997 1137 1028 diu
1161 994 1180 1027 a
1193 997 1374 1036 maJoribus
1403 996 1526 1027 nostris
1549 994 1698 1026 habitum
1721 994 1927 1036 quorundam

131 1041 277 1075 locorum
301 1046 333 1074 et
356 1045 514 1074 terrarum
548 1041 663 1074 Italiae
695 1045 727 1074 et
757 1045 848 1074 extra
875 1042 1017 1075 Italiam.
1067 1042 1211 1075 Comites
1245 1052 1376 1085 qnoque
1400 1040 1551 1074 Palatini
1581 1041 1646 1072 orti
1672 1041 1808 1072 sumus“
1844 1038 1926 1084 (alio

131 1088 204 1121 loco
229 1090 360 1121 scribit:
385 1089 467 1121 haec
494 1107 531 1114 —
559 1090 768 1121 nativitatem
795 1099 888 1121 suam
914 1107 959 1113 —
982 1091 1041 1132 qui
1064 1089 1231 1131 implorat,
1256 1089 1372 1122 Comes
1409 1092 1459 1120 est
1484 1086 1639 1125 Alerani,
1670 1087 1729 1130 qui
1754 1086 1832 1120 olim
1856 1086 1926 1119 Lu-

132 1138 231 1167 tetiae
255 1137 381 1176 primus
405 1136 469 1167 fuit
491 1135 677 1176 theologiae
702 1135 867 1176 professor
889 1136 988 1176 Regis
1013 1137 1147 1168 Henrici
1171 1137 1228 1167 IV.
1262 1137 1387 1178 quique
1425 1133 1534 1168 multa
1565 1142 1624 1175 pro
1660 1131 1831 1175 republica
1852 1143 1927 1174 ges-

131 1183 196 1222 sit),
230 1191 324 1222 „cum
349 1182 579 1221 sigismundus
602 1183 784 1223 Imperator
815 1185 918 1215 totius
941 1187 1073 1215 nostrae
1104 1182 1254 1215 familiae
1287 1182 1455 1223 legitimos
1490 1181 1723 1214 descendentes
1753 1180 1790 1212 ln
1812 1187 1926 1222 perpe-

132 1233 225 1261 tuum
249 1230 440 1270 huJusmodi
464 1228 563 1262 titulo
589 1230 803 1263 decoraverit.
852 1230 916 1263 Sed
941 1233 973 1262 et
997 1229 1114 1262 Comes
1130 1230 1268 1262 Alerani
1292 1239 1350 1269 ego
1376 1231 1466 1263 idem
1493 1238 1566 1261 sum
1589 1236 1631 1260 ex
1653 1228 1849 1260 investitura
1865 1226 1927 1259 Oa-

132 1275 195 1307 roli
219 1277 276 1310 IV.
325 1276 457 1308 Perrexi
481 1278 517 1308 in
541 1276 686 1309 Galliam
722 1280 754 1308 et
776 1286 868 1309 anno
901 1275 943 1311 21
971 1278 1090 1309 aetatis
1114 1277 1227 1308 meae“
1255 1274 1383 1319 (natum
1415 1284 1449 1307 se
1474 1276 1574 1308 refert
1605 1272 1659 1308 14.
1683 1273 1812 1307 Martio
1838 1272 1927 1309 1583

132 1323 293 1362 Venetiis)
322 1323 543 1363 „theologiam
567 1324 704 1355 Parisiis
734 1323 867 1364 publice
890 1325 1056 1364 professus
1081 1333 1168 1355 sum:
1204 1333 1270 1355 non
1296 1326 1453 1364 quaestu,
1489 1331 1558 1354 non
1579 1320 1813 1361 largitionibus
1827 1347 1836 1363 ,
1860 1331 1927 1353 non

135 1379 192 1410 spe
217 1367 358 1410 alicujus
383 1371 441 1413 rei,
468 1371 526 1401 sed
549 1369 621 1402 sola
645 1369 888 1402 adolescentiae
913 1374 1013 1413 atque
1038 1370 1122 1402 adeo
1147 1370 1290 1402 nominis
1306 1369 1421 1410 glorta.
1461 1368 1542 1402 Mox
1561 1378 1583 1400 a
1601 1368 1693 1408 Rege
1707 1366 1852 1400 'Heurico
1868 1367 1928 1402 IV.

132 1417 248 1448 unicus
280 1426 358 1448 suus
392 1425 628 1460 supremusque
659 1417 824 1457 professor
854 1416 1039 1450 declaratus
1075 1420 1107 1449 et
1132 1426 1231 1459 eques
1265 1417 1389 1449 ordinis
1413 1416 1448 1449 S.
1474 1413 1649 1447 michaelis
1677 1416 1808 1447 creatus
1843 1419 1927 1450 sum.

135 1461 228 1494 Alias
252 1463 439 1503 principum
463 1462 558 1495 aulas
582 1463 683 1495 invisi
710 1463 954 1506 celebrioraque
978 1465 1130 1504 Europae
1160 1465 1331 1504 gymnasia
1356 1464 1459 1496 adivi.
1508 1460 1604 1494 Nunc
1633 1462 1673 1493 in
1700 1462 1813 1502 petria
1845 1463 1928 1494 rosi-

133 1509 193 1541 1160
229 1511 274 1540 ab
299 1511 391 1541 omni
414 1508 550 1551 publica
574 1520 652 1542 eura
676 1514 707 1542 et
732 1512 773 1542 ab
799 1512 889 1542 omni
910 1521 1019 1543 rerum
1042 1510 1262 1543 hum‘anarum
1283 1511 1466 1543 ambitione
1482 1507 1624 1551 alienus,
1648 1509 1796 1540 intentus
1818 1508 1927 1542 solum

133 1557 166 1587 in
190 1557 272 1588 meis
297 1557 434 1599 studiis,
467 1566 525 1596 pro
550 1558 671 1599 quibus
697 1560 803 1589 cetera
829 1567 954 1598 semper
978 1561 1172 1598 aspernatus
1197 1566 1280 1590 sum.
1327 1558 1508 1598 Existimo,
1540 1565 1626 1598 quae
1649 1555 1820 1598 hucusque
1844 1556 1925 1599 dixi,

132 1603 292 1635 hactenus
328 1602 396 1635 fore
419 1613 478 1644 pro
504 1607 564 1635 tua
588 1604 627 1635 de
651 1613 703 1635 me
727 1605 868 1647 notitia3
902 1614 981 1636 nam
1006 1606 1035 1636 si
1059 1604 1191 1653 longius
1214 1604 1440 1646 procederem,
1464 1603 1649 1635 modestiae
1671 1603 1754 1634 fines
1777 1602 1926 1635 fortassis

133 1648 332 1682 excederem.
381 1650 471 1682 Scies
497 1659 570 1691 ergo
595 1652 630 1682 in
654 1653 838 1692 posterum,
871 1661 947 1682 cum
971 1661 1036 1693 quo
1061 1654 1098 1683 tu
1122 1660 1190 1683 rem
1213 1659 1323 1692 geres3
1353 1658 1460 1692 neque
1490 1650 1579 1681 enim
1600 1649 1631 1680 is
1668 1650 1718 1680 est
1739 1648 1837 1680 homo
1864 1650 1925 1682 ob-

134 1706 248 1728 scurus
273 1700 305 1728 et
327 1697 495 1737 gregarius
508 1721 516 1736 ,
553 1697 611 1728 sed
634 1696 741 1729 nobili
764 1706 881 1736 genere
905 1701 1003 1729 natus
1027 1701 1060 1730 et
1084 1698 1223 1730 duarum
1245 1697 1366 1733 Italiae
1388 1697 1643 1738 praecipuarum
1667 1695 1839 1727 civitatum
1861 1704 1926 1738 pa-

132 1743 278 1774 tricius“.
327 1744 448 1775 Iisdem
465 1742 747 1784 appellationibus
771 1754 805 1776 se
832 1745 923 1776 effert
947 1744 1114 1776 Blanchus
1138 1745 1173 1776 in
1198 1744 1469 1785 inscriptionibus
1493 1739 1682 1776 libellorum
1706 1741 1925 1786 quorundam,

134 1799 217 1832 quos
243 1790 358 1831 edidit,
382 1791 417 1821 in
443 1799 580 1831 quorum
605 1790 719 1832 aliquo
745 1792 905 1831 originem
929 1791 963 1823 se
986 1792 1113 1823 trahere
1138 1790 1297 1831 gloriatur
1320 1792 1454 1831 astirpe
1475 1787 1740 1822 Comneni‘orum.
1781 1787 1926 1830 cicogna

131 1834 231 1875 (delle
254 1837 444 1868 inscrizioni
468 1838 666 1877 Venetiane)
691 1837 848 1877 affirmat,
873 1839 1081 1881 testimonia,
1108 1847 1193 1879 quae
1217 1837 1383 1869 Blanchus
1407 1834 1573 1876 attulerit,
1597 1835 1642 1868 ad
1666 1835 1925 1869 confirmandam

132 1883 260 1922 generis
286 1884 338 1914 sui
364 1883 570 1923 dignitatem,
598 1882 684 1915 falsa
708 1893 777 1915 esse
803 1894 943 1925 eumque
968 1885 1120 1923 designat
1142 1885 1308 1916 hominem
1331 1879 1454 1915 vanum
1486 1885 1519 1914 et
1541 1880 1768 1924 vaniloquum.
1816 1882 1924 1923 Argu-

131 1932 261 1969 menta,
294 1930 420 1973 inquit,
454 1930 605 1961 Venetiis
631 1933 758 1962 exstare
782 1931 989 1972 firmissima,
1023 1934 1129 1963 ortum
1154 1940 1249 1963 suum
1272 1929 1400 1962 trahere
1433 1938 1451 1961 e
1475 1927 1606 1962 familia
1626 1928 1759 1961 'Veneta
1780 1927 1923 1974 pleb'eja,

132 1977 165 2007 et
185 1979 279 2017 patre
302 1986 399 2008 usum
423 1986 492 2008 esse
517 1977 643 2017 scriba,
668 1978 800 2008 nomine
826 1976 949 2008 Alvise.

250 2033 411 2075 Keplerus
439 2033 556 2074 literis,
581 2034 668 2065 datis
692 2034 801 2066 Lineii
825 2032 895 2065 Gal.
919 2034 1000 2067 Dec.
1026 2033 1126 2075 1618,
1151 2033 1299 2067 Blancho
1315 2035 1404 2075 typis
1426 2033 1642 2066 Harmoniam
1659 2043 1815 2073 excusam
1837 2043 1924 2067 nun-

134 2084 222 2120 016ιέ
246 2082 293 2120 In
323 2081 548 2131 Astrologia
590 2092 669 2120 non
710 2092 878 2131 agnosco
916 2083 1102 2132 genuinas
1138 2083 1232 2121 boni
1275 2086 1315 2121 et
1350 2080 1444 2120 mali
1483 2081 1742 2132 differentias3
1783 2081 1925 2122 sufficit

136 2144 318 2192 aspectus
348 2141 404 2179 sic
434 2138 689 2189 distinguere,
727 2144 771 2178 ut
802 2140 903 2179 alius
933 2139 1011 2179 alio
1053 2145 1250 2191 superetur
1287 2141 1327 2178 in
1358 2139 1550 2188 efficacia,
1589 2139 1639 2178 ab
1667 2138 1736 2179 illo
1764 2139 1923 2190 scilicet,

137 2201 203 2250 qui
233 2198 362 2250 plures
391 2198 510 2237 habet
525 2200 818 2248 praerogativas
849 2198 889 2235 in
913 2197 1285 2264 demonstrabyitate
1305 2203 1344 2238 et
1365 2198 1616 2249 congruentia
1633 2197 1782 2249 figurae
1801 2209 1923 2248 snae3

137 2257 184 2297 de
219 2257 358 2308 quibus
389 2256 504 2295 rebus
535 2267 610 2305 ago
640 2256 739 2295 libro
769 2256 838 2295 IV.
868 2255 1208 2305 Harmonicorum‚
1253 2258 1318 2307 qui
1349 2267 1452 2296 nunc
1487 2266 1650 2296 excusus
1676 2260 1762 2312 ,est3
1804 2257 1843 2295 in
1871 2257 1923 2296 li-

135 2318 204 2356 bro
236 2316 287 2353 V.
325 2313 433 2353 tarde
472 2313 771 2364 progrediuntur
809 2326 961 2365 operae.
1022 2314 1168 2366 Accipe
1209 2315 1274 2354 hic
1308 2316 1473 2366 primum
1502 2314 1588 2364 ejus
1630 2311 1767 2354 folium
1807 2311 1922 2366 idque

135 2386 220 2414 cum
252 2371 475 2423 bibliopolis
511 2372 562 2411 ad
598 2372 752 2423 publice
795 2372 1073 2413 ostendendum
1112 2375 1370 2422 communica,
1416 2384 1621 2423 meumque
1659 2372 1735 2413 hoc
1764 2384 1921 2424 operum

134 2433 210 2472 Dei
242 2431 491 2482 praeconium
522 2430 678 2480 adjuva,
710 2435 753 2469 ut
784 2431 1018 2482 exemplaria
1049 2443 1163 2481 quam
1182 2434 1346 2482 primum
1369 2432 1696 2471 communicentur
1725 2439 1811 2470 cum
1829 2431 1921 2483 plu-

135 2491 242 2529 ribus
276 2489 413 2539 dignis.
474 2487 663 2528 Tradetur
693 2492 817 2528 totum
856 2501 952 2540 opus
983 2486 1220 2540 bibliopolae
1251 2485 1587 2530 Francosordiensi
1621 2484 1920 2541 distrahiturque

140 2550 238 2588 inter
267 2545 525 2598 bibliopolas,
557 2549 622 2596 qui
652 2551 788 2598 postea
818 2548 943 2597 pretia
971 2548 1008 2585 in
1041 2549 1269 2588 immensum
1298 2547 1524 2598 intendunt;
1564 2549 1621 2587 ita
1647 2546 1692 2586 fit
1722 2551 1767 2586 ut
1794 2549 1920 2588 minus
1962 2558 1963 2561 ’

136 2609 315 2657 frequens
346 2608 396 2644 sit
426 2605 510 2654 ejus
539 2604 677 2653 lectio,
709 2608 850 2657 quippe
881 2606 1091 2645 latentibus
1119 2607 1159 2644 in
1189 2607 1359 2646 tabernis
1391 2606 1673 2657 exemplaribus
1701 2617 1773 2655 epe
1800 2605 1918 2656 lucri3

134 2677 260 2716 neque
291 2674 363 2714 ego
397 2663 602 2703 connivere
632 2674 803 2714 possum,
834 2667 878 2702 ut
905 2663 1137 2704 recudantur
1166 2665 1208 2703 in
1228 2665 1356 2715 Italia,
1386 2676 1463 2703 non
1483 2663 1691 2704 divenditis
1721 2665 1780 2711 iis,
1812 2675 1912 2715 quae

140 2727 291 2763 exstant
320 2723 361 2759 in
392 2719 609 2771 Germania,
640 2722 716 2760 nisi
744 2733 806 2761 me
836 2723 962 2772 ipsum
992 2723 1199 2772 impensis,
1231 2735 1328 2772 quas
1358 2735 1519 2773 magnas
1549 2721 1735 2769 sustineo,
1765 2723 1918 2772 privare

137 2781 266 2821 velim.
326 2780 562 2828 Praestaret‚
598 2780 683 2830 jam
710 2781 843 2819 statim
871 2791 940 2830 per
968 2785 1198 2821 mercatores
1239 2782 1278 2818 in
1309 2780 1400 2820 aula
1431 2781 1624 2821 Caesarea
1653 2778 1813 2819 Italicos
1840 2779 1918 2819 ali-

138 2851 251 2889 quem
296 2847 496 2877 numerum
531 2839 572 2877 in
603 2837 758 2878 Italiam
795 2840 1068 2888 transportari,
1112 2839 1370 2879 intercedente
1405 2842 1606 2891 praesente
1644 2838 1811 2888 pecunia
1848 2841 1918 2877 aut

138 2898 345 2947 sponsione
373 2895 524 2935 idonea.

251 2953 412 2994 Videbis
454 2952 522 2993 illo
562 2953 660 2993 libro
690 2950 759 2991 IV.
795 2951 1084 2993 fundamentum
1125 2954 1378 2995 directionum
1414 2952 1589 2994 naturale
1633 2963 1681 2992 ex
1710 2962 1796 2992 mea
1825 2959 1916 2992 sen-

139 3013 270 3060 tentia,
303 3024 349 3051 ex
380 3023 455 3063 quo
485 3013 657 3051 nascitur
686 3010 823 3051 modus
854 3010 1041 3063 dirigendi
1071 3012 1211 3052 mixtus
1247 3026 1294 3054 ex
1326 3014 1503 3053 omnibus
1533 3011 1720 3051 hacteuus
1748 3010 1913 3051 usitatis.

139 3070 189 3109 Et
218 3070 309 3121 quia
337 3071 378 3108 in
406 3070 506 3112 hane
535 3071 768 3111 mentionem
798 3069 935 3120 incidi,
966 3069 1075 3111 lubet
1102 3071 1314 3123 periculum
1342 3072 1468 3112 facere
1498 3066 1783 3122 promtitndinis
1812 3071 1914 3119 tuae,
