1994 3276
165 96 249 134 482
837 94 879 130 In
903 93 1136 130 Harmoniam
1161 92 1290 129 Mundi

166 209 239 244 odii
271 218 391 252 causa,
428 209 493 245 sed
522 213 734 255 praetextus
763 209 856 255 juris
889 215 978 246 erat.
1028 210 1123 247 Olim
1157 210 1278 256 ipsum
1313 213 1422 255 atque
1455 209 1698 257 Wielandium
1726 211 1967 256 prodideram.

164 263 243 308 Ego
274 273 360 299 vero
393 262 483 308 ipsis
509 273 606 299 eram
639 263 805 308 supplex,
836 268 877 299 ut
911 269 947 300 et
977 264 1254 309 Ziegelheusero
1274 264 1411 309 (pastori
1435 265 1620 298 Wildbadii
1645 266 1758 310 1594).
1805 264 1967 302 Kollinus

164 317 335 358 (Magister
361 319 467 361 1590,
498 318 615 350 Pastor
637 318 792 350 Blabirae
819 320 922 360 1592,
947 317 1153 359 Adelbergae
1181 317 1282 361 1606)
1317 325 1374 350 me
1397 326 1470 351 non
1493 315 1636 360 oderat,
1673 316 1738 352 ned
1761 326 1829 362 ego
1850 317 1969 364 ipsum

166 368 301 413 potius.
352 368 470 404 Semel
495 369 590 403 enim
614 368 703 403 inita
727 366 867 404 inecum
893 369 1066 415 amicitia,
1099 374 1276 415 perpetuo
1301 379 1442 405 mecum
1471 367 1665 404 contendit.
1713 367 1793 414 Ego
1825 371 1969 416 quidem

163 421 234 466 ipsi
267 432 451 467 nunquam
483 421 701 458 malefacere
739 421 879 465 studui,
915 422 979 458 sed
1011 422 1158 458 oderam
1187 422 1302 467 ipsius
1343 420 1662 457 conversationem.
1721 422 1839 460 Causa
1867 424 1971 469 justa

163 473 250 519 fuit,
287 475 390 521 quia,
427 474 548 520 quoad
584 473 771 519 affectum,
805 474 888 520 plus
924 485 1032 519 quam
1067 475 1242 510 amatoria
1275 475 1364 517 fuit,
1401 473 1521 520 quoad
1555 475 1684 521 opera,
1722 487 1832 523 pura,
1868 476 1968 512 nullo

164 528 408 564 contaminata
442 527 591 574 flagitio.
650 528 733 563 Non
767 527 838 562 alia
871 538 952 562 cum
992 527 1066 562 ullo
1097 528 1214 563 acrior
1250 531 1314 563 aut
1349 526 1550 563 diuturnior
1583 528 1779 565 contentio.
1808 529 1970 566 'Braun-

162 580 345 616 baumium
372 582 470 625 (Mag.
505 584 593 615 1590
632 583 774 622 „defecit
809 583 851 614 ad
876 581 1076 615 Calvinistas
1105 583 1364 623 Heidelbergae,
1400 586 1498 615 mort.
1540 581 1663 626 1598„)
1689 591 1735 616 ex
1752 581 1866 618 amico
1883 582 1971 618 mihi

163 633 321 669 reddidit
344 633 525 669 infensum
548 633 742 679 ipsumque
766 633 853 668 mihi
876 633 1012 678 pariter
1035 643 1115 669 mea
1138 643 1277 668 morum
1302 636 1339 668 et
1364 631 1513 668 ludendi
1535 631 1695 680 lascivia,
1721 644 1766 669 ex
1792 644 1868 680 quo
1889 639 1969 671 orta

163 686 234 722 fuit
258 686 437 732 utrimque
461 686 601 731 injusta
625 686 858 732 permutatio,
887 697 957 731 qua
981 697 1054 722 una
1077 696 1117 722 re
1140 685 1453 721 vehementissime
1478 683 1650 720 offendor.

272 739 520 775 Huldericum
544 750 566 775 a
590 750 647 775 me
675 739 894 775 abalienavit
919 739 1074 784 primum
1097 749 1171 775 non
1196 742 1340 774 servata
1355 737 1446 774 fides
1473 741 1510 774 et
1533 748 1613 774 mea
1635 738 1821 775 temeritas
1848 739 1885 775 in
1910 730 1971 776 ex-

163 791 380 838 probrando.
429 791 571 827 Seifferi
595 791 718 827 odium
750 795 880 836 sponte
906 791 1067 837 suscepi,
1099 791 1183 837 quia
1208 790 1361 827 oderant
1391 791 1511 836 ipsum
1535 795 1571 828 et
1593 791 1741 838 reliqui,
1779 792 1970 840 ipsumque

162 845 328 881 lacessivi
352 844 452 880 nulla
475 849 693 890 provocatus
718 844 861 889 injuria.
912 845 1111 890 Ortolphus
1136 855 1194 880 me
1226 844 1370 890 oderat,
1403 848 1446 880 ut
1471 854 1538 890 ego
1562 844 1767 890 Kffllinum,
1798 855 1970 891 cumego

163 899 284 944 ipsum
308 901 435 934 contra
458 907 633 942 amarem,
668 896 732 932 sed
756 895 947 942 multiplex
977 897 1068 933 haec
1092 897 1162 933 fuit
1193 897 1388 934 contentio,
1436 897 1529 934 Nam
1553 901 1591 933 et
1613 897 1728 943 ipsius
1760 893 1970 936 aemulabar

163 951 391 996 industriam,
425 955 460 986 et
480 950 658 995 Judicium
688 960 781 995 pene
812 949 1018 986 invidebam
1049 955 1086 986 et
1117 949 1398 987 exardescebam
1435 953 1563 987 contra
1593 949 1690 986 illius
1721 949 1972 987 maledicentia

164 1007 202 1039 et
226 1003 493 1048 suspicacitate.
541 1002 739 1039 Universos
766 1012 874 1047 saepe
899 1003 936 1038 in
960 1013 1018 1039 me
1043 1003 1222 1040 concitavi
1243 1014 1324 1039 mea
1350 1002 1473 1049 culpa,
1505 1002 1733 1049 Adelbergae
1755 1003 1970 1050 proditione,

163 1056 405 1102 Mulpronnae
431 1054 642 1092 defensione
668 1054 852 1100 Graeteri,
878 1055 1065 1102 Tubingae
1090 1056 1224 1092 silentii
1246 1055 1406 1092 violenta
1429 1055 1626 1101 rogatione.
1675 1055 1894 1093 Lendlinum
1916 1056 1972 1092 in-

165 1113 250 1155 epta
275 1109 482 1155 scriptione,
509 1107 844 1155 Spangenbergium
868 1108 970 1159 (Mag.
997 1113 1096 1150 1591)
1121 1109 1312 1146 temeraria
1336 1108 1570 1153 correctione,
1597 1119 1678 1145 cum
1701 1108 1734 1145 is
1756 1114 1973 1156 praeceptor

165 1167 274 1198 esset.
324 1163 497 1199 Cleberus
516 1162 614 1207 (Mag.
642 1165 742 1206 1591,
767 1166 883 1204 pastor
909 1163 1011 1207 1596)
1036 1162 1129 1199 falsa
1154 1162 1555 1209 suscepta‘suspicione
1577 1173 1634 1199 me
1653 1165 1694 1197 ut
1715 1161 1864 1198 rivalem
1888 1161 1972 1199 ode-

163 1218 237 1261 rat,
272 1225 353 1251 cum
377 1220 486 1252 antea
516 1215 679 1260 impense
704 1218 853 1250 amarat.
901 1214 991 1250 Inde
1016 1225 1203 1251 accessere
1227 1226 1309 1251 mea
1333 1216 1406 1252 oris
1431 1215 1635 1261 petulantia
1664 1220 1702 1251 et
1734 1214 1830 1251 illius
1854 1214 1971 1252 moro-

166 1268 266 1304 sitas.
315 1267 419 1304 Unde
445 1268 590 1314 saepius
615 1267 653 1303 in
677 1277 734 1302 me
758 1266 883 1313 irruit,
922 1267 1098 1314 colaphos
1127 1267 1322 1304 intentans.
1372 1267 1634 1304 Rebstockium
1658 1269 1758 1314 (Mag.
1785 1269 1886 1314 1589)
1911 1269 1972 1305 sti-

164 1319 314 1357 mulavit
337 1320 407 1356 mei
431 1320 511 1356 laus
535 1320 680 1366 ingenii,
709 1319 792 1356 dein
814 1318 961 1366 levitas,
997 1321 1083 1366 quia
1105 1320 1143 1355 in
1166 1330 1286 1356 meum
1309 1324 1498 1366 parentem
1521 1320 1655 1366 probra
1678 1321 1846 1367 conjecit.
1893 1321 1973 1357 Hoc

166 1384 233 1419 ego
259 1373 401 1410 ulturus
426 1373 463 1410 in
490 1373 685 1419 superiori,
725 1372 851 1418 plagas
877 1372 1012 1418 accepi.
1061 1372 1234 1408 Huselius
1259 1373 1357 1418 (Mag.
1385 1376 1486 1418 1592)
1512 1373 1619 1408 etiam
1642 1373 1731 1410 meis
1756 1373 1897 1411 obstitit
1919 1372 1972 1409 in-

166 1426 375 1472 crementis;
408 1425 445 1462 in
476 1426 544 1461 hos
574 1425 676 1461 nulla
706 1435 787 1461 mea
817 1430 938 1462 exstat
968 1426 1109 1471 injuria.
1158 1426 1246 1462 Cum
1277 1427 1447 1462 Daubero
1480 1431 1579 1468 (1591
1615 1439 1690 1462 cum
1720 1428 1876 1473 Κοριοιτο,
1910 1426 1973 1469 qui

166 1481 313 1513 obtinuit
335 1479 445 1511 locum
470 1481 508 1524 2,
550 1481 708 1520 magistro
735 1484 862 1523 croam,
895 1480 958 1514 loc.
986 1484 1029 1521 6.)
1054 1480 1122 1516 fuit
1146 1479 1289 1516 occulta
1313 1479 1476 1515 simultas
1503 1485 1540 1516 et
1563 1479 1767 1525 aemulatio,
1791 1479 1972 1526 utrimque

166 1541 259 1577 pene
291 1530 464 1575 aequalis.
513 1531 735 1576 Propensior
767 1536 888 1567 tamen
921 1532 1001 1577 ipse
1033 1534 1079 1569 ad
1113 1533 1294 1578 injuriam.
1342 1533 1553 1568 Lorhardus
1579 1532 1677 1577 (Mag.
1705 1533 1810 1577 1690)
1833 1541 1972 1568 mecum

166 1594 240 1618 non
264 1583 550 1620 communicavit.
601 1583 821 1619 Aemulabar
844 1583 964 1628 ipsum
989 1596 1067 1632 ego,
1094 1586 1159 1622 sed
1177 1585 1247 1621 hoc
1270 1595 1338 1621 nec
1354 1584 1414 1621 ille
1431 1585 1547 1632 scivit,
1571 1595 1639 1622 nec
1659 1585 1851 1632 quisquam
1867 1584 1971 1620 alius.

166 1636 330 1672 Tandem
355 1637 440 1682 quia
464 1637 657 1672 Dauberus
682 1636 769 1672 mihi
794 1637 1094 1682 postponebatur,
1122 1649 1229 1683 quem
1252 1637 1332 1683 ipse
1355 1637 1540 1685 praetulit,
1565 1649 1623 1674 me
1647 1637 1768 1674 odisse
1792 1634 1912 1683 coepit
1935 1641 1974 1673 et

165 1690 288 1727 nocuit
311 1690 410 1735 mihi,
438 1694 515 1725 erat
540 1690 635 1725 enim
661 1690 838 1735 superior.
885 1689 1021 1724 Postea
1050 1699 1130 1725 mea
1153 1689 1390 1735 protervitate
1420 1689 1518 1736 apud
1547 1694 1720 1736 cognatos
1745 1689 1972 1736 Malu-ingen-

166 1755 224 1780 ses
254 1743 407 1780 subinde
442 1744 481 1779 in
516 1743 835 1788 reprehensionem
870 1741 1013 1777 incurri.
1062 1741 1224 1777 Tandem
1260 1753 1341 1779 cum
1375 1753 1496 1780 comes
1528 1754 1632 1780 meus
1655 1744 1832 1788 Jaegerus
1863 1741 1971 1780 fidem

165 1805 283 1831 meam
307 1795 508 1842 fefellisset,
533 1795 622 1831 mihi
646 1794 880 1839 mentiretur,
906 1792 1060 1829 multum
1085 1793 1130 1830 de
1153 1804 1234 1830 mea
1257 1796 1412 1840 pecunia
1434 1795 1658 1842 prodigeret,
1680 1795 1835 1842 suscepi
1857 1794 1971 1842 offen—

171 1848 307 1884 sionem
340 1848 542 1884 biennalem
579 1858 730 1893 eamque
757 1846 998 1883 stomachosis
1030 1846 1146 1883 literis
1186 1847 1328 1884 abunde
1355 1847 1511 1885 exercui.
1559 1849 1704 1884 Interea
1726 1853 1856 1885 nactus
1893 1858 1972 1884 sum

169 1901 280 1936 alium
304 1901 447 1937 hostem
471 1901 675 1936 Rectorem.
727 1900 845 1935 Causa
870 1899 962 1945 odii,
994 1900 1092 1946 quod
1123 1900 1271 1937 videbar
1294 1901 1414 1947 ipsum
1445 1906 1486 1938 ut
1510 1901 1761 1947 magistratum
1784 1912 1858 1938 non
1882 1902 1971 1938 satis

166 1953 345 1989 honorare
364 1958 401 1989 et
415 1952 530 1998 ipsius
547 1952 682 1998 placita
698 1951 874 1988 refellere.
910 1953 1038 1997 Itaque
1056 1953 1184 1989 mirum
1196 1953 1233 1989 in
1245 1954 1390 1990 modum
1402 1964 1460 1990 me
1474 1954 1676 1999 exagitavit.
1712 1955 1792 2000 Ego
1809 1965 1831 1991 a
1846 1959 1970 1992 mutuo

167 2005 311 2051 quidem
324 2005 422 2041 facto
438 2005 646 2050 temperavi,
666 2004 730 2039 sed
747 2009 867 2039 tamen
885 2005 1019 2049 passim
1037 2005 1272 2043 offensionem
1289 2013 1325 2043 et
1341 2007 1490 2053 injurias
1507 2017 1579 2043 non
1595 2007 1736 2043 reticui.
1772 2007 1971 2044 Murarium

168 2059 264 2103 (Mag
285 2059 388 2102 1591)
413 2057 659 2092 adversarium
677 2057 831 2102 suscepi,
846 2057 942 2102 quia,
956 2061 1040 2092 ante
1056 2058 1127 2104 ipsi
1145 2070 1226 2095 cum
1238 2059 1512 2105 benefecissem,
1538 2059 1650 2095 sumsi
1666 2059 1752 2095 mihi
1767 2058 1972 2096 libertatem

166 2109 286 2155 ipsum
309 2109 609 2155 reprehendendi,
634 2109 740 2155 quasi
763 2109 800 2144 id
822 2110 905 2154 ,iure
929 2121 1084 2156 possem.
1136 2110 1357 2156 Speidelius,
1381 2111 1514 2147 rectori
1539 2121 1620 2146 cum
1646 2111 1825 2158 crederet,
1856 2121 1972 2147 meam

168 2162 352 2198 fortunam
385 2161 607 2197 labefactare
639 2162 760 2206 coepit
793 2161 860 2197 sub
893 2163 1109 2198 auctoritate
1141 2162 1412 2199 ordinariorum.
1459 2164 1548 2199 Post
1583 2156 1810 2200 matrimonio
1847 2168 1972 2211 aperte

169 2214 322 2258 restitit,
359 2216 539 2260 πλεονεξιᾳ
564 2214 737 2260 quadam3
763 2225 847 2250 nam
870 2206 1014 2251 viduam
1037 2215 1115 2261 ipse
1141 2227 1221 2251 cum
1246 2215 1524 2261 amplificatione
1549 2227 1636 2253 suae
1661 2217 1799 2263 gratiae
1823 2217 1972 2253 arbitrio

168 2268 315 2313 proprio
341 2267 546 2303 elocaturus
572 2271 609 2302 et
632 2265 848 2302 benefacere
874 2267 983 2303 charo
1011 2267 1118 2303 alicui
1142 2267 1266 2303 voluit
1314 2268 1391 2304 Nec
1414 2279 1487 2317 non
1522 2273 1557 2305 et
1583 2268 1713 2305 viduae
1736 2268 1864 2306 melius
1889 2280 1971 2305 con-

169 2320 304 2356 sultum
335 2320 515 2366 cupiebat.
563 2319 725 2355 Zeilerus
761 2323 833 2364 est,
859 2319 896 2354 in
930 2330 1037 2364 quem
1067 2320 1221 2356 maxime
1253 2320 1373 2356 exarsi
1398 2320 1566 2357 omnium.
1615 2322 1731 2359 Causa
1767 2322 1969 2370 multiplex.

170 2373 291 2409 Prima
317 2374 436 2419 origo,
474 2373 570 2418 quod
594 2372 792 2408 insolenter
822 2383 1034 2418 usurparem
1059 2372 1184 2408 uxoris
1207 2373 1322 2418 ipsius
1346 2372 1453 2409 bona.
1501 2372 1557 2409 Ibi
1574 2373 1653 2419 jam
1681 2372 1742 2411 ille
1765 2374 1854 2410 mihi
1878 2374 1972 2412 cola-

169 2424 263 2470 phos
286 2426 538 2462 meditabatur.
586 2426 679 2461 Mihi
704 2435 815 2461 causa
834 2425 954 2470 justa,
978 2423 1102 2460 uxoris
1127 2424 1247 2460 dotem
1270 2429 1405 2471 petere,
1430 2426 1559 2463 modus
1583 2426 1678 2463 forte
1704 2427 1822 2464 minus
1846 2427 1971 2465 huma-

169 2488 257 2523 nus,
288 2479 429 2514 irritare
454 2478 623 2524 petendo.
671 2478 740 2514 Ille
777 2488 862 2514 vero
896 2477 1076 2523 injustus,
1111 2477 1173 2523 qui
1196 2482 1390 2523 utrumque
1413 2479 1580 2524 negabat.
1628 2479 1688 2516 Ex
1712 2490 1756 2516 eo
1787 2489 1973 2516 accessere

169 2530 322 2575 injuriae
351 2543 524 2573 uxorum,
556 2541 637 2567 mea
666 2531 807 2567 dicendi
837 2530 1125 2576 intemperantia.
1173 2531 1308 2566 Postea
1347 2531 1399 2566 rei
1425 2532 1638 2578 compositio
1666 2532 1749 2579 ipsa
1776 2531 1971 2579 plurimum

170 2583 317 2628 adjuvit.
370 2583 640 2619 Demonstravit
670 2582 733 2619 ille
769 2583 988 2627 singularem
1019 2583 1236 2628 πλεονεξιαν,
1269 2593 1334 2628 ego
1360 2584 1579 2630 singularem
1602 2585 1692 2621 iram
1723 2588 1849 2621 contra
1884 2594 1973 2621 eam.

172 2635 260 2670 Cum
284 2635 440 2672 Mullero
465 2645 596 2671 causae
622 2634 780 2670 eaedem.
828 2633 929 2670 Illius
965 2634 1098 2680 injuria
1127 2634 1164 2670 in
1189 2645 1246 2670 me
1271 2637 1531 2674 contemnendo
1561 2637 1619 2673 vel
1643 2635 1841 2683 carpendo,
1878 2646 1972 2682 quae

169 2697 287 2723 meam
310 2699 377 2734 per
401 2689 607 2734 opinionem
631 2687 747 2732 maj0r
771 2686 850 2732 fuit,
877 2697 985 2731 quam
1007 2696 1047 2722 re
1070 2686 1160 2732 ipsa.
1207 2686 1338 2723 Filiam
1362 2684 1564 2735 privignam
1579 2689 1754 2725 seducere
1778 2692 1815 2725 et
1838 2687 1971 2725 abalie-

171 2751 257 2776 nare
281 2740 439 2776 volebat.
488 2741 567 2775 Hoc
593 2739 796 2785 pertinebat
821 2740 867 2775 ad
890 2750 1005 2775 meam
1022 2739 1203 2785 inJ'uriam,
1231 2745 1357 2776 contra
1382 2751 1448 2786 ego
1466 2742 1540 2777 irae
1558 2740 1754 2778 acerbitate
1777 2740 1969 2787 provocavi

169 2792 298 2837 ipsum,
323 2796 364 2828 ut
373 2792 461 2827 mihi
478 2797 638 2828 extrema
655 2801 820 2837 quaeque
832 2791 1070 2829 minitaretur.
1108 2792 1196 2828 Cum
1214 2791 1325 2829 fratre
1344 2804 1453 2830 causa
1465 2795 1565 2830 rixae
1577 2794 1692 2840 primo
1704 2792 1819 2839 ipsius
1831 2791 1970 2828 vanitas

170 2854 331 2890 morum,
365 2844 494 2880 deinde
527 2854 607 2880 mea
642 2842 928 2889 reprehendendi
964 2844 1097 2890 libido,
1135 2845 1252 2890 ipsius
1288 2847 1478 2883 immodica
1512 2847 1718 2893 postulata,
1756 2854 1837 2882 mea
1868 2848 1970 2880 tena-

172 2896 274 2931 citas.
322 2871 456 2932 ’Ultimo
482 2896 652 2934 Crellium
677 2896 802 2940 religio
827 2905 849 2931 a
871 2906 928 2931 me
955 2896 1091 2942 dividit,
1118 2898 1181 2933 sed
1197 2898 1305 2934 fidem
1321 2898 1429 2944 fregit
1446 2899 1563 2935 etiam.
1612 2899 1706 2935 Hinc
1732 2897 1802 2943 ipsi
1817 2897 1968 2933 irascor.

171 2946 278 2983 Faxit
303 2949 402 2985 Deus
426 2953 467 2984 ut
493 2950 563 2985 iste
587 2949 635 2985 sit
658 2948 817 2985 ultimus.
865 2948 992 2993 Itaque
1017 2959 1148 2985 causae
1179 2950 1311 2995 partim
1335 2950 1372 2986 iu
1397 2960 1471 2996 me,
1501 2951 1632 2998 partim
1659 2951 1696 2986 in
1720 2950 1873 2986 fortuna.
1924 2949 1968 2985 In

171 3008 228 3033 me
251 3000 315 3044 ira,
339 3001 571 3037 intolerantia
594 3001 851 3046 taediosorum,
875 3005 1044 3046 proterva
1067 3003 1222 3038 vexandi
1245 3002 1373 3048 libido,
1399 3007 1441 3038 ut
1466 3008 1502 3039 et
1522 3002 1679 3048 jocandi,
1708 2997 1862 3047 denique
1887 3012 1969 3038 cen-

172 3051 289 3088 soriae
311 3054 612 3100 praesumtiones,
639 3064 721 3090 cum
744 3053 922 3089 neminem
947 3063 1019 3089 non
1043 3054 1316 3099 reprehendam.
1366 3056 1409 3092 In
1432 3054 1578 3092 fortuna
1601 3056 1672 3091 hoc
1697 3057 1763 3100 est,
1789 3059 1829 3091 ut
1852 3054 1968 3101 ipsam
