1994 3276
131 45 216 86 616
631 37 677 75 In
698 27 990 82 Stereometiiam
1011 36 1200 76 Doliorutn
1220 38 1425 87 Appendix.

130 162 283 194 mismata
306 160 473 200 advenire,
498 167 586 202 quae
610 159 677 191 sibi
701 161 816 191 mutuo
841 157 987 199 pondere
1008 159 1245 200 respondeant.
1290 161 1370 200 Pag.
1395 162 1480 195 356:
1513 161 1596 195 Oum
1628 172 1670 196 ex
1694 173 1794 206 quam
1815 165 1923 206 pluri-

130 209 194 241 mis
218 208 328 239 aeneis
352 207 581 248 argenteisque
605 206 768 247 monetis,
793 214 878 248 quas
903 206 1039 238 solerter
1063 206 1300 254 appenderam,
1323 208 1434 241 nullos
1458 211 1652 264 reperissem
1672 212 1763 252 justo
1785 211 1925 252 ponderi

131 254 347 296 respondere,
370 254 459 285 binis
483 257 595 285 tamen
620 252 791 284 drachmis
807 252 1054 293 respondebant
1086 262 1127 284 ex
1151 262 1257 296 aequo
1281 255 1393 295 plures
1425 257 1560 293 seorsim
1584 257 1686 289 aurei.
1732 258 1814 298 Pag.
1840 259 1923 292 364:

273 301 329 332 Fit
351 301 455 338 igitur
478 300 626 341 planum,
653 302 805 330 staterem
839 299 968 330 duobus
994 299 1215 344 didrachmis,
1241 301 1274 332 h.
1299 311 1327 334 e.
1351 302 1593 336 tetradraehmo
1616 298 1789 347 aequalem
1813 306 1925 339 ruisse.

130 349 209 388 Pag.
228 346 314 382 396:
340 347 529 380 Statuamus
552 347 616 378 hoc
639 346 791 389 primum,
819 346 1045 379 Hebraeorum
1061 345 1188 381 siclum
1209 349 1324 380 statori
1340 358 1399 380 seu
1414 350 1652 384 tetradrachmo
1670 351 1783 384 Attico
1799 361 1924 395 aequa-

131 396 198 427 lem
221 394 340 437 fuisse,
366 403 428 425 nec
451 403 519 425 non
543 393 716 427 Romanae
741 393 951 426 semiunciae.

252 461 286 505 8)
310 469 387 504 pag.
415 463 492 494 593.
538 462 703 503 Keplerus
720 462 979 503 Archiepiscopo
996 464 1136 496 Ernesto
1162 465 1410 497 commendatus
1428 468 1478 498 est
1493 466 1534 498 ab
1551 466 1732 508 Herwarto,
1757 467 1816 508 qu'i
1830 461 1926 501 illum

134 512 187 544 his
213 510 385 543 certiorem
407 508 488 541 facit
510 509 610 549 hujus
637 509 947 541 commendationis.

342 557 572 600 Ehrenvester,
596 556 696 588 Hoch
718 557 788 588 vnd
811 556 1060 599 Wohlgelerter,
1086 557 1221 590 sonders
1244 558 1349 590 lieber
1371 559 1439 591 vnd
1461 562 1555 600 guter
1577 560 1719 594 Freund.

249 604 390 636 Dieweil
417 604 471 634 ich
494 604 546 634 nit
569 613 651 643 geru·
675 603 747 635 eine
765 602 979 643 Gelegenheit
1002 605 1179 644 vergebens
1204 606 1350 644 abgehen
1375 606 1484 638 lassen
1509 604 1629 648 wenta,
1655 607 1751 640 dabei
1773 607 1828 640 ich
1853 609 1927 642 dem

133 651 245 684 Herm
270 653 371 682 etwas
396 651 596 690 gratificiren
621 651 756 691 kiinnte,
781 650 850 681 vnd
874 650 931 681 der
954 651 1038 682 Hert
1063 650 1236 683 Churfiirst
1258 661 1324 683 von
1342 651 1434 695 Gelu,
1459 653 1511 685 als
1535 654 1589 685 ein
1609 654 1798 686 Liebhaber
1820 665 1928 688 rerum

134 698 440 731 mathematicarum
473 697 557 728 nach
589 698 676 736 Prag
708 698 861 728 kommen
893 697 996 740 wird,
1031 698 1098 729 hab
1129 699 1183 730 ich
1220 700 1344 730 seinem
1369 699 1626 734 Geheimenrath
1661 701 1772 734 Herm
1803 702 1927 734 Lorenz

134 746 276 777 Wenzin
301 754 360 775 zue
384 743 577 775 Rollesdorf
597 745 652 775 ein
676 743 856 776 Schreiben
881 753 925 775 an
950 744 1013 775 den
1029 738 1147 787 Herm,
1174 754 1210 776 so
1235 755 1270 776 er
1285 746 1353 777 Ime
1377 748 1580 787 prasentiren
1604 747 1696 788 wird,
1717 749 1927 788 mitgetheilt.

134 792 248 825 Durch
275 791 453 823 denselben
478 791 561 822 wir-d
585 791 655 822 sich
680 790 737 821 der
761 790 845 821 Herr
867 791 932 831 bey
957 790 1029 822 dem
1054 791 1160 823 Herm
1184 790 1399 825 Ghurfiirsten
1433 803 1486 826 am
1508 795 1623 827 besten
1647 795 1833 851 insinuiren
1861 796 1928 828 vnd

134 849 202 872 was
228 839 299 871 sich
322 838 406 869 thun
429 837 528 878 lasst,
555 838 707 877 erlangen
730 838 858 876 mogon.

257 886 385 918 Dessen
408 885 474 916 hab
499 885 554 916 ich
579 885 640 916 den
667 884 774 915 Herrn
799 885 940 916 avisiren
963 883 1081 916 wellen
1105 884 1173 916 vnd
1196 886 1286 917 bleib
1311 888 1372 922 etc.

335 932 463 963 Datum
486 931 651 963 Miincben
677 930 741 962 den
765 931 820 962 21.
843 930 926 964 Nov
954 933 1054 964 1605.

253 978 353 1011 Hanc
378 978 542 1010 Herwarti
566 977 886 1009 commendationem
911 987 979 1009 nou
1003 979 1131 1009 irritam
1156 980 1269 1018 fuisse,
1293 980 1373 1012 haec
1395 982 1561 1013 testantur
1571 982 1707 1023 Kepleri
1729 983 1841 1023 verba,
1869 983 1928 1015 de-

129 1030 239 1061 sumta
263 1036 305 1058 ex
328 1026 445 1068 literis,
471 1025 504 1058 d.
527 1026 578 1057 13.
597 1025 676 1058 Jan.
697 1025 797 1057 1606.
823 1024 864 1056 ad
882 1025 1086 1056 Herwartum
1105 1026 1204 1070 datis,
1229 1035 1368 1069 quarum
1393 1029 1551 1068 majorem
1574 1031 1702 1069 partem
1719 1030 1930 1062 exhibuimus

131 1076 197 1107 vol
225 1073 283 1106 IV.
309 1082 343 1114 p.
370 1073 414 1104 90
439 1082 483 1104 a:
524 1069 612 1105 Cum
644 1069 720 1114 ‚iam
751 1068 944 1105 defunctus
975 1079 1057 1105 esse
1087 1070 1183 1106 omni
1195 1052 1339 1108 labore
1372 1072 1529 1116 viderer,
1564 1083 1650 1109 ecce
1681 1074 1930 1110 Coloniensem

137 1126 355 1170 Electorem,
381 1122 443 1169 qui
465 1132 523 1157 me
547 1123 614 1167 p‘er
638 1121 823 1157 octiduum
846 1121 1001 1166 amplius
1027 1124 1190 1160 exercuit
1213 1125 1248 1160 in
1270 1126 1482 1170 quaestione
1498 1125 1751 1164 mathematica
1781 1126 1929 1165 donata-

132 1189 217 1225 que
228 1187 338 1214 aurea
362 1177 420 1213 sui
442 1175 598 1220 imagine
622 1184 703 1209 cum
728 1171 860 1219 poculo
885 1173 992 1210 trium
1018 1187 1219 1213 marcarum
1244 1178 1498 1216 necessitatem
1521 1179 1609 1216 mihi
1621 1180 1804 1226 imposuit,
1828 1180 1928 1216 iden-

132 1232 246 1268 tidem
271 1228 380 1265 officii
405 1238 516 1264 causa
540 1225 770 1272 comparendi
774 1253 922 1262 .....
963 1228 1150 1274 Respondi
1184 1230 1229 1266 ad
1253 1230 1378 1266 literas
1404 1231 1435 1267 6.
1461 1230 1553 1276 Aug.
1578 1236 1615 1268 et
1639 1233 1673 1269 1.
1697 1232 1784 1268 Dec.
1795 1258 1806 1277 ‚
1839 1242 1930 1277 quas

132 1286 412 1331 praecesserunt
436 1281 492 1317 21.
517 1280 610 1315 Nov.
635 1278 829 1324 prodromi,
855 1278 986 1323 quibus
1009 1281 1246 1327 indicabatur,
1271 1293 1328 1318 me
1352 1283 1419 1319 has
1443 1283 1577 1330 literas,
1603 1285 1636 1321 1.
1652 1284 1741 1321 Dec.
1767 1284 1930 1330 scriptam,

132 1348 163 1374 a
177 1338 222 1372 D.
240 1333 454 1371 Wencelino
479 1337 722 1378 accepturum.
770 1332 807 1367 Is
831 1341 929 1377 vere,
954 1337 996 1368 ut
1020 1333 1138 1378 didici,
1161 1336 1195 1370 N
1197 1336 1385 1380 or1bergae
1409 1346 1431 1371 a
1446 1336 1491 1371 D.
1508 1336 1678 1372 Electore
1702 1336 1930 1383 discesserat,

137 1401 206 1427 nec
229 1389 369 1424 interea
399 1387 471 1422 huc
501 1385 617 1422 rediit.
669 1385 740 1420 Sed
763 1395 864 1430 reor,
898 1386 1082 1432 negotium
1114 1386 1160 1422 ab
1184 1387 1245 1423 illo
1277 1388 1315 1423 in
1339 1389 1460 1432 Magn.
1487 1389 1587 1423 Tuae
1612 1389 1763 1434 gratiam
1796 1390 1930 1434 optime

133 1441 420 1479 administratum
452 1438 564 1474 nihilo
596 1438 724 1473 minus.
773 1437 932 1473 Primum
967 1438 1062 1473 enim
1093 1443 1203 1483 atque
1237 1441 1281 1476 de
1305 1440 1486 1476 Electoris
1510 1441 1716 1486 praesentia
1750 1440 1857 1477 didici
1881 1439 1931 1477 ‹id

131 1496 203 1532 fuit
235 1493 380 1538 octiduo
404 1496 598 1537 postquam
621 1491 652 1526 is
677 1490 914 1536 advenisset),
954 1491 1085 1527 librum
1109 1490 1329 1537 Opticorum,
1355 1488 1428 1528 tuis
1454 1491 1635 1528 excitatus
1657 1492 1791 1538 literis,
1817 1492 1932 1529 obtuli

131 1547 324 1591 invenique
347 1544 552 1580 Electorem
577 1548 743 1590 paratum
768 1543 814 1579 ad
838 1554 895 1579 me
920 1544 1015 1580 ultro
1046 1543 1313 1580 accersendum.
1362 1545 1454 1581 Erat
1470 1545 1564 1580 enim
1582 1545 1615 1581 ei
1631 1545 1722 1581 liber
1737 1544 1933 1592 inpromtu

112 1596 114 1598 “
135 1601 180 1637 de
207 1597 420 1645 quaestione
443 1596 701 1632 mathematica
724 1606 807 1631 cum
830 1597 1014 1642 responsis
1033 1596 1218 1642 Schoneri,
1243 1597 1386 1644 Zelstii,
1420 1597 1565 1644 Stevini‚
1591 1597 1720 1644 quibus
1737 1607 1856 1633 meum
1870 1608 1933 1643 pe·

134 1654 194 1690 tiit
218 1651 377 1697 adjungi.
425 1649 523 1694 Feci,
548 1649 700 1685 multum
725 1658 903 1686 excusans
929 1649 1134 1686 libertatem
1158 1660 1284 1686 meam.
1331 1651 1382 1687 Et
1404 1650 1482 1690 ille,
1513 1654 1615 1687 tanto
1639 1650 1754 1695 magis
1777 1650 1933 1686 delecta-

133 1710 194 1743 tus
218 1704 296 1749 illa,
321 1702 479 1738 uberiori
502 1712 560 1737 me
583 1702 830 1738 munificentia
854 1702 1063 1746 complexus
1090 1708 1156 1740 est.
1206 1703 1268 1738 Bis
1293 1713 1371 1739 sum
1391 1703 1548 1740 auditus.

251 1758 307 1792 De
339 1755 479 1800 reliquo
521 1753 726 1800 calamitas,
763 1765 856 1800 quae
891 1755 938 1792 40
962 1765 1008 1791 ex
1045 1756 1159 1801 ipsius
1192 1755 1365 1791 comitatu
1397 1756 1555 1801 grabatis
1593 1754 1720 1791 stravit
1753 1755 1933 1802 etiamque

133 1821 230 1849 nunc
253 1810 313 1846 hic
336 1811 436 1845 tenet
460 1802 606 1853 affi'xos,
641 1808 848 1852 intervenit,
883 1819 953 1854 quo
978 1809 1094 1844 minus
1119 1808 1380 1844 valedicturum
1414 1807 1603 1843 admittere
1626 1807 1795 1852 potuerit.
1844 1808 1933 1844 Exi-

134 1864 261 1903 stimo,
286 1862 408 1906 Magn.
434 1865 470 1896 et
495 1861 590 1896 Nob.
615 1860 689 1906 Vir,
715 1865 752 1896 te
777 1860 821 1896 de
844 1871 902 1895 me
925 1861 1093 1897 meritum
1118 1856 1199 1896 cuin
1224 1860 1332 1906 alias,
1358 1864 1436 1895 tum
1458 1860 1496 1894 in
1519 1860 1591 1896 hoc
1614 1859 1770 1905 negotio,
1795 1864 1836 1896 ut
1858 1871 1932 1896 ma-

133 1914 262 1951 turiori
284 1923 461 1959 responso
487 1912 616 1956 dignus
640 1912 767 1949 haberi
792 1912 982 1958 debueriS,
1009 1913 1072 1950 sed
1095 1917 1217 1948 tamen
1242 1913 1307 1947 abs
1332 1912 1410 1947 Tua
1434 1912 1702 1957 Magnificentia
1725 1922 1850 1959 spero,
1876 1923 1932 1949 me

135 1971 349 2005 excusatum
372 1966 427 2011 iri,
451 1965 514 2001 ubi
537 1964 669 2000 molem
692 1965 937 2010 negotiorum,
964 1976 1056 2011 quae
1081 1966 1190 2011 paulo
1224 1970 1332 2001 antea
1357 1965 1532 2011 descripsi
1557 1967 1634 2010 (vol.
1659 1967 1719 2002 IV.
1750 1977 1786 2008 p.
1811 1969 1854 1999 92
1879 1967 1931 2013 s.),

135 2032 207 2059 uno
234 2019 343 2056 animi
366 2018 499 2054 intuitu
524 2017 630 2053 simul
653 2018 763 2053 fueris
788 2017 987 2063 amplexus.

251 2081 437 2122 Episcopus
462 2079 879 2116 Ernestus,13avariae
915 2079 982 2109 dux
1017 2076 1097 2121 (nat.
1126 2081 1234 2111 1554.
1268 2081 1365 2112 mort.
1393 2077 1495 2121 1612)
1527 2080 1674 2112 obtinuit
1704 2081 1933 2121 episcopatum

137 2128 400 2168 Freisingensem
435 2135 559 2157 annum
591 2135 692 2164 agens
725 2125 888 2156 decimum
912 2127 1064 2168 tertium,
1100 2125 1404 2157 Hildeshemensem
1434 2135 1523 2158 anno
1550 2128 1656 2169 1573,
1694 2127 1933 2159 Leodinensem

140 2186 228 2209 anno
256 2175 357 2207 1581,
390 2176 423 2204 et
453 2166 541 2204 anno
569 2173 670 2205 1583
704 2173 863 2203 successit
891 2171 1019 2204 famoso
1050 2174 1104 2204 illi
1137 2173 1385 2213 archiepiscopo
1410 2171 1601 2205 Coloniensi
1625 2151 1802 2207 dei-hardu.
1849 2173 1934 2206 Cum

139 2233 224 2256 anno
251 2222 352 2253 1606.
389 2229 462 2252 cum
499 2219 696 2264 electoribus
720 2218 914 2257 Moguntiae
948 2222 980 2250 et
1004 2219 1210 2250 Trevirorum
1240 2220 1463 2258 convenisset,
1500 2223 1538 2251 ut
1569 2220 1782 2252 fundamenta.
1811 2221 1935 2260 jaceret

142 2269 314 2302 societatis
339 2267 527 2308 principum
552 2266 735 2297 catholicae
760 2265 838 2295 fidei
863 2265 1068 2296 addictorum
1093 2269 1208 2298 contra
1231 2266 1368 2296 Lutheri
1392 2265 1470 2297 ndei
1494 2266 1659 2306 addictos,
1684 2267 1775 2298 haud
1800 2267 1868 2299 scio
1892 2277 1944 2299 ιλιι

139 2315 301 2357 suspicari
333 2315 451 2355 liceat,
487 2313 552 2344 iter
576 2321 663 2343 anno
691 2313 792 2344 1605.
817 2311 957 2350 Pragam
983 2315 1188 2354 susceptum,
1223 2311 1313 2353 quod
1338 2313 1544 2356 Herwartus,
1579 2313 1784 2345 Jesuitarum
1814 2315 1934 2356 socius,

140 2362 321 2395 Monachio
345 2361 490 2401 Keplero
516 2360 746 2399 nunciaverat,
770 2360 937 2398 spectasse
959 2359 1046 2390 illud
1070 2358 1187 2390 foedus
1210 2358 1409 2390 Lutheranis
1433 2360 1629 2392 ominosum.

261 2408 422 2448 Quaestio
448 2410 575 2449 autem,
601 2415 703 2448 quam
728 2405 810 2436 dicit
833 2404 1005 2445 Keplerus,
1028 2406 1272 2445 mathematica,
1295 2406 1567 2437 restaurationem
1580 2407 1740 2446 spectavit
1762 2416 1934 2439 mensura-

140 2466 214 2488 rum
239 2457 272 2487 et
294 2454 491 2496 ponderum.
538 2454 628 2484 Inter
651 2453 729 2485 Mss.
758 2452 994 2484 Pulkoviensia
1019 2453 1291 2492 deprehendimus
1307 2451 1518 2492 fasciculum,
1552 2454 1774 2485 continentem
1798 2452 1935 2495 Kepleri

143 2503 346 2536 sententiam
373 2500 416 2534 de
440 2502 502 2533 hac
525 2500 737 2542 quaestione,
765 2507 904 2541 eamque
927 2500 1088 2539 integram
1111 2499 1166 2531 hic
1188 2498 1399 2531 inserendam
1425 2500 1620 2532 censuimus.

147 2620 214 2659 Ad
245 2619 394 2670 Capita
430 2618 639 2668 proposita
670 2616 833 2655 Ernesti
869 2614 1116 2655 coloniensis
1145 2615 1338 2654 Electoris
1375 2615 1423 2655 de
1452 2628 1740 2657 mensurarum
1779 2629 1934 2668 aequa-

712 2688 818 2726 tione
847 2684 915 2724 Jo.
947 2683 1113 2736 Kepleri
1141 2684 1371 2735 Responsio.

883 2810 952 2849 Ad
983 2810 1139 2862 Caput
1168 2811 1198 2853 I.

261 2915 389 2952 Divide
412 2912 659 2961 quaestionem
681 2913 718 2948 in
741 2917 863 2959 partes
887 2915 1072 2958 quartuor.
1123 2914 1153 2953 1)
1180 2913 1439 2957 Cogitationem
1462 2913 1650 2948 instituere
1672 2912 1716 2948 de
1732 2912 1931 2959 ponderum

148 2979 466 3014 mensurarumque
481 2967 704 3013 aequatione,
718 2968 950 3013 praecipuum
962 2965 1194 3010 magistratus
1208 2964 1374 3001 officium.
1393 2965 1549 3001 Scientia
1558 2965 1649 3001 haec
1661 2969 1716 3000 est
1730 2965 1933 3001 necessaria

152 3022 410 3060 mercatoribus
449 3025 486 3057 et
510 3020 717 3058 emtoribus.
765 3018 924 3067 Expedit
947 3018 1055 3064 igitur
1078 3018 1173 3055 hane
1204 3018 1387 3057 scientiam
1411 3018 1686 3070 magistratuum
1707 3016 1932 3065 providentia
