1994 3276
868 84 1055 137 Apologia.
1303 71 1307 77 3
1347 110 1354 116 ‚
1730 58 1735 65 ἱ
1767 89 1851 130 425

74 213 187 253 litate
214 223 332 264 agere
358 211 637 264 interpretem?
694 211 744 251 Et
782 209 952 262 pandere
982 214 1022 248 te
1061 209 1247 261 mysteria
1286 208 1415 249 dicere
1447 207 1529 258 vis,
1572 212 1613 249 et
1639 207 1681 247 id
1722 211 1852 247 nmen

78 272 205 311 facere
235 275 350 311 caute
378 283 448 322 per
476 273 709 322 aenigmata,
741 270 882 320 quibus
911 272 1111 308 arceantur
1131 269 1353 307 oscitantes.
1410 266 1523 307 Haec
1538 267 1674 317 ntique
1703 266 1854 306 sincera

75 334 143 369 eet
173 329 299 369 oratio
335 331 589 381 mysticorum
631 329 830 377 omnium3
870 327 974 366 hanc
1010 325 1151 374 laudo,
1191 325 1322 376 quoad
1351 330 1496 374 cetera,
1526 325 1566 363 in
1603 324 1851 373 harmonicis,

75 387 282 439 disciplina
309 387 607 439 mathematica,
644 397 724 435 non
751 386 911 437 recipio.
970 384 1051 433 Tu,
1088 386 1121 423 si
1156 383 1286 434 placet
1322 386 1721 434 interpretamentum,
1758 393 1855 422 ean-

75 456 159 485 sam
187 445 332 494 dicito,
362 456 432 484 cnr
458 447 581 495 igitur
608 444 703 484 mihi
731 455 984 491 succenseas,
1022 441 1180 481 modum
1207 441 1400 482 scribendi
1435 453 1504 492 per
1533 443 1760 493 aenigmata
1781 441 1854 481 tibi

74 502 292 543 tribuenti?
349 502 440 553 Qua
469 515 510 542 re
540 508 692 542 tantum
723 502 1016 553 opprobriorum
1046 501 1276 548 commerui,
1305 506 1351 540 ut
1378 502 1540 539 simiam
1568 511 1631 540 me
1660 499 1854 540 communi

77 570 167 601 cnm
198 566 283 600 arte
312 562 400 612 ipsa
427 561 614 613 epitheto,
644 567 688 601 ut
715 560 945 612 Mysten-inm
973 571 1101 599 meum
1133 558 1500 609 Cosmographicnm
1530 557 1670 609 nomen
1701 559 1785 598 sine
1812 568 1855 597 re

76 615 305 670 appellares,
336 625 381 658 nt
408 625 643 659 secretorum
670 620 928 668 ignorantiam
958 618 1221 669 exprobrares,
1250 617 1492 656 intellectum
1520 607 1620 655 milti
1647 618 1856 667 imayina-

74 679 188 716 riarm
213 682 252 716 ct
277 677 406 717 lucem
445 678 507 716 illi
530 679 838 728 praestiyiorem
866 677 1072 723 tribueres,
1116 677 1328 715 vanitatem
1366 675 1590 725 objiceres?
1647 675 1777 715 Velim
1816 678 1855 714 te

76 736 261 786 respicias
301 736 340 773 in
369 742 566 786 posterum
605 734 850 786 diligentius,
889 747 937 774 ne
967 739 1058 774 tuae
1088 736 1210 785 ipsius
1240 735 1499 773 aestimationi
1542 744 1696 773 noceas.
1755 733 1855 772 Nam

78 801 144 832 me
171 792 283 843 quod
306 795 458 842 attinet,
489 794 582 832 mihi
611 805 739 843 neque
766 793 1030 832 recantatione
1061 798 1129 832 tna
1156 804 1283 842 neque
1303 792 1495 831 contraria
1513 790 1737 832 laudatione
1758 802 1856 843 opus

78 855 148 898 est,
178 862 317 901 neque
334 851 479 891 efficies
509 852 584 892 hac
613 852 923 902 importunitate,
955 856 999 889 ιιι
1028 850 1235 891 detrectem
1265 856 1392 889 tecum
1422 850 1598 900 velitari,
1630 851 1783 901 quoties
1813 848 1854 888 id

77 911 174 949 sine
189 920 279 948 meo
305 914 436 949 sumtu
466 915 513 949 et
535 922 623 950 cum
653 910 787 960 aliquo
817 910 972 948 lectoris
1002 910 1175 959 profectu
1203 914 1353 959 potero.
1367 906 1424 958 46)

197 965 393 1016 Quantum
425 979 527 1007 nnuc
556 980 625 1019 per
655 968 782 1008 Deum
811 968 1065 1007 immortalem
1094 967 1182 1007 bilis
1213 969 1251 1005 in
1281 968 1453 1007 membro
1475 966 1682 1018 analyseos
1711 965 1848 1005 altero!

79 1025 177 1065 Cum
207 1035 282 1076 ego
312 1025 518 1077 «thymiam,
549 1038 638 1065 cum
667 1026 862 1065 Hermetis
892 1031 932 1065 et
958 1025 1154 1066 Paracelsi
1186 1025 1399 1065 doctrinam
1429 1037 1479 1064 ne
1509 1024 1670 1065 verbulo
1700 1023 1856 1074 quidem

76 1083 324 1135 pupugerin,
363 1085 439 1123 nisi
470 1084 574 1133 quod
603 1097 684 1124 rem
715 1085 894 1123 omnihus
923 1086 1163 1123 notissimam
1194 1096 1327 1132 narro,
1369 1085 1573 1123 obscuram
1607 1088 1646 1123 et
1675 1083 1857 1123 tenebro-

14 1186 17 1187 ⁷
77 1154 160 1180 eam
188 1153 286 1189 esse,
317 1153 404 1180 cum
434 1143 598 1181 nitidum
629 1143 845 1181 Hermetici
872 1154 945 1181 nec
973 1142 1056 1182 odii
1083 1154 1155 1181 nec
1183 1142 1351 1181 ludibrii
1379 1154 1504 1182 causa
1533 1143 1771 1188 tribuerim,
1788 1134 1857 1180 sed

77 1205 122 1238 ut
148 1200 412 1239 nominatione
442 1206 570 1240 sectae
600 1213 745 1240 morem
773 1200 1094 1251 philosophandi,
1139 1212 1253 1251 quem
1293 1202 1332 1239 in
1360 1205 1430 1240 tno
1465 1200 1565 1239 libro
1606 1199 1853 1250 deprehendi,

77 1257 286 1296 lectoribus
313 1258 451 1296 futuris
487 1258 743 1298 describerem
773 1258 1013 1307 evidentius,
1055 1270 1141 1298 cum
1178 1258 1284 1298 haud
1314 1270 1510 1309 quaquam
1549 1258 1748 1298 dedecoris
1785 1262 1860 1296 aut

11 1364 16 1369 .
78 1316 276 1367 ὺιΐαηιίασ
303 1318 349 1354 in
373 1321 494 1366 parte
519 1320 747 1366 posuerim,
770 1318 966 1356 Her-metis
994 1328 1070 1356 esse
1099 1317 1353 1366 discipulum,
1384 1329 1470 1357 cum
1499 1328 1572 1355 nec
1593 1316 1759 1368 oderim,
1787 1327 1859 1354 nec

78 1373 360 1413 domuerint
392 1386 468 1412 nec
491 1387 572 1424 pro
599 1376 726 1414 nihilo
761 1375 973 1414 habuerim
1003 1375 1103 1414 hanc
1133 1375 1380 1424 facultatem,
1410 1382 1454 1415 ιιι
1490 1380 1618 1414 tamen
1643 1386 1730 1414 cnm
1758 1385 1859 1425 pan-

81 1430 186 1482 oplia
225 1432 265 1469 in
294 1443 354 1470 me
392 1435 615 1483 consurgis,
658 1433 848 1472 mathesin
880 1433 1249 1484 mathematicosque
1280 1445 1412 1473 omnes
1446 1435 1487 1472 in
1517 1438 1708 1473 certamen
1739 1443 1860 1472 vocas

81 1501 167 1528 cnm
197 1489 351 1540 chymia
379 1501 542 1540 cumque
571 1491 768 1531 Hermete.
828 1491 987 1530 Frustra
1017 1490 1186 1542 quidem,
1218 1497 1404 1541 qnantum
1434 1491 1483 1531 ad
1503 1503 1587 1541 me3
1617 1503 1708 1531 nam
1735 1491 1860 1530 lecto·-

64 1559 142 1586 1.res
171 1546 365 1595 adhortor,
397 1547 529 1598 legant
558 1551 851 1599 pensitentque‚
882 1561 985 1599 quae
1014 1555 1056 1589 ιιι
1086 1550 1161 1589 hoc
1191 1550 1278 1589 lo'co
1308 1551 1493 1602 scripsisti
1525 1550 1701 1601 chymiae
1731 1550 1861 1588 socia-

80 1616 244 1655 rumque
273 1605 562 1659 disciplinamm
590 1609 789 1658 ipsiusque
817 1606 1013 1647 Hermetis
1043 1610 1239 1657 encomia3
1270 1610 1370 1647 circa
1389 1608 1580 1648 mathesin
1600 1619 1694 1648 vero
1715 1612 1754 1647 et
1774 1619 1860 1647 cum

81 1674 223 1702 vanam
251 1665 524 1713 geometriam,
566 1676 653 1704 cum
683 1670 856 1703 motuum
900 1666 1096 1704 stellarum
1126 1667 1415 1715 inquisitionem
1454 1667 1739 1716 phantasticam
1768 1677 1860 1716 pro-

60 1719 238 1773 clamas,
269 1732 319 1760 ne
349 1726 386 1760 te
416 1722 589 1770 audiant,
620 1724 694 1761 nisi
726 1735 812 1762 cum
842 1727 918 1762 ista
947 1725 1085 1762 scribis
1116 1724 1162 1762 de
1194 1726 1298 1762 omni
1326 1726 1555 1765 temeritate.
1618 1724 1728 1763 Nam
1757 1735 1862 1774 quae

60 1780 217 1827 ‘major
244 1784 301 1817 est
328 1779 510 1819 deliratio
539 1793 587 1819 ac
618 1781 802 1820 vecordia
833 1778 942 1834 (utor
972 1793 1060 1821 ecce
1090 1782 1219 1821 verbis
1239 1780 1351 1836 tuis),
1383 1795 1510 1832 quam
1539 1794 1629 1821 cam
1660 1782 1862 1821 damnare

81 1842 119 1875 et
140 1848 221 1887 pro
247 1837 373 1876 nihilo
402 1838 543 1876 habere
571 1840 789 1886 seientiam,
819 1841 864 1876 in
894 1852 977 1889 qua
1004 1852 1170 1890 prorsus
1198 1841 1301 1878 nihil
1329 1841 1533 1892 olfecerit?

200 1894 288 1933 Non
318 1900 407 1934 sunt
436 1895 555 1945 adeo,
585 1896 774 1944 Roberte,
807 1896 933 1936 divisa
961 1897 1147 1937 mathesis
1178 1903 1216 1936 et
1244 1898 1422 1950 chymia‚
1451 1903 1496 1937 ut
1522 1899 1562 1936 in
1594 1897 1757 1938 eundem
1787 1897 1862 1937 ho-

83 1953 224 1991 minem
251 1963 328 1991 non
359 1953 516 2002 cadant,
558 1955 625 2004 qui
654 1954 928 1994 mathematica
956 1955 1084 1994 tradat
1114 1956 1302 2008 dilucide,
1338 1957 1522 2003 verbose,
1564 1968 1633 2006 per
1660 1956 1794 1995 literas
1823 1960 1863 1995 et

4 2067 7 2070 Α
86 2010 380 2060 diagrammata,
422 2012 598 2063 chymica
636 2024 742 2051 more
783 2018 925 2052 sectae.
994 2014 1066 2051 Vis
1106 2016 1202 2054 scire
1243 2015 1413 2064 conjugii
1458 2015 1575 2065 hujus
1614 2013 1862 2065 exemplum?

89 2068 233 2123 Accipe
262 2068 486 2119 Tychonem
519 2070 660 2122 Bmhe,
700 2072 760 2109 cui
791 2072 829 2108 in
861 2076 970 2121 parte
1000 2073 1126 2122 operis
1165 2084 1237 2121 ego
1268 2074 1449 2112 successi.
1511 2072 1636 2122 Quam
1667 2072 1732 2111 ille
1762 2072 1862 2110 fidus

89 2125 233 2164 silentii
263 2132 394 2166 custos
423 2129 462 2165 in
491 2127 734 2176 Hermeticis,
764 2133 845 2167 tam
872 2129 997 2168 fidelis
1028 2135 1160 2169 contra
1190 2133 1494 2181 perspicuusque
1525 2130 1675 2176 doctor,
1708 2131 1860 2180 quoties

91 2185 129 2221 in
155 2183 442 2223 mathematicis
472 2186 618 2235 aliquid
650 2188 687 2222 in
719 2186 860 2235 vulgus
889 2188 1157 2237 proferendum
1186 2191 1343 2238 sumsit3
1384 2188 1492 2227 nulla
1525 2194 1618 2228 tunc
1656 2187 1722 2227 ille
1752 2199 1861 2226 eom-

0 2241 8 2261 ’ἑ-
85 2242 236 2280 minisci
264 2242 401 2280 solitus
431 2250 491 2282 est
520 2246 751 2293 aenigmata,
781 2244 877 2282 nihil
907 2246 947 2283 in
975 2247 1135 2296 picturis
1165 2247 1332 2290 tradidit
1363 2258 1441 2285 non
1471 2245 1666 2297 pollicitus
1697 2251 1754 2285 est
1774 2257 1862 2284 mo-

0 2293 6 2326 ἓ
87 2305 149 2338 tus
179 2299 368 2339 coelestes
399 2300 536 2340 docere
565 2303 649 2340 sine
679 2303 974 2351 quantitatibus,
1004 2316 1082 2342 non
1113 2304 1343 2354 dedignatus
1373 2310 1432 2343 est
1460 2304 1665 2343 subvenire
1694 2305 1861 2354 ingeniis

87 2356 376 2406 infirmioribus,
407 2359 471 2397 vel
502 2361 588 2409 ipsa
617 2360 755 2399 calculi
785 2360 907 2399 forma
938 2361 1251 2411 compendiisque
1282 2362 1502 2412 publicatis.

0 2450 8 2468 L
188 2414 306 2453 Illud
336 2417 493 2454 seorsim
524 2418 606 2465 tibi,
638 2418 794 2467 majoris
825 2419 1043 2458 evidentiae
1074 2431 1192 2458 causa
1220 2420 1472 2468 regerendum
1502 2418 1686 2458 hocloco
1716 2418 1860 2466 censui,

0 2476 13 2510 i<
90 2483 231 2521 magna
267 2484 352 2511 cum
390 2474 530 2523 injuria
568 2487 655 2514 mea
694 2482 732 2514 te
771 2476 1013 2523 efferbuisse,
1053 2478 1117 2527 qui
1150 2477 1247 2516 duas
1275 2478 1370 2515 mihi
1402 2478 1613 2518 sententias
1642 2478 1783 2526 impias
1823 2483 1861 2516 et

90 2530 336 2580 blasphemas
368 2531 557 2578 tribueris,
588 2533 748 2571 alteram
780 2533 935 2582 quidem
966 2546 1052 2572 cum
1082 2540 1176 2586 typo
1206 2537 1380 2574 variante
1406 2547 1639 2586 expressam,
1670 2540 1714 2572 ut
1741 2534 1862 2574 lector
1884 2558 1892 2564 -

87 2587 228 2635 credat,
259 2588 438 2627 formalia
466 2601 553 2628 mea
582 2591 721 2637 referri,
755 2591 821 2629 fol.
858 2594 920 2630 12.
952 2591 1019 2630 lin.
1051 2594 1132 2630 41:
1180 2592 1245 2631 Me
1273 2594 1370 2631 haec
1398 2596 1538 2632 munia
1568 2594 1764 2631 invenisse
1793 2595 1861 2631 in-

0 2643 22 2701 ,ζζι
89 2647 206 2695 ymio
235 2657 322 2685 meo
344 2649 535 2695 proprio,
567 2647 741 2697 intelligo
770 2661 937 2699 namque
966 2650 1042 2689 hoc
1071 2650 1142 2689 abs
1171 2655 1210 2690 te
1241 2663 1324 2690 esse
1346 2652 1567 2701 oppositum
1596 2651 1722 2689 lineae
1748 2655 1862 2690 ante-

90 2702 266 2747 cedenti,
310 2715 387 2752 qua
416 2705 574 2742 concedi
603 2707 847 2744 scientiarum
878 2719 1021 2746 arcana
1050 2707 1204 2747 dicebas
1238 2721 1312 2758 per
1351 2711 1653 2758 acquisitionem
1684 2708 1862 2757 Spiritus

0 2766 18 2810 k}
67 2760 251 2807 asanaa,
292 2762 407 2808 cujus
434 2762 556 2800 solius
583 2764 634 2799 sit
660 2763 756 2801 haee
792 2766 932 2802 omnia
961 2777 1051 2804 vere
1079 2766 1225 2806 docere.
1285 2766 1446 2805 Iterum:
1488 2778 1570 2812 me,
1610 2765 1701 2803 dum
1730 2765 1861 2804 Solem

89 2817 231 2856 fontem
260 2823 387 2856 motus
418 2829 528 2865 voco,
558 2818 712 2857 titulum
742 2820 843 2859 hunc
873 2821 1059 2872 derogare
1089 2826 1262 2868 creatori,
1295 2835 1474 2873 arrogare
1492 2828 1738 2871 creaturae„
1775 2823 1862 2863 Ve-

22 2881 35 2888 ·
90 2887 186 2920 reor,
216 2879 260 2912 ut
288 2880 347 2913 est
374 2877 481 2915 natio
511 2875 626 2914 hodie
655 2889 850 2926 perversa,
880 2891 929 2919 ne
958 2892 1037 2919 non
1066 2882 1141 2920 ista
1162 2883 1346 2930 iniquitas
1375 2881 1475 2919 ultra
1497 2881 1617 2919 verba
1635 2892 1677 2919 se
1697 2881 1862 2921 infacta

91 2933 175 2982 ipsa
202 2933 382 2982 proferat,
414 2935 450 2971 si
477 2933 663 2973 lectorum
692 2934 814 2984 aliqui
844 2937 916 2974 tibi
943 2941 1085 2978 temere
1118 2938 1284 2985 credant,
1318 2950 1393 2977 non
1422 2939 1597 2988 inspecto
1626 2950 1714 2978 meo
1735 2943 1855 2983 textu.

204 2989 274 3028 Ad
307 2991 374 3028 An
389 2991 434 3029 al
444 2993 553 3046 ysin
583 2991 680 3030 XII.
740 2991 816 3043 Sex
846 2995 942 3039 meis
961 2994 1074 3036 lineis
1103 2998 1228 3046 iisqne
1259 2997 1444 3035 brevibus
1473 2996 1561 3047 plus
1581 3001 1623 3035 ιιι
1645 3008 1761 3046 quam
1790 3009 1859 3038 sex
