1994 3276
691 118 707 131 ν
737 102 1195 153 ·mu·1v'.-·osp=tvu.
1267 105 1293 137 ·<«
1774 103 1871 149 fisa

0 238 4 252 ¹
79 221 523 277 quaml-ns
545 215 1386 277 aspectibusomnobarg‘oppourpoem
1407 223 1593 264 vicetiam
1628 230 1667 264 et
1695 231 1872 265 contem-

86 285 276 335 petuo-i
306 284 469 325 duarum
500 296 652 324 vocum.
709 283 816 324 Bibit
847 294 941 322 sanc
970 282 1092 322 efficit
1115 292 1171 322 ue
1195 293 1379 323 sonorum
1399 282 1557 333 quidem
1572 282 1736 323 (luorum
1756 284 1874 334 tripla

85 343 378 394 properti-wel
408 343 675 392 sesquialtera,
706 351 826 382 cansa
854 343 1068 390 acuminis,
1098 347 1140 381 et
1167 346 1298 380 tamen
1327 343 1428 391 grati
1457 346 1554 380 snut·
1577 343 1663 381 soni
1676 369 1688 389 ,
1717 343 1751 380 si
1781 348 1872 381 sunt

86 402 136 443 iaz
155 401 365 452 “ipit-*vel
384 401 672 451 sesquialtera,
711 405 845 440 eontra
875 399 1106 446 abhorrent,
1140 401 1174 439 si
1203 404 1295 438 sunt
1333 401 1372 436 in
1401 399 1582 450 septupla
1616 399 1685 439 vel
1714 401 1874 450 sesqui-

86 464 210 500 sexta.
268 457 367 499 Cui
405 460 524 510 igitur
562 459 790 498 rationalem
828 462 1008 508 oporteat
1046 459 1151 496 esse·
1160 468 1260 506 rem,
1301 467 1403 514 quae
1441 458 1598 508 triplam
1637 469 1667 497 aJ
1690 458 1887 512 septupla*

89 515 288 566 dijudicat,
316 519 488 556 animam
506 528 560 557 sc.
589 516 739 555 auditui
768 517 1021 566 praefectam,
1065 517 1261 566 oportebit
1290 520 1330 553 ct
1358 517 1398 553 in
1428 515 1688 555 radiationum
1714 518 1873 567 negotio

89 573 317 625 rationalem
347 585 434 614 csse
463 579 696 621 creaturam,
735 584 837 624 quae
866 573 1050 611 disceruit
1078 576 1179 612 inter
1206 575 1263 612 60
1291 573 1482 623 graduum
1514 576 1694 624 interque
1717 575 1780 613 59
1807 575 1872 614 vel

88 630 394 682 ol-aes-btcnsas,
423 635 509 672 aive
539 633 607 671 illa
632 632 808 671 discursu
837 631 887 669 ad
908 631 983 670 boc
999 636 1139 679 utatur,
1170 637 1215 670 ut
1234 632 1351 670 bomo
1370 632 1592 682 intelligens
1609 630 1872 684 geometriam,

89 701 161 733 nu
189 703 216 729 a
240 690 328 729 seio
357 692 541 730 instinctu
571 695 776 730 conci-cato
804 689 844 728 id
874 690 1040 736 babeat,
1079 695 1123 727 nt
1150 690 1297 729 formae
1324 690 1566 740 plantarum,
1604 686 1715 741 quae
1734 702 1874 730 nume-

89 759 175 787 rum
203 749 350 788 eertum
377 748 557 788 soliorum
597 748 686 788 indo
716 762 741 787 a
769 758 895 786 rerum
930 753 1016 786 ortu
1047 749 1122 786 sibi
1162 747 1349 787 creditum
1386 748 1610 787 custodiunt
1646 756 1875 799 semperque

90 805 401 846 mutuantur.
458 806 576 845 Nulla
614 806 679 846 liic
707 808 766 844 vis
795 812 855 844 est
884 806 1100 852 mixtionis,
1140 806 1250 844 velut
1279 805 1328 844 ad
1358 818 1559 846 mensuras
1599 807 1770 846 medicas
1801 819 1872 846 ex-

90 869 220 912 actae,
262 864 371 903 nulla
412 867 583 915 corporis
621 867 987 911 instrumentorum3
1030 874 1102 901 nec
1142 864 1337 902 delectant
1380 867 1467 903 soni
1505 866 1728 904 auimantve
1759 865 1872 914 radii,

88 923 186 973 qaia
213 923 272 962 sic
299 928 390 961 snut
419 923 716 972 contemperati,
760 928 804 959 ut
831 932 919 959 cum
948 921 1100 960 calidae
1136 922 1277 971 frigida
1306 923 1510 971 miscetur,
1548 923 1683 973 quoad
1714 922 1876 962 resultet

91 980 272 1031 qualitas,
298 982 451 1030 corpori
480 981 611 1021 loturo
637 979 893 1030 respondens,
934 990 1023 1018 nam
1054 981 1093 1016 in
1125 980 1269 1018 talibus
1299 982 1478 1020 mixturis
1507 983 1653 1031 optima
1680 987 1875 1032 tempera-

89 1042 179 1076 tura
205 1049 292 1077 csse
316 1038 423 1078 solet
452 1040 583 1085 unica,
614 1043 767 1077 ceterae
795 1037 853 1075 illi
882 1049 1016 1076 omnes
1046 1038 1259 1076 secundum
1287 1040 1412 1089 magis
1442 1045 1481 1078 et
1506 1041 1634 1078 minus
1663 1041 1876 1090 appropin-

90 1101 224 1147 quant.
273 1098 327 1134 At
354 1097 454 1135 inter
474 1096 795 1146 configurationes
825 1097 999 1145 interque
1018 1106 1200 1134 sonorum
1220 1097 1427 1136 intervalla
1452 1097 1584 1148 plures
1622 1103 1713 1137 sunt
1734 1105 1872 1146 metae,

92 1160 132 1192 ct
160 1156 200 1191 in
229 1153 325 1192 solis
355 1154 415 1192 bis
445 1156 559 1193 metis
589 1162 646 1192 est
676 1155 774 1192 ratio
815 1153 905 1191 hinc
934 1155 1295 1203 consonantiarum,
1332 1154 1422 1194 inde
1457 1161 1707 1206 aspectuum3
1747 1157 1798 1195 ab
1828 1157 1876 1194 iis

92 1213 206 1250 metis
234 1213 268 1250 si
298 1212 363 1251 vel
389 1222 526 1262 parum
555 1211 803 1262 digrediaris,
845 1212 926 1261 iam
955 1214 1085 1250 statim
1115 1214 1231 1262 periit
1260 1215 1359 1251 ratio
1399 1215 1439 1251 in
1467 1206 1649 1252 soliilum.
1709 1212 1764 1253 Ut
1792 1216 1875 1265 pri-

90 1281 195 1308 mum
225 1271 329 1308 enim
359 1269 440 1317 Sol,
472 1270 580 1308 verbi
610 1281 740 1317 causa,
771 1270 926 1308 Saturni
958 1270 1191 1320 quadratum
1219 1272 1430 1321 superavit,
1457 1271 1540 1322 jam
1565 1273 1691 1311 omnis
1713 1279 1875 1311 naturae

90 1327 353 1367 exstimulatio
384 1327 574 1367 deferbuit
604 1334 806 1377 cessatque
835 1338 904 1377 per
931 1329 1090 1378 triginta
1120 1328 1203 1367 dies
1224 1334 1328 1367 totos
1359 1326 1513 1382 (quoad
1532 1330 1688 1369 Saturni
1719 1330 1876 1381 quidem

87 1384 130 1425 U
156 1384 261 1424 Solis
288 1383 441 1439 radios)
470 1397 642 1435 eousque
672 1385 764 1423 dum
793 1385 861 1424 Sol
892 1385 941 1423 ad
971 1387 1111 1424 trinum
1133 1386 1289 1425 Saturni
1322 1389 1488 1436 venerit,
1519 1393 1613 1427 tunc
1641 1390 1779 1427 iterum
1809 1390 1872 1426 in-

0 1458 13 1493 }
94 1443 265 1482 cin-w
289 1448 538 1494 tempestates
568 1447 681 1482 unico
712 1444 775 1481 die
804 1447 1036 1493 cessantque
1066 1446 1223 1492 iterum,
1254 1445 1321 1483 illo
1352 1447 1591 1486 transmisso.
1650 1446 1769 1486 Tales
1797 1458 1876 1485 non

0 1498 21 1560 ‘32
83 1506 185 1540 -sunt
212 1501 463 1541 alterationes
492 1513 713 1551 corporum,
756 1508 798 1539 ut
828 1513 929 1551 quae
962 1508 1117 1552 tempus
1147 1513 1261 1542 omne
1302 1504 1354 1541 ab
1383 1505 1495 1542 initio
1533 1504 1583 1543 ad
1613 1504 1728 1543 finem
1758 1516 1876 1544 occu-

3 1589 20 1599 ι
88 1564 203 1614 pant,
230 1570 427 1609 nunquam
457 1562 766 1606 intermittentes,
799 1559 867 1598 sed
898 1570 985 1597 cum
1006 1566 1220 1610 augmento
1237 1572 1378 1600 causae
1395 1573 1561 1611 cumque
1579 1567 1752 1614 tempore
1772 1574 1878 1602 cres-

0 1609 23 1667 ξ
96 1622 241 1664 centes,
273 1619 486 1667 iterumque
518 1617 707 1655 diminuta
736 1617 804 1656 illa
833 1619 1080 1656 remittentes.
1142 1617 1230 1657 Uno
1258 1620 1389 1666 verbo,
1421 1621 1522 1658 sicut
1552 1631 1594 1659 se
1624 1621 1743 1659 habet
1773 1621 1877 1659 linea

0 1665 25 1747 a}
75 1673 147 1713 ἶιᾰ
179 1685 391 1723 numerum,
422 1677 479 1714 sic
507 1675 628 1725 vulgo
657 1680 775 1713 notae
806 1685 1012 1724 corporeae
1041 1678 1319 1715 commotiones
1353 1689 1395 1715 se
1425 1677 1571 1716 habent
1600 1679 1650 1716 ad
1679 1679 1752 1717 hos
1783 1690 1879 1717 con-

7 1734 22 1781 ἰ
91 1731 367 1782 figurationum
396 1733 585 1772 stimulos.
646 1732 756 1781 Quae
785 1735 818 1769 si
848 1734 935 1782 quis
965 1732 1170 1783 diligenter
1197 1735 1419 1784 perpendit,
1449 1735 1557 1773 nulla
1587 1738 1620 1774 is
1650 1736 1878 1775 difficultate

0 1814 24 1860 5
92 1800 224 1828 secum
254 1790 483 1830 concludere
512 1791 665 1840 poterit,
699 1796 740 1828 ut
771 1802 989 1838 numerum,
1019 1793 1078 1830 sic
1106 1792 1177 1830 has
1207 1803 1364 1842 quoque
1394 1795 1673 1832 commotiones
1701 1805 1877 1833 momen-

6 1846 22 1894 {-
73 1850 242 1896 *Qu-eas,
273 1849 325 1886 ab
355 1855 526 1899 aspectu,
556 1849 717 1887 rationis
748 1855 847 1895 ente,
877 1850 1082 1898 profectas,
1113 1859 1190 1888 non
1222 1853 1393 1902 eorporis
1424 1863 1519 1898 esse,
1550 1852 1621 1890 sed
1653 1853 1878 1891 animalium

2 1899 24 1959 ξ
93 1905 334 1955 facultatum,
366 1909 534 1945 animam
564 1908 698 1956 itaque
728 1917 814 1944 esse
845 1912 1032 1956 oportere,
1069 1919 1171 1957 quae
1200 1909 1251 1946 ab
1281 1915 1443 1959 aspectu
1474 1910 1674 1949 admonita
1703 1916 1742 1949 et
1770 1911 1879 1950 velut

13 1978 33 1986 2
86 1965 263 2003 excitata
291 1966 392 2003 cieat
421 1970 593 2003 meteora
624 1970 662 2002 et
691 1970 949 2014 tempestates.
1238 1997 1252 2010 .

210 2021 320 2070 Quae
351 2034 444 2061 vero
474 2028 543 2060 ant
572 2023 789 2072 cujusmodi
820 2023 916 2061 haec
945 2028 1048 2061 esset
1078 2025 1219 2071 anima,
1249 2026 1494 2073 potissimum
1511 2020 1574 2063 'ab
1605 2026 1689 2076 ejus
1719 2026 1810 2065 sede
1841 2028 1878 2064 in

15 2086 38 2148 ἐ
93 2078 238 2117 mundo
269 2079 451 2130 colligere
481 2082 604 2131 potui.
664 2080 762 2118 Cum
787 2082 893 2133 enim
922 2087 1124 2130 aspectus,
1163 2082 1212 2120 ad
1243 2093 1341 2131 quos
1379 2090 1586 2123 moventur
1613 2090 1878 2134 tempestates,

91 2138 174 2175 sint
200 2138 335 2187 anguli
364 2139 523 2177 duorum
552 2139 761 2185 radiorum,
795 2150 871 2176 non
901 2140 947 2186 ii,
978 2140 1045 2188 qui
1075 2142 1223 2185 inuno
1252 2140 1315 2178 vel
1346 2141 1468 2180 altero
1506 2153 1548 2180 se
1578 2148 1712 2181 mutuo
1743 2142 1879 2193 adspi-

12 2191 43 2237 5}
73 2196 277 2233 zcimtium
305 2195 558 2245 planetarum,
578 2207 664 2232 non
696 2198 762 2245 qui
793 2196 964 2250 ιιι-8916,
996 2199 1224 2246 quantitatis
1244 2197 1468 2248 longissime
1490 2199 1678 2248 diversae,
1709 2200 1778 2238 sed
1810 2202 1877 2250 qui

20 2254 23 2255 ’
83 2252 158 2291 liic
186 2254 224 2290 in
254 2252 374 2291 Terra
402 2254 631 2300 formantur,
663 2265 789 2303 neque
817 2254 999 2303 planetae
1021 2258 1093 2304 ipsi
1116 2256 1288 2294 habeant
1307 2258 1484 2295 notitiam
1506 2258 1746 2308 angulorum,
1778 2269 1895 2307 quos

79 2309 248 2348 illorum
278 2310 376 2348 radii
416 2311 484 2350 liic'
518 2313 558 2348 in
587 2312 705 2350 Terra
734 2313 914 2359 formant,
956 2314 1028 2350 nisi
1059 2313 1148 2351 illos
1178 2319 1420 2352 astronomos
1458 2316 1664 2354 faciamus:
1705 2317 1879 2365 seqnitur

97 2368 235 2417 igitur,
267 2374 311 2405 ut
339 2370 487 2416 anima,
520 2381 619 2418 qnae
649 2369 699 2407 ad
728 2372 1007 2420 praescriptum
1037 2377 1264 2420 aspectuum
1295 2374 1369 2411 ciet
1398 2375 1547 2420 ae‘rem,
1588 2374 1652 2412 hic
1680 2375 1720 2410 iu
1750 2373 1878 2412 Terris

23 2419 40 2457 ζ
97 2425 159 2463 sit.
219 2426 395 2475 Cumque
426 2428 485 2464 vis
516 2427 595 2473 illa,
627 2429 813 2465 comitans
844 2435 1045 2478 aspectus,
1082 2440 1150 2478 per
1180 2435 1303 2467 totum
1334 2432 1464 2468 orbem
1496 2430 1698 2470 Terrarum
1729 2433 1877 2470 sentia-

28 2486 176 2530 Ἧι,
204 2485 335 2521 anima
365 2483 435 2521 illa
464 2493 588 2534 aeque
626 2485 706 2522 late
734 2486 795 2522 fus
778 2497 821 2522 a
851 2487 942 2533 erit3
985 2492 1022 2524 et
1064 2498 1151 2525 cum
1182 2490 1343 2525 materia
1381 2488 1615 2537 pluviarum,
1660 2496 1874 2537 ventorum,

51 2561 55 2564 ·
82 2535 343 2588 nebularum,
386 2543 618 2589 tonitruum,
665 2542 926 2590 chasmatum,
969 2555 1069 2593 quae
1098 2550 1272 2595 tempore
1302 2552 1529 2594 aspectuum
1562 2547 1785 2595 eliciuntur,
1827 2549 1880 2586 sit

78 2605 222 2648 vapor
251 2598 429 2637 humidus
462 2599 524 2637 vel
554 2601 723 2649 spiritus,
753 2601 856 2638 alius
885 2603 1009 2640 siccus
1040 2608 1078 2640 et
1108 2604 1256 2651 igneus,
1301 2615 1347 2641 ex
1368 2603 1487 2642 Terra
1517 2605 1707 2643 ebulliens
1738 2611 1777 2643 et
1808 2617 1878 2643 cx-

27 2656 88 2703 332
89 2654 234 2694 balans
265 2660 369 2700 (nam
401 2667 468 2695 cur
495 2656 558 2694 hic
587 2658 713 2695 solnm
743 2658 990 2698 Aristotelem
1031 2655 1166 2698 audiat
1195 2661 1470 2710 philosophus,
1510 2668 1639 2713 spreto
1669 2660 1878 2712 Rodolplr'o

22 2723 89 2769 ᾗ
81 2712 290 2762 Agricola,
320 2716 399 2752 imo
429 2713 608 2762 agricolis
637 2716 814 2754 omnibus
844 2719 1004 2767 suisque
1035 2718 1134 2756 adeo
1165 2720 1329 2768 propriis
1351 2720 1559 2758 sensibus?
1589 2732 1676 2758 cum
1706 2720 1880 2769 qnotidie

24 2767 83 2820 Ξ
82 2770 242 2818 videat,
273 2773 539 2821 ingruentibus
569 2771 712 2821 pluviis
743 2776 928 2812 montium
959 2778 1159 2814 cacumina
1189 2775 1416 2814 nebularum
1456 2779 1533 2815 vim
1564 2789 1745 2827 magnam
1781 2789 1879 2817 evo-

28 2811 89 2867 ’ἕ
90 2829 236 2878 mere),
267 2831 338 2867 erit
365 2831 483 2879 igitur
512 2830 641 2867 anima
669 2831 744 2868 ista
774 2842 851 2869 non
879 2834 919 2869 in
950 2834 1152 2882 superficie
1179 2833 1445 2871 tantummodo
1464 2834 1643 2883 Telluris,
1675 2835 1742 2874 sed
1774 2837 1877 2876 intus

24 2881 62 2926 ἶ·
78 2886 216 2924 'stim
245 2887 283 2923 in
314 2889 488 2925 cavernis
518 2887 795 2936 subterraneis,
824 2890 864 2926 in
893 2892 1085 2929 meatibus
1114 2892 1324 2938 montium3
1367 2891 1533 2940 denique
1564 2893 1707 2932 Terrae
1735 2893 1877 2943 globus

26 2941 185 2982 attale
205 2955 342 2993 corpus
374 2946 455 2991 erit,
487 2945 603 2993 quale
633 2953 692 2982 est
721 2945 885 2994 alicu-ius
915 2949 1106 2996 animalis,
1140 2948 1322 2998 quodque
1353 2950 1510 2987 animali
1542 2956 1601 2989 est
1629 2963 1702 2989 sna
1730 2953 1871 3002 anima,

39 3018 69 3065 ᾗς
82 2997 174 3039 boc
203 3003 275 3040 erit
303 3001 449 3040 Telluri
478 3002 588 3050 haec,
619 3013 738 3052 quam
767 3007 1005 3055 quaerimus,
1034 3012 1175 3045 natura
1203 3006 1444 3057 sublunaris,
1474 3019 1574 3058 quae
1605 3009 1655 3047 ad
1684 3020 1874 3089 praeseu—

56 3046 195 3097 tiam
223 3064 451 3110 aspectuum
478 3064 610 3099 movet
640 3065 903 3110 tempestates
