1994 3276
892 78 1081 150 Apologia.
1535 97 1540 102 “
1795 95 1877 136 457

87 226 188 266 libro
216 225 290 266 IV.
318 225 507 268 Harmon.
538 239 623 280 cap.
657 227 696 266 3.
728 230 768 265 et
797 226 1085 265 commentariis
1124 225 1164 261 in
1194 221 1409 262 Ptolemaei
1446 218 1671 259 harmonica
1707 213 1881 284 ¹3⁰⁰.‘¹¹.¹¹¹.¹²

86 285 213 335 editis,
243 285 349 337 quod
378 285 526 325 seilicet
555 288 594 324 in
625 285 705 324 illis
724 284 1035 323 harmonicamm
1065 282 1358 333 proportionum
1379 280 1479 319 ratio
1498 277 1607 317 nulla
1626 280 1752 326 possit
1781 284 1880 311 ιιιιη.

202 343 273 387 Ad
307 344 547 396 Analysiu
577 343 737 383 XXIV.
796 341 931 380 Motus
964 342 1044 380 tuis
1073 341 1287 379 harmoniis
1315 337 1414 378 tales
1438 337 1579 384 ademi,
1610 334 1747 402 quales
1769 343 1881 371 meae

86 411 158 452 pro
188 391 363 440 terminis
393 402 551 451 habent,
582 403 651 453 qni
679 411 820 451 nempe
847 401 1009 439 civ-einis
1036 399 1282 450 momen-icis
1310 401 1479 449 possunt
1506 404 1732 434 mensumn.
1754 391 1881 459 nulla

87 460 132 497 in
170 456 243 498 hai:
277 470 459 500 amorre
495 462 715 509 temeritas,
753 459 873 498 nulla
913 458 1095 505 invidia,
1137 462 1180 495 ιιι
1210 467 1303 495 vero
1333 459 1623 507 argumentum
1658 451 1703 489 id
1730 449 1803 489 tuba
1830 453 1882 487 nt

87 518 271 556 trucium
297 529 432 567 meae,
474 520 622 570 patior,
664 519 757 568 qnia
779 517 826 556 de
857 515 935 555 illis
973 518 1052 555 tuis
1081 515 1254 554 motibus
1291 514 1527 564 analogicis,
1571 510 1716 562 quihus
1755 509 1879 547 torma

86 576 313 623 materiam,
350 575 420 615 lux
450 577 654 624 tenebras,
697 576 829 615 anima
857 586 998 625 corpus
1026 574 1216 624 subjugat
1245 573 1475 623 domatque‚
1517 582 1568 610 ne
1602 580 1672 619 per
1700 578 1879 606 somnum

86 632 244 683 quidem
275 635 461 685 cogitavi.
522 626 895 685 Quare'partiamur
924 644 1081 684 operas,
1119 631 1296 671 ridicula
1325 632 1398 670 tibi
1427 642 1516 669 mea
1546 629 1597 667 sit
1626 628 1877 672 asseveratio,
1896 659 1906 667 Ι

87 689 327 742 rideboego
361 693 534 732 vicissim
564 699 652 732 tuos
685 691 774 730 illos
802 697 945 738 motus,
978 702 1056 729 non
1089 689 1193 740 quod
1224 700 1302 728 non
1324 691 1413 737 sint,
1443 689 1510 728 sed
1540 687 1633 737 quia
1652 686 1880 752 informare

84 759 200 787 nemo
241 750 566 802 philosophorum
594 751 803 796 hactenus,
845 750 951 799 quod
990 751 1132 796 sciam,
1173 748 1271 786 dixit
1310 759 1488 796 movere,
1534 755 1693 784 eausam
1718 754 1879 811 nomme

85 806 269 856 effectus,
311 814 350 847 et
379 810 473 859 quia
504 809 647 847 frustra
676 814 718 847 tu
743 808 894 859 jactas,
932 813 969 846 te
998 819 1193 858 quaerere
1220 807 1500 856 proportiones
1535 804 1795 868 hav-momms-
1832 813 1879 839 m

86 865 346 904 tenebrarum
376 872 412 905 et
441 868 542 906 lucis
569 866 774 918 madibus,
805 871 985 916 respectu
1015 871 1158 914 motus,
1190 877 1271 915 quo
1297 865 1436 915 forma
1465 866 1624 902 moveat
1649 864 1876 907 maternam,

87 924 120 960 si
143 920 258 962 'nulla
287 925 360 963 tibi
392 926 563 975 vestigia
591 923 870 974 magnitudinis
901 930 1076 962 motuum
1106 923 1245 963 horum
1274 923 1443 974 praebet
1465 923 1550 972 ipsa
1580 924 1737 965 natura,
1774 929 1878 968 quo-

85 992 170 1019 rum
208 981 449 1022 adminiculo
489 989 533 1022 tu
573 994 800 1034 comparare
840 983 967 1034 possis
997 988 1144 1021 motum
1185 993 1273 1021 eum
1314 987 1442 1028 motu,
1487 979 1536 1019 ad
1568 977 1799 1037 eliciendam
1839 981 1879 1044 ct

85 1039 371 1079 aestimandam
402 1052 534 1080 eorum
566 1042 856 1093 proportionem
886 1041 1163 1080 harmonicam.
1225 1039 1392 1089 Quaeris
1422 1043 1461 1078 et
1482 1037 1628 1077 metiris
1659 1036 1733 1073 iter
1762 1046 1874 1072 navus

88 1098 188 1135 inter
217 1097 369 1146 fluctus,
403 1099 572 1138 volueris
603 1111 672 1150 per
701 1101 842 1138 ae'rem.
904 1099 1155 1149 Comparatio
1186 1100 1288 1137 enim
1321 1099 1445 1136 omnis
1474 1097 1518 1135 fit
1557 1093 1771 1134 secundum
1801 1105 1878 1131 nu-

88 1166 252 1204 merum,
283 1167 464 1196 numerus
497 1170 543 1196 ex
573 1168 754 1197 mensura
784 1159 947 1207 capitur.
1008 1157 1246 1196 Harmoniae
1273 1168 1366 1196 vero
1387 1155 1605 1206 subjectum
1626 1152 1877 1198 mundanum,

87 1213 198 1263 quod
225 1216 364 1254 animo
393 1218 608 1265 respicitur
635 1216 728 1262 solo,
760 1227 846 1254 non
872 1217 993 1254 etiam
1023 1217 1159 1259 oculis.
1193 1214 1268 1254 hoc
1297 1220 1377 1262 est,
1409 1213 1515 1264 quod
1546 1219 1681 1264 aptum
1710 1222 1787 1249 non
1818 1216 1878 1249 est

85 1270 136 1309 ad
166 1274 317 1323 species
347 1279 472 1312 certas
493 1274 795 1321 harmoniarum,
826 1277 1045 1323 quantitate
1066 1274 1298 1321 differentes,
1330 1278 1371 1311 ut
1397 1272 1650 1318 diatessaron,
1682 1269 1875 1319 diapente,

85 1328 156 1367 seu
198 1328 250 1383 Ἃ
291 1330 354 1369 vel
385 1328 441 1385 ‘²s3
481 1331 716 1377 induendas,
760 1332 799 1370 id
831 1343 924 1371 vero
966 1343 1042 1370 non
1078 1337 1229 1371 tantum
1270 1332 1498 1370 substantia
1538 1329 1666 1375 nulla,
1711 1328 1877 1366 nucleus

84 1386 237 1435 nullus,
274 1387 343 1426 sed
373 1401 423 1429 ne
453 1395 588 1429 cortex
618 1390 776 1440 quidem
806 1395 887 1437 est,
931 1392 1009 1429 imo
1047 1391 1197 1430 umbra
1234 1395 1293 1429 est
1323 1392 1407 1429 sine
1439 1400 1600 1439 corpore
1638 1391 1677 1426 et
1717 1386 1875 1425 umbrae

83 1455 289 1484 sommum.

57 1551 62 1553 g
200 1503 272 1541 Ad
303 1504 547 1555 Analysin
579 1505 717 1544 XXV.
776 1505 933 1544 Novum
963 1506 1166 1545 discrimen
1197 1507 1236 1543 in
1263 1503 1423 1545 numero
1444 1504 1737 1544 intervallorum
1756 1504 1874 1541 statui

61 1559 267 1611 ‘dixique,
309 1568 347 1601 te
387 1563 583 1614 applicare
624 1563 794 1614 paucula
831 1564 1061 1612 intervalla,
1102 1576 1163 1603 me
1195 1576 1287 1603 vero
1327 1566 1458 1603 omnia
1497 1562 1760 1614 applicatione
1789 1573 1876 1600 mea

87 1618 330 1671 complexum
360 1632 457 1659 esse.
516 1621 594 1659 Hic
625 1628 666 1660 ιιι
696 1622 819 1660 multa
856 1624 895 1659 iu
927 1623 1160 1661 contrarium
1192 1622 1288 1660 dicis
1324 1622 1548 1673 magnifice,
1588 1621 1733 1671 probas
1763 1620 1871 1658 nihil.

86 1676 151 1715 Ex
180 1677 475 1717 semidiametro
513 1679 659 1717 mundi
687 1685 723 1718 te
759 1680 817 1717 ais
856 1680 1172 1719 monochordum
1207 1681 1360 1730 fecisse,
1401 1683 1447 1719 in
1475 1678 1743 1717 monochordo
1780 1689 1875 1716 vero

79 1739 273 1783 potestate
311 1738 437 1774 inesse
474 1738 691 1776 intervalla
729 1740 880 1776 omnia.
942 1738 1062 1787 Atqui
1102 1749 1178 1775 non
1210 1744 1268 1776 est
1307 1739 1402 1782 hoc,
1444 1738 1635 1785 Roberte,
1676 1736 1873 1786 applicare

84 1792 291 1832 intervalla
321 1796 451 1832 omnia
482 1796 657 1844 partibus
687 1794 842 1842 mundi,
883 1807 960 1833 non
991 1802 1050 1834 est
1079 1795 1154 1834 hoc
1185 1795 1467 1843 demonstrare,
1507 1796 1649 1845 quibus
1681 1795 1718 1832 in
1750 1807 1873 1833 mem-

86 1850 165 1888 bris
196 1851 395 1901 quaelibet
426 1852 712 1891 harmoniarum
745 1854 848 1891 insit.
914 1855 997 1903 Age
1026 1865 1193 1904 namque
1225 1854 1304 1901 dic,
1339 1855 1407 1892 ubi
1440 1860 1480 1892 tu
1510 1854 1756 1892 semitonium
1787 1854 1871 1892 col-

86 1907 204 1956 loces,
236 1910 378 1959 quibus
408 1916 570 1949 naturae
601 1913 714 1949 metis
746 1910 785 1949 id
815 1913 866 1949 sit
897 1911 1139 1960 distinctum,
1179 1911 1241 1950 dic
1271 1914 1412 1962 quibus
1442 1912 1578 1951 mediis
1610 1922 1791 1961 expressa
1822 1913 1872 1950 sit

87 1967 126 2003 in
157 1967 303 2005 mundo
335 1967 550 2007 differentia
581 1980 763 2018 generum
795 1974 951 2016 cantus,
983 1972 1141 2008 nomina
1171 1972 1353 2009 terminos
1384 1972 1662 2020 contrapuncti,
1700 1971 1870 2021 exprime

87 2025 259 2073 speciem
301 2025 499 2064 clausulae
541 2038 610 2064 seu
649 2026 872 2065 harmoniae
917 2027 1082 2077 alicujus
1129 2028 1359 2067 universalis
1401 2031 1571 2067 omnium
1610 2030 1869 2075 terminorum,

89 2092 188 2131 quos
218 2089 260 2120 tu
291 2082 475 2122 adsciscis
506 2084 556 2122 ad
586 2085 933 2134 repraesentandas
972 2087 1239 2137 proportiones
1274 2087 1530 2126 harmonicas.
1543 2084 1597 2137 ⁵⁸)
1659 2087 1766 2125 [laec
1796 2098 1869 2135 ego

0 2158 3 2173 ι
52 2177 53 2181 ,
89 2150 339 2190 nequaquam
375 2142 613 2191 provocandi
657 2145 785 2181 animo
826 2155 897 2182 nec
936 2146 1071 2194 scripsi
1113 2156 1184 2186 nec
1214 2156 1316 2184 nunc
1355 2146 1503 2195 scrib03
1544 2157 1632 2183 nam
1665 2147 1737 2183 nisi
1772 2145 1870 2183 haec

91 2199 221 2236 omnia
253 2204 291 2236 et
321 2198 433 2248 plura
465 2199 543 2238 alia
574 2200 736 2239 fuissent
772 2202 811 2238 in
841 2202 927 2252 ipsa
955 2213 1079 2240 rerum
1111 2208 1270 2250 natura,
1313 2204 1350 2240 in
1382 2205 1478 2253 ipsis
1507 2202 1656 2242 scilieet
1689 2203 1870 2253 plancta-

85 2265 170 2292 rum
206 2257 375 2294 motibus
412 2269 613 2308 expressa,
654 2254 849 2309 nunquam
888 2271 961 2309 ego
1002 2260 1070 2298 illa
1110 2260 1190 2298 ulla
1228 2263 1368 2299 mentis
1399 2262 1611 2310 agitatione
1654 2263 1868 2312 potuissem

78 2323 233 2354 seruere.
293 2314 371 2353 Sed
404 2326 489 2353 cum
521 2328 591 2354 nos
621 2322 821 2357 creaturae
855 2319 992 2356 merito
1023 2318 1273 2363 admiremur,
1313 2318 1518 2357 adoremus
1556 2326 1594 2358 et
1623 2320 1868 2370 propalemus

24 2371 28 2373 ’
88 2369 185 2408 haec
223 2373 389 2421 vestigia
428 2374 643 2422 sapientiae
683 2376 879 2414 creatricis
917 2376 1070 2425 agnita,
1117 2387 1188 2414 nec
1226 2378 1431 2425 quisquam
1472 2376 1566 2414 mihi
1598 2380 1693 2416 vitio
1732 2384 1865 2424 vertet,

31 2445 36 2449 ⁴
87 2428 190 2476 quod
226 2428 365 2478 plenus
403 2431 631 2471 certitudine
674 2435 730 2471 rei
768 2432 933 2471 lectores
962 2434 1113 2479 monui,
1152 2432 1243 2482 'plus
1274 2434 1422 2483 aliquid
1461 2434 1677 2473 divinorum
1709 2447 1867 2486 operum

86 2486 126 2521 in
157 2489 252 2524 meis
282 2487 527 2526 Harmonicis
559 2489 706 2539 detegi,
746 2502 861 2539 quam
895 2492 933 2527 in
963 2492 1058 2537 tuis,
1101 2492 1167 2539 qui
1197 2493 1360 2540 privatis
1391 2491 1438 2530 de
1469 2492 1614 2530 mundo
1643 2496 1867 2544 conceptio-

0 2581 2 2583 ,
88 2543 214 2590 nibus,
245 2544 353 2582 nullo
383 2557 499 2583 sensu
530 2547 763 2586 confirmatis
794 2547 1017 2597 indulgeas3
1049 2560 1120 2587 nec
1148 2560 1251 2587 nunc
1271 2561 1344 2598 ego
1376 2551 1582 2589 connivere
1611 2551 1735 2590 debeo
1756 2554 1867 2602 quie·

2 2611 16 2632 ·.
88 2605 164 2647 tus,
196 2603 289 2650 quin
319 2604 452 2651 potius
482 2603 785 2653 indignationem
815 2618 941 2644 meam
974 2606 1249 2658 demonstrare,
1280 2607 1384 2656 quod
1414 2614 1452 2646 te
1474 2607 1588 2646 video
1609 2611 1867 2649 aemulatione

0 2658 8 2672 '
89 2659 279 2696 irritatum
309 2660 550 2709 injuriaeque
579 2661 710 2711 (quam
741 2665 810 2701 tibi
840 2665 1063 2712 imaginaris
1093 2676 1141 2702 ex
1170 2676 1229 2711 eo,
1261 2665 1363 2714 quod
1396 2677 1468 2715 ego
1492 2666 1575 2704 Deo
1606 2679 1717 2705 sunm
1739 2668 1866 2715 tribui,

0 2741 13 2764 ·,
87 2726 244 2754 munere
274 2727 361 2754 meo
390 2718 543 2755 functus
572 2719 843 2769 distinguendo
872 2723 970 2759 inter
1000 2729 1067 2760 tua
1097 2727 1135 2760 et
1165 2721 1287 2773 mea),
1319 2723 1435 2770 hujus
1465 2724 1621 2772 inquam
1654 2726 1865 2764 offensiun-

94 2772 204 2811 culae
234 2773 447 2812 ultionibus
478 2777 715 2824 exagitatum
747 2784 784 2816 te
813 2786 1073 2817 transversum
1103 2782 1198 2830 rapi,
1233 2785 1277 2817 ut
1306 2782 1575 2830 aspernatione
1606 2788 1644 2820 et
1675 2783 1866 2823 deforma-

90 2832 196 2868 tione
226 2832 302 2867 mei
334 2833 461 2881 operis
493 2843 609 2882 opera
639 2836 725 2883 ipsa
754 2835 827 2872 Dei
859 2835 1162 2875 diuturnioribus
1192 2839 1432 2887 ignorantiae
1463 2839 1646 2887 tenebris,
1680 2847 1864 2890 quantum

90 2888 129 2924 in
170 2894 208 2926 te
250 2889 388 2936 situm,
429 2889 623 2930 involvas.
682 2891 768 2929 Non
806 2903 879 2941 ego
920 2895 990 2932 tibi
1022 2896 1184 2941 irascar,
1229 2895 1331 2944 quod
1372 2896 1565 2934 assimilas
1603 2908 1700 2947 opus
1738 2910 1863 2939 meum

90 2945 354 2983 harmonicum
403 2946 605 2986 chimaeris
653 2950 763 2987 vanis
813 2951 850 2986 in
900 2954 988 2990 ae‘re
1035 2954 1275 3002 imaginatis,
1327 2953 1448 2991 multa
1492 2954 1587 2993 talia
1638 2961 1678 2993 ut
1729 2969 1864 2996 oecur-

90 3010 175 3041 rant
216 3004 256 3041 in
289 3015 335 3041 eo
366 3004 445 3042 fieri
476 3016 592 3055 posse
622 3012 740 3055 puto;
782 3012 822 3044 at
852 3008 956 3056 quod
995 3016 1120 3048 motus
1151 3010 1385 3059 planetarios
1423 3023 1493 3060 per
1522 3019 1755 3053 contemtum
1786 3029 1860 3067 ap-

91 3060 216 3111 pellas
247 3061 460 3101 accidentia
489 3074 596 3102 mera
625 3069 883 3103 creaturarum
911 3068 1165 3116 naturalium,
1203 3079 1327 3118 eaque
1366 3067 1413 3107 de
1443 3080 1561 3109 eausa
1597 3075 1864 3124 proportiones
