1994 3276
118 139 199 181 144
827 137 883 175 De
905 127 1203 185 Proportionibus

114 263 196 289 cum
219 253 265 288 12
289 252 399 300 duplo
423 253 546 300 totius,
570 263 638 300 per
661 264 717 291 axz
747 256 799 300 5.,
823 265 909 302 ergo
934 257 1041 292 etiam
1065 267 1146 292 eum
1170 257 1319 302 simplo,
1353 267 1403 293 so.
1429 267 1509 295 cum
1531 257 1613 303 ipsa
1634 261 1714 303 tota
1737 258 1760 295 6
1787 268 1914 296 eonso-

114 304 216 342 nabit
238 316 305 351 per
328 317 432 351 prop.
458 306 490 342 4.
537 306 595 342 Ita
618 311 693 344 tres
716 306 809 343 fiunt
832 309 1101 345 consonantiae.
1149 309 1247 354 Ergo
1273 314 1341 344 etc.

229 378 525 428 Propositio
555 379 671 418 XIV.
731 379 882 428 Sectio,
903 380 1071 420 chordae
1109 383 1147 419 in
1188 381 1285 420 duas
1314 386 1467 432 partes,
1511 383 1773 435 proportionis
1818 382 1918 422 inter

115 448 157 475 se
187 437 488 487 sesquialterae,
519 443 579 477 est
610 438 847 477 harmonica.

230 491 322 527 Nam
348 492 434 536 quia
457 502 541 538 pars
565 493 588 529 2
618 504 700 529 cum
723 493 869 529 residuo
895 494 914 528 3
953 494 1139 530 constituit
1167 495 1436 540 proportionem
1472 495 1769 541 sesquialteram,
1807 495 1918 531 habet

255 589 346 592 κ-
502 545 611 590 igitur
635 556 674 581 se
698 556 782 591 pars
807 546 853 582 ad
876 546 1070 588 residuum,
1096 551 1136 582 ut
1159 546 1304 592 aliquod
1331 557 1530 583 consonum
1555 545 1737 584 residuum
1753 546 1840 589 2j'se
1857 547 1918 582 ha-

258 611 468 641 rt:
503 599 565 635 bet
588 597 635 633 ad
659 598 831 634 circulum
856 599 887 643 3,
915 609 980 644 per
1004 598 1250 635 corollarium.
1278 610 1389 644 quare
1415 605 1452 635 et
1475 611 1560 646 pars
1577 639 1579 642 ,
1594 601 1684 636 haec
1701 600 1728 646 2,
1747 610 1827 636 cum
1853 609 1918 635 suo

301 659 470 716 Ὃς
499 651 644 687 residuo
669 651 690 687 3
715 650 938 696 consonabit,
962 661 1028 696 per
1051 662 1107 686 ax.
1131 653 1164 687 5.
1210 652 1260 687 Et
1284 652 1368 696 quia
1383 662 1468 697 pars
1485 653 1506 688 2
1531 662 1611 688 cum
1627 652 1772 688 residuo
1789 652 1810 688 3
1834 651 1922 687 facit

425 699 442 721 ²
502 710 619 740 totum
645 706 676 749 5,
701 714 784 749 pars
809 713 894 738 vero
922 704 940 738 1
969 703 1119 750 ejusque
1144 703 1327 739 residuum
1343 705 1365 739 4
1390 715 1472 740 cum
1498 715 1564 741 suo
1588 710 1666 741 toto
1691 706 1711 740 5
1735 708 1920 748 consonat,

401 779 469 783 —
503 769 568 803 per
592 756 836 801 corollarium;
864 756 1078 792 consonabit
1102 756 1210 800 igitur
1235 757 1344 792 etiam
1369 761 1449 792 tota
1474 758 1495 793 5
1527 764 1609 793 cum
1634 767 1815 794 consonae
1839 767 1919 802 par-

400 795 467 831 2³:
502 812 549 847 tis
578 812 593 846 1
621 810 732 855 dupla
752 810 793 853 2,
820 809 1007 854 quae'hoc
1031 808 1112 843 loco
1137 798 1270 843 nostra’
1294 819 1379 854 pars
1404 814 1475 854 est,
1504 809 1561 845 vel
1585 820 1666 846 cum
1695 810 1843 846 consoni
1866 820 1921 845 re-

170 866 228 911 'ls
257 860 469 893 -Ξ-ὓ-
503 863 597 899 sidui
621 862 641 896 4
668 861 812 897 dimidio
839 861 870 905 2,
895 872 961 906 per
984 872 1087 906 prop.
1115 862 1147 897 4.
1197 862 1294 897 Idem
1321 862 1483 907 sequitur
1507 863 1614 898 etiam
1643 863 1853 909 simpliciter
1877 873 1921 899 ex

197 917 200 940 ²
257 918 513 964 propositionis
539 917 572 952 5.
598 920 702 960 parte
726 914 841 959 prima
866 913 1097 958 axiomatica,
1134 914 1218 958 quia
1243 913 1415 950 subtensa
1445 915 1585 951 duabus
1615 916 1750 960 quintis
1779 915 1921 951 demon-

149 938 154 1006 Ι
197 944 201 1028 ξ
257 971 416 1007 strabilis
442 976 507 1011 est,
533 979 643 1014 quare
668 974 704 1003 et
730 978 901 1003 consona.
950 966 1115 1012 Denique
1147 967 1231 1011 quia
1255 967 1369 1013 partis
1394 967 1415 1003 2
1440 967 1624 1003 residuum
1649 967 1669 1003 3
1702 972 1759 1003 est
1793 967 1839 1002 ad
1869 972 1921 1002 to-

256 1025 330 1060 tius
355 1025 376 1060 5
401 1029 541 1069 partem
567 1025 743 1067 quartam,
768 1024 810 1055 ut
832 1025 932 1055 totus
957 1020 1114 1056 circulus
1142 1021 1184 1055 12
1209 1019 1254 1055 ad
1279 1024 1418 1065 partem
1443 1030 1639 1057 consonam
1662 1021 1694 1059 5,
1719 1030 1785 1065 per
1800 1019 1923 1067 'corol-

255 1075 401 1121 larium,
427 1074 640 1112 consonabit
663 1073 773 1118 igitur
798 1077 833 1107 et
857 1073 1041 1108 residuum
1065 1077 1228 1109 nostrum
1253 1073 1275 1109 3
1301 1084 1382 1109 cum
1407 1077 1486 1109 toto
1503 1074 1536 1116 5,
1560 1083 1626 1118 per
1640 1083 1742 1118 prop.
1763 1074 1796 1108 7.
1834 1072 1923 1108 Tres

257 1127 366 1173 igitur
390 1127 646 1164 consonantiae
671 1125 842 1161 existunt.
891 1125 990 1171 Ergo
1017 1131 1084 1162 etc.

239 1211 296 1250 Pr
309 1212 532 1262 opositio
564 1210 659 1255 XV.
721 1209 853 1250 Sectio
885 1209 1053 1249 chordae
1084 1211 1122 1247 in
1153 1215 1282 1260 partes
1313 1209 1423 1258 duas,
1455 1212 1715 1261 proportionis
1749 1211 1848 1251 inter
1876 1222 1920 1250 se

119 1271 503 1321 super-bipartientis
533 1271 688 1317 tertias,
722 1281 793 1308 seu
827 1269 851 1306 5
883 1268 934 1307 ad
966 1270 1010 1315 3,
1043 1274 1103 1307 est
1132 1268 1371 1308 harmonica.

234 1326 327 1361 Nam
353 1326 438 1371 quia
461 1324 646 1370 proportio
670 1324 784 1370 partis
809 1324 830 1360 3
855 1322 900 1358 ad
925 1323 1111 1359 residuum
1139 1325 1160 1359 5
1190 1329 1245 1359 est
1271 1323 1416 1368 eadem,
1453 1326 1547 1369 quae
1570 1322 1731 1368 alicuius«
1746 1323 1882 1360 residui
1904 1323 1926 1360 3

509 1377 656 1413 consoni
681 1376 727 1412 ad
760 1381 873 1412 totam
899 1378 938 1420 5,
972 1387 1038 1422 per
1061 1376 1310 1418 corollarium,
1346 1387 1458 1422 quare
1487 1387 1553 1422 per
1586 1377 1729 1412 axioma
1753 1377 1783 1412 5.
1818 1377 1927 1412 etiam

263 1446 472 1450 -—···--‘
495 1434 633 1466 nostra
667 1439 751 1475 pars
784 1429 804 1464 3
836 1440 916 1464 cum
946 1434 1070 1464 nostro
1099 1429 1244 1465 residuo
1273 1431 1294 1466 5
1327 1429 1550 1465 consonabit.
1598 1429 1648 1464 Et
1678 1428 1764 1473 quia
1797 1439 1881 1475 pars
1905 1429 1926 1465 3
1963 1427 1966 1430 ’

193 1484 221 1527 ³⁷
313 1493 472 1536 ΪΘᾟ
510 1494 591 1518 cum
615 1482 760 1518 residuo
785 1484 805 1518 5
830 1482 917 1518 facit
940 1487 1055 1517 totam
1080 1483 1113 1525 8,
1141 1493 1250 1529 quare
1275 1493 1341 1528 per
1357 1482 1586 1518 corollarium
1610 1474 1696 1527 pars
1711 1482 1732 1518 3
1752 1492 1927 1517 consona-

510 1537 563 1572 bit
587 1547 668 1571 cum
693 1541 770 1571 tota
794 1537 827 1572 8.
878 1535 1041 1580 Denique
1076 1536 1160 1581 quia
1184 1535 1366 1572 residuum
1391 1538 1411 1573 5
1444 1535 1490 1572 ad
1524 1535 1637 1571 totius
1661 1534 1684 1570 8
1714 1542 1853 1580 partem
1880 1534 1930 1569 di-

192 1612 197 1616 „
340 1613 471 1618 ---
509 1588 654 1624 midiam
678 1589 700 1622 4
726 1597 765 1623 se
789 1588 920 1633 habet,
956 1594 996 1623 ut
1030 1593 1128 1624 totus
1154 1589 1310 1625 circulus
1334 1590 1355 1625 5
1389 1587 1435 1624 ad
1467 1587 1651 1623 residuum
1674 1586 1697 1622 4
1721 1596 1927 1632 consonum,

261 1615 474 1690 {1301}
509 1641 566 1676 vel
590 1641 636 1677 ad
660 1641 773 1676 totius
797 1641 819 1676 8
842 1646 980 1685 partem
1012 1645 1177 1685 quartam
1202 1641 1243 1686 2ῑ
1278 1645 1318 1676 ut
1347 1645 1447 1676 totus
1480 1639 1637 1676 circulus
1663 1640 1684 1675 5
1713 1638 1759 1674 ad
1790 1643 1931 1684 partem

356 1693 470 1726 -Θ-εῖ
510 1704 703 1729 consonam
729 1693 769 1736 2,
796 1703 862 1738 per
886 1692 1129 1728 corollarium:
1169 1692 1382 1729 consonabit
1411 1692 1522 1738 igitur
1552 1691 1737 1727 residuum
1768 1695 1931 1726 nostrum

508 1746 617 1781 etiam
641 1756 723 1781 cum
746 1750 823 1781 toto
849 1746 889 1790 8,
921 1755 987 1790 per
1011 1755 1112 1790 prop.
1140 1745 1173 1780 7.
1223 1745 1313 1795 Tres
1337 1745 1448 1790 igitur
1472 1750 1509 1781 et
1532 1745 1591 1780 hic
1613 1743 1706 1780 fiunt
1729 1753 1929 1785 consonan-

506 1799 590 1834 tiae.
637 1798 737 1843 Ergo
763 1802 830 1833 etc.

237 1902 538 1952 Propositio
569 1899 684 1937 XVI.
746 1899 788 1938 Si
818 1899 964 1938 chorda
994 1904 1146 1938 secetur
1176 1901 1214 1936 in
1249 1899 1345 1938 duas
1367 1905 1497 1951 partes
1529 1899 1716 1948 effabiles,
1747 1901 1924 1951 interque

125 1962 214 2000 illas
245 1967 284 1999 et
314 1965 449 2006 totam,
481 1959 555 1996 hoc
587 1964 646 1996 est
676 1960 774 1996 inter
803 1963 880 1996 tres
911 1959 1106 2005 terminos,
1138 1957 1255 1996 fuerit
1289 1958 1531 1998 dissonantia
1561 1970 1657 2007 una,
1702 1964 1855 2008 oportet
1888 1964 1928 1997 et

127 2020 289 2059 alteram
321 2018 602 2056 dissonantiam
633 2017 732 2054 inter
762 2015 850 2054 illos
882 2027 979 2054 esse.
1887 2059 1889 2062 Ι

241 2074 334 2110 Nam
358 2082 467 2108 causa
491 2071 737 2106 dissonantiae
762 2071 840 2115 eiit,
866 2070 963 2115 quod
987 2070 1042 2105 vel
1067 2074 1145 2106 tota
1168 2070 1225 2105 vel
1250 2081 1335 2115 pars
1353 2071 1486 2106 habeat
1509 2080 1697 2106 numerum
1722 2068 1927 2116 portionum

124 2126 220 2163 illius
245 2125 431 2161 divisionis
457 2123 643 2169 proprium
667 2122 805 2168 figurae
829 2122 1171 2158 indemonstrabilis.
1221 2124 1331 2168 Atqui
1355 2122 1437 2158 talis
1462 2133 1633 2158 numerus
1658 2134 1774 2168 neque
1797 2124 1926 2169 majori

126 2179 231 2216 alicui
256 2188 427 2224 numero,
461 2176 523 2219 qui
546 2175 712 2220 proprius
739 2175 786 2210 sit
817 2174 955 2219 figurae
979 2173 1291 2220 demonstrabilis,
1319 2185 1476 2211 consone
1507 2177 1681 2221 sociatur,
1713 2186 1831 2221 neque
1862 2170 1926 2212 u'ui

125 2231 254 2267 minori
278 2240 318 2266 se
342 2231 435 2274 ipso,
460 2239 525 2274 per
552 2228 695 2263 axioma
718 2228 749 2263 3.
774 2232 811 2262 et
835 2229 866 2262 5.
893 2232 930 2262 et
953 2237 1053 2272 prop.
1081 2229 1113 2263 5.
1140 2232 1176 2262 et
1200 2230 1231 2263 7.
1280 2228 1467 2263 Terminus
1485 2228 1594 2274 igitur
1609 2228 1680 2271 ille,
1705 2229 1767 2273 qui
1782 2233 1928 2263 constat

126 2295 275 2320 numero
298 2282 364 2319 tali
387 2282 602 2328 portionum,
629 2281 792 2316 dissonat
815 2291 838 2315 a
862 2279 1001 2316 duobus
1025 2279 1188 2315 terminis
1212 2279 1361 2324 reliquis
1377 2280 1547 2316 sectionis
1563 2280 1681 2326 illius,
1706 2280 1808 2316 etsie
1833 2280 1926 2316 duae

127 2343 212 2374 sunt
236 2335 481 2372 dissonantiae
506 2333 622 2370 simul.

241 2387 346 2426 Huic
374 2386 631 2437 propositioni
663 2385 702 2422 in
733 2383 946 2434 geometria
976 2381 1101 2421 simile
1131 2387 1190 2420 est
1220 2381 1313 2430 hoc,
1354 2382 1459 2431 quod
1491 2384 1522 2420 si
1567 2387 1673 2420 recta
1703 2387 1855 2420 secetur
1886 2383 1923 2419 in

126 2452 256 2498 partes
299 2443 474 2484 effabiles
513 2443 706 2493 fueritque
745 2453 876 2481 earum
918 2453 996 2479 una
1039 2441 1438 2479 incommensurabilis
1484 2441 1603 2478 alicui
1648 2442 1785 2479 tertiae
1825 2437 1923 2493 (non

127 2506 198 2543 toti
229 2517 277 2543 ex
309 2509 471 2552 utraque
502 2503 748 2551 compositae,
781 2506 824 2538 ut
854 2496 958 2552 hic):
990 2498 1150 2537 alteram
1182 2509 1338 2548 quoque
1371 2498 1494 2537 eidem
1518 2500 1654 2538 tertiae
1684 2500 1925 2536 incommen-

130 2562 340 2602 surabilem
370 2565 521 2612 oportet
551 2571 651 2598 esse.
712 2560 812 2606 Aut,
852 2559 885 2596 si
916 2562 1022 2596 recta
1051 2562 1203 2595 secetur
1239 2558 1279 2593 in
1310 2562 1439 2606 partes
1473 2559 1577 2596 inter
1601 2568 1644 2595 se
1684 2557 1924 2596 incommen-

129 2620 343 2668 surabiles,
375 2624 540 2667 utraque
572 2618 645 2656 erit
675 2618 746 2655 toti
781 2615 1192 2654 incommensurabilis.
1587 2614 1592 2618 '
1812 2626 1817 2631 ·

243 2700 536 2751 Propositio
566 2697 702 2736 XVII.
763 2696 805 2735 Si
836 2695 981 2734 chorda
1010 2701 1162 2734 secetur
1192 2696 1230 2732 in
1263 2694 1359 2733 duas
1390 2701 1519 2745 partes
1552 2694 1795 2744 longitudine
1827 2695 1924 2734 effa-

129 2761 237 2809 biles,
269 2760 487 2808 fuerintque
517 2758 616 2795 inter
646 2756 734 2794 illas
765 2761 804 2793 et
834 2759 967 2802 totam,
1000 2753 1074 2791 hoc
1105 2759 1164 2791 est
1194 2754 1293 2791 inter
1314 2760 1390 2793 tres
1413 2755 1611 2800 terminos,
1645 2755 1922 2792 consonantiae

133 2819 253 2867 duae,
287 2821 439 2868 oportet
470 2819 509 2854 et
539 2816 692 2854 tertiam
710 2824 809 2852 ¹esse
840 2812 1144 2850 consonantiam.

247 2873 284 2908 Si
309 2872 404 2909 enim
427 2870 520 2906 duae
544 2868 802 2905 consonantiae
825 2872 928 2910 sunt,
961 2877 1042 2901 cum
1067 2866 1139 2901 sint
1162 2865 1434 2910 proportionum
1467 2876 1537 2901 non
1562 2863 1684 2910 plures
1708 2876 1814 2912 quam
1837 2870 1922 2908 tres,

131 2936 202 2961 non
225 2929 397 2971 poterunt
418 2923 530 2968 igitur
553 2931 633 2959 esse
657 2921 750 2957 duae
774 2919 1038 2964 dissonantiae;
1074 2918 1104 2953 si
1129 2929 1201 2954 non
1226 2919 1317 2954 duae
1343 2918 1602 2962 dissonantiae,
1640 2927 1724 2962 ergo
1747 2927 1815 2953 nec
1838 2927 1920 2962 una,
1981 2954 1987 2958 ,

132 2987 197 3022 per
224 2977 274 3014 16,
300 2986 530 3020 conversam3
557 2982 790 3020 ergoomnes
815 2977 889 3007 tres
913 2971 1165 3015 proportiones
1191 2977 1296 3007 erunt
1320 2977 1571 3008 consonantes.

249 3026 314 3065 Sic
344 3028 380 3064 in
412 3026 647 3076 geometria,
691 3025 723 3062 si
754 3027 860 3061 recta
891 3028 1042 3060 secetur
1081 3022 1119 3058 in
1159 3028 1288 3071 partes
1329 3023 1426 3060 inter
1447 3033 1503 3060 se
1542 3019 1920 3068 commensurabiles,

133 3089 217 3123 tota
246 3085 398 3133 utrique
427 3084 597 3134 partium
628 3083 699 3121 erit
729 3079 1097 3120 commensurabilis.
