1994 3276
112 145 197 183 ,142
827 134 893 171 De
905 133 1208 182 Proper-tionibus

113 263 301 300 consonat
331 259 448 298 etiam
477 268 566 297 cum
595 257 788 305 abscissa,
833 257 932 294 sicut
960 257 1079 305 priori
1108 257 1374 306 propositione
1413 267 1500 295 cum
1529 260 1610 297 toto
1650 260 1910 310 consonabat3

113 320 174 357 sin
204 330 301 366 eam,
334 329 453 368 quam
481 320 588 356 totus
617 314 669 355 ad
699 314 873 365 aliquam
904 313 1100 353 dissonam
1131 320 1300 364 partem,
1344 315 1560 355 dissonabit
1590 321 1629 356 et
1657 317 1708 356 ab
1738 313 1912 358 abscissa

112 381 222 428 parte
254 381 292 416 et
322 388 346 414 a
374 380 471 414 toto.

228 432 387 467 Primum
419 428 620 466 membrum
648 427 774 463 nititur
806 427 984 463 axiomate
1016 429 1050 464 5.
1083 431 1124 462 ut
1156 432 1192 463 et
1214 428 1426 473 posterioris
1449 429 1598 466 membri
1628 432 1807 477 particula
1830 443 1912 477 una,

115 485 211 531 quod
234 482 420 519 residuum
445 481 608 518 dissonet
632 491 654 515 a
677 486 782 526 parte
807 481 977 517 abscissa.
1028 480 1133 524 Quod
1157 490 1241 515 vero
1266 480 1338 516 tale
1362 481 1546 518 residuum
1576 483 1737 520 dissonet
1760 486 1868 522 etiam
1893 497 1915 521 a

115 544 205 583 toto,
232 537 283 573 sic
317 536 510 582 probatur:
548 534 646 579 capit
669 533 763 569 enim
788 533 825 568 id
859 534 898 568 in
923 533 1018 569 dicta
1052 534 1285 578 proportione
1313 534 1429 569 locum
1454 536 1565 572 totius
1587 537 1715 573 circuli
1739 549 1805 583 per
1827 537 1916 584 figu-

113 602 189 627 ram
213 588 568 626 indemonstrabilem
593 586 715 633 divisi,
746 597 859 632 quare
890 586 959 622 etsi
982 586 1167 621 residuum
1191 587 1264 621 tale
1299 592 1355 622 est
1378 588 1497 624 minus
1520 593 1597 624 toto
1622 590 1774 635 circulo,
1811 590 1914 634 cujus

115 650 171 680 est
194 642 396 688 residuum,
434 647 471 677 at
494 642 611 686 majus
636 647 757 676 tamen
781 645 838 675 est
861 639 1103 684 semicirculo,
1140 651 1183 675 ex
1211 639 1418 674 definitione
1441 641 1587 676 residui.
1638 642 1774 686 Quodsi
1800 643 1914 688 majus

116 703 172 733 est
196 695 421 733 semicirculo
446 705 530 739 8110,
564 700 694 740 quarta
717 693 828 739 igitur
852 692 977 728 circuli
1001 693 1056 728 sui
1078 703 1183 737 pars,
1217 692 1351 736 quippe
1376 691 1522 728 dimidia
1545 694 1776 740 semicirculi,
1800 696 1916 731 minor

118 755 175 787 est
205 748 343 785 residui
373 748 483 794 hujus
518 747 676 784 dimidio.
725 746 844 790 Quare
871 751 912 781 ut
936 745 1122 781 residuum
1154 745 1198 780 ad
1224 745 1347 780 circuli
1372 746 1427 780 sui
1461 750 1649 792 quartum,
1684 748 1736 783 sic
1761 749 1828 783 erit
1852 749 1915 783 ali-

115 803 197 850 quis
221 800 376 837 circulus
402 800 537 836 divisus
563 811 584 835 a
607 799 725 845 figura
740 797 1061 843 indemonstrabili,
1087 797 1132 833 ad
1149 797 1305 842 aliquam
1323 809 1426 836 suam
1442 804 1582 844 partem
1604 800 1788 837 divisionis
1805 801 1915 837 illius

114 857 166 892 At
189 854 352 891 dissonat
375 857 476 888 totus
501 852 584 888 talis
610 851 766 887 circulus
791 863 813 886 a
835 851 901 887 tali
926 862 992 886 sua
1015 855 1118 896 parte
1142 861 1210 895 per
1232 862 1289 887 ax.
1308 852 1358 897 3.,
1385 852 1438 888 dis
1442 852 1584 888 sonabit
1598 852 1708 897 igitur
1729 858 1766 888 et
1783 851 1917 890 dictum

114 907 299 957 residuum
324 915 346 941 a
370 905 494 940 circuli
519 905 576 941 sui
600 908 747 950 quarta,
778 915 844 950 per
869 914 925 939 ax.
952 905 1004 948 5.
1036 903 1237 938 dissonabit
1260 903 1370 949 igitur
1394 904 1503 940 etiam
1532 914 1555 940 a
1576 909 1654 940 toto
1679 915 1746 940 suo
1771 906 1915 946 circulo

116 970 183 1005 per
204 969 307 1004 prop.
334 958 366 994 7.

235 1007 582 1047 Corollarium
612 1007 673 1046 ad
703 1006 789 1045 has
819 1008 1219 1057 propositiones.
1280 1007 1380 1046 Sunt
1409 1019 1501 1058 ergo
1552 1015 1564 1019 *⁷

119 1078 293 1110 Consonae
306 1080 428 1118 partes.
491 1075 648 1108 Consona
660 1076 802 1110 residua.
826 1077 829 1079 ’
864 1077 1028 1108 Dissonae
1052 1080 1175 1117 partes.
1237 1075 1384 1108 Dissona
1402 1076 1545 1108 residua.
1606 1078 1770 1119 Respectn
1789 1081 1893 1111 totius

147 1132 162 1164 1
230 1154 238 1162 .
287 1153 296 1161 .
344 1152 352 1160 .
401 1151 409 1160 .
518 1128 548 1161 1.
890 1151 1503 1162 ..........
1745 1129 1767 1165 2

143 1177 163 1210 1
169 1199 410 1212 .....
515 1172 547 1209 2.
889 1199 1506 1210 ..........
1745 1175 1766 1212 3

144 1228 175 1257 1.
233 1247 240 1255 .
289 1247 296 1255 .
347 1247 353 1254 .
403 1246 410 1254 .
519 1220 539 1255 3
543 1247 1509 1258 ...............
1745 1223 1768 1259 4

146 1272 177 1314 1,
205 1269 237 1305 2.
515 1267 548 1309 3,
572 1267 594 1302 4
598 1293 1504 1304 ..............
1746 1270 1768 1305 5

143 1318 163 1351 1
169 1339 409 1352 .....
516 1315 549 1349 5.
890 1340 1501 1350 ..........
1747 1317 1769 1352 6

143 1364 178 1409 1,
203 1363 236 1398 3.
516 1362 537 1396 5
541 1386 1132 1396 ..........
1260 1360 1293 1395 7.
1323 1387 1331 1396 .
1382 1389 1390 1397 .
1442 1389 1450 1396 .
1500 1388 1508 1396 .
1746 1362 1780 1399 8.

147 1413 179 1454 1,
205 1410 237 1445 3.
289 1435 297 1442 .
346 1434 354 1441 .
403 1434 411 1442 .
519 1435 527 1443 .
597 1434 605 1442 .
656 1434 664 1442 .
714 1436 723 1445 .
773 1434 781 1443 .
890 1434 1135 1444 .....
1260 1408 1293 1451 7,
1320 1408 1352 1444 9.
1440 1435 1449 1443 .
1500 1436 1508 1443 .
1726 1410 1782 1445 10.

116 1457 412 1499 ‘1,5...‚
518 1481 526 1488 .
593 1479 1138 1489 .........
1259 1456 1450 1496 7,11..
1729 1456 1770 1492 12

144 1505 179 1549 1,
205 1502 239 1546 3,
263 1503 297 1539 5.
346 1527 354 1535 .
404 1527 411 1534 .
519 1528 527 1536 .
595 1527 603 1535 .
654 1529 662 1536 .
713 1528 721 1537 .
772 1528 781 1536 .
889 1502 921 1536 7.
950 1527 958 1535 .
1009 1527 1017 1535 .
1068 1528 1076 1536 .
1127 1527 1135 1535 .
1261 1501 1294 1546 9,
1326 1501 1451 1546 11,13,
1472 1481 1525 1537 15.
1728 1502 1772 1538 16

148 1552 178 1593 1,
204 1550 235 1586 3.
289 1575 296 1584 .
346 1575 353 1582 .
403 1573 412 1583 .
519 1574 526 1581 .
596 1575 604 1583 .
655 1575 663 1583 .
689 1575 722 1587 ,.
773 1574 781 1582 .
889 1548 920 1589 7,
946 1546 979 1581 9.
1005 1573 1015 1581 .
1065 1573 1073 1582 .
1126 1575 1135 1583 .
1239 1547 1525 1593 11,13,17,19.
1727 1548 1773 1584 2ο

146 1598 179 1640 1,
204 1598 236 1633 5.
291 1623 298 1631 .
347 1621 354 1629 .
404 1620 412 1628 .
519 1621 528 1629 .
598 1621 606 1629 .
656 1621 665 1630 .
716 1621 724 1630 ,
775 1622 783 1630 .
889 1595 922 1639 7,
950 1594 1004 1630 11.
1063 1620 1072 1629 .
1123 1621 1130 1629 .
1242 1594 1296 1638 13,
1323 1595 1377 1639 17,
1394 1595 1452 1641 19,
1470 1594 1526 1631 23.
1726 1595 1772 1632 24

238 1655 288 1691 Et
313 1658 443 1690 cetera.

890 1751 1077 1799 CAPUT
1114 1752 1163 1798 11.

599 1833 662 1869 De
688 1833 907 1869 Sectione
931 1832 1205 1869 Harmonica
1230 1832 1454 1869 Chordae.

269 1932 470 1972 Hactenus
503 1932 690 1980 originem
721 1930 923 1969 docuimus
954 1929 1263 1968 harmonicarum
1303 1932 1613 1981 proportionum,
1658 1944 1821 1984 eamque
1852 1933 1926 1972 du-

125 1992 279 2043 plicem,
313 2002 430 2029 unam
461 1990 724 2028 immediatam
765 2001 790 2027 a
819 1988 952 2039 figuris
992 1987 1360 2026 demonstrabilibus
1391 1989 1605 2039 iisdemque
1647 1995 1686 2029 et
1724 1994 1925 2042 congruis3

127 2050 287 2089 alteram
326 2048 522 2087 mediante
563 2049 812 2097 proportione
854 2046 995 2096 dupla,
1043 2057 1121 2095 qua
1163 2047 1296 2084 nititur
1346 2049 1684 2086 consonantiarum
1730 2050 1926 2089 identitas.

130 2109 228 2147 Cum
259 2112 390 2147 autem
421 2106 593 2144 infinitae
624 2108 702 2144 sint
731 2105 978 2143 harmonicae
1008 2106 1276 2154 proportiones
1309 2116 1454 2154 eaeque
1488 2106 1617 2155 quoad
1639 2113 1810 2147 nostram
1832 2121 1927 2158 cog-

129 2168 318 2205 nitionem
349 2164 476 2204 adhuc
506 2163 639 2212 rudes,
678 2162 897 2213 impolitae,
938 2164 1211 2212 inconspicuae
1244 2167 1282 2201 et
1313 2164 1574 2202 innominatae
1606 2170 1644 2203 et
1675 2173 1928 2205 coacervatae

128 2237 197 2264 seu
229 2224 417 2274 disjectae
446 2224 600 2273 potius,
645 2226 689 2260 ut
719 2221 853 2270 aliqua
882 2221 1036 2259 rudium
1066 2220 1239 2270 lapidum
1269 2220 1539 2272 lignorumque
1582 2225 1714 2273 copia:
1756 2227 1929 2274 sequitur

130 2290 174 2322 ut
204 2282 496 2333 progrediamur
526 2280 576 2319 ad
607 2291 674 2319 eas
706 2279 922 2330 poliendas,
955 2278 1005 2317 ad
1035 2280 1192 2317 nomina
1222 2280 1316 2328 ipsis
1348 2279 1528 2330 indenda,
1561 2281 1727 2332 denique
1758 2283 1806 2321 ad
1838 2283 1950 2333 pul<

130 2342 360 2381 cherrimum
391 2339 610 2379 aedificium
641 2339 863 2390 systematis
893 2337 1106 2376 harmonici
1138 2349 1207 2375 seu
1228 2337 1358 2376 scalae
1380 2340 1550 2377 musicae
1582 2342 1696 2379 exiis
1727 2345 1929 2379 exstruen-

131 2400 234 2450 dum,
266 2399 376 2450 cujus
407 2399 632 2438 constitutio
662 2408 740 2435 non
772 2402 830 2435 est
861 2396 1076 2444 arbitraria,
1108 2399 1151 2433 ut
1181 2397 1267 2444 quis
1300 2398 1472 2446 cogitare
1502 2400 1647 2447 possit,
1678 2410 1755 2437 non
1788 2401 1928 2438 inven-

131 2465 213 2497 tum
243 2458 457 2496 humanum
486 2455 583 2504 tale,
617 2455 720 2505 quod
750 2455 890 2493 mutari
921 2455 1039 2493 etiam
1067 2454 1212 2505 possit,
1249 2454 1316 2493 sed
1347 2455 1689 2495 rationabilissima
1718 2457 1928 2496 naturalis-

131 2518 325 2566 simaque,
371 2515 470 2554 adeo
510 2519 553 2552 ut
588 2513 697 2552 Deus
734 2514 818 2563 ipse
857 2512 1016 2551 Creator
1066 2511 1171 2550 illam
1214 2515 1445 2562 expresserit
1494 2516 1531 2551 in
1576 2517 1927 2566 contemperatione

133 2580 309 2614 motuum
341 2573 581 2613 coelestium.
643 2571 972 2622 Coagmentantur
1002 2575 1132 2608 autem
1161 2572 1430 2620 proportiones
1461 2571 1707 2611 harmonicae
1737 2575 1776 2610 in
1807 2585 1925 2612 unum

132 2639 303 2685 systema
337 2643 406 2683 per
445 2632 636 2670 sectiones
676 2629 843 2669 chordae
873 2629 1139 2676 harmonicas,
1183 2640 1283 2678 quae
1315 2635 1411 2678 quot
1451 2631 1528 2669 sint
1557 2642 1738 2679 numero,
1781 2631 1821 2669 id
1849 2632 1923 2670 hoc

132 2693 260 2744 capite
288 2687 589 2742 perquirendum
618 2688 702 2727 erit.

242 2755 266 2780 a·
323 2752 347 2778 κ·
526 2746 790 2786 Definitio
852 2744 948 2783 Cum
979 2749 1062 2783 tota
1092 2744 1237 2782 chorda
1266 2751 1419 2784 secatur
1448 2747 1486 2783 in
1516 2750 1644 2796 partes
1675 2746 1795 2794 tales,
1827 2758 1926 2797 quae

235 2782 274 2838 ’Ξ
315 2780 347 2871 Ξ
405 2810 444 2845 61
473 2808 572 2844 inter
602 2817 643 2844 se
675 2810 713 2844 et
743 2815 830 2843 cum
861 2808 944 2841 tota
974 2802 1151 2851 singulae
1182 2810 1415 2852 consonent,
1447 2806 1567 2843 sectio
1598 2804 1822 2844 harmonica
1851 2816 1925 2843 no-

156 2875 185 2910 3
243 2840 266 2912 ἒ
325 2877 348 2931 Ξ
405 2865 465 2903 bis
496 2864 655 2902 dicetur.
715 2861 887 2900 Medium
918 2871 1010 2898 vero
1040 2861 1220 2899 sectionis
1242 2861 1370 2911 hujus,
1400 2863 1545 2900 musice
1569 2859 1628 2914 (id
1655 2868 1714 2900 est
1734 2860 1923 2916 consone)

153 2913 186 2961 13
235 2914 267 2959 ὣ
316 2933 348 2958 m
404 2923 737 2973 proportionatae,
767 2924 826 2959 est
846 2920 1013 2969 partium
1035 2917 1197 2956 duarum
1219 2920 1440 2969 aequalium
1461 2931 1557 2967 una,
1588 2920 1654 2958 vel
1683 2922 1716 2958 si
1736 2923 1925 2970 inaequa-

151 2973 185 3008 2·
234 2974 266 3007 1·
312 2974 347 3007 ²¹·
406 2980 477 3029 les,
510 2992 640 3019 earum
671 2978 817 3029 major;
848 2982 1020 3016 extrema
1051 2978 1309 3026 proportionis
1331 2989 1523 3018 consonae
1553 2984 1642 3016 sunt
1667 2991 1756 3028 pars
1775 2978 1924 3029 reliqua

153 3031 186 3126 ¹3·
206 3030 282 3115 Mad
322 3031 351 3125 1¹·
411 3039 476 3078 vel
506 3040 630 3077 minor
660 3043 699 3077 et
728 3034 872 3076 chorda
903 3039 996 3073 tota.

243 3093 259 3115 8
286 3108 293 3116 .

527 3093 704 3129 Observet
735 3095 917 3136 geometra
949 3088 1150 3134 analogiam
1182 3090 1424 3136 proportionis
1450 3090 1589 3126 divinae
1625 3101 1688 3126 seu
1725 3090 1920 3127 secundum

172 3148 330 3182 Extrema
410 3149 571 3182 extrema
595 3150 631 3181 61
653 3143 820 3187 medium,
844 3143 882 3179 in
906 3153 978 3187 qua
1003 3148 1080 3178 tota
1104 3143 1217 3179 habet
1240 3143 1391 3179 eandem
1413 3143 1684 3188 proportionem
1713 3142 1759 3179 ad
1783 3147 1921 3188 partem
