1988 3276
136 139 189 177 64
637 135 824 182 Epistulae
847 135 995 184 Kepleri
1017 137 1239 186 aliorumque
1262 141 1408 175 mutuae

134 255 303 296 exemplar
326 255 363 286 in
387 264 421 286 se
444 254 601 295 possidet.
640 254 733 288 Hinc
755 256 851 290 homo
876 254 922 300 (et
943 266 1022 301 non,
1045 260 1084 290 ut
1106 258 1279 291 crassiores
1303 256 1493 299 philosophi
1514 258 1754 300 existimarunt,
1781 260 1913 300 propter

136 303 281 342 corporis
306 302 357 333 sui
383 302 556 333 materiam
579 302 632 334 vel
669 301 830 335 naturalis
861 305 913 336 sui
942 305 1077 345 spiritus
1099 303 1223 349 ideam)
1257 305 1492 337 microcosmus
1525 304 1646 337 dicitur
1673 303 1912 346 principaliter,

135 347 214 380 licet
238 352 271 380 et
296 352 428 389 propter
451 349 623 381 materiam
647 359 687 382 ac
710 351 863 391 spiritum
885 350 1070 384 naturalem
1093 351 1337 395 quodammodo
1371 351 1460 383 idem
1483 349 1550 383 dici
1570 355 1699 393 posset,
1729 350 1788 384 sed
1816 349 1914 396 longe

133 396 281 427 inferiori
304 396 441 430 ratione.
474 395 596 428 Anima
619 406 730 429 omnes
755 398 923 438 cognoscit
947 401 980 430 et
1002 399 1103 430 sentit
1126 399 1326 442 harmonias,
1351 398 1404 430 vel
1427 407 1449 429 a
1472 398 1600 442 spiritu,
1623 399 1660 430 in
1678 398 1816 430 materia
1839 398 1914 430 har-

135 443 280 474 moniam
305 451 396 473 suam
421 442 605 486 exhibente,
630 444 807 487 admonita,
837 445 889 476 vel
915 445 965 487 (ut
985 448 1072 478 recte
1095 445 1230 478 Proclus
1260 454 1282 477 a
1305 448 1338 477 te
1369 445 1543 485 allegatus)
1575 445 1755 477 secundum
1787 445 1914 476 incom-

135 489 329 530 prehensam
359 498 451 520 suam
485 490 672 522 facultatem
710 499 748 522 ex
781 491 955 533 principiis
985 492 1172 533 anticipatis
1204 492 1311 524 omnis
1342 492 1471 533 generis
1501 491 1743 524 harmoniarum
1773 491 1915 523 rationes

135 545 261 568 eruens.
309 535 362 567 Ad
391 536 592 568 harmoniam
626 538 804 578 requiritur
834 541 921 570 certa
952 540 1165 571 terminorum
1186 537 1408 583 ἡρμοσμενων
1432 537 1646 574 coordinatio.
1684 538 1841 571 ‚Termini
1863 536 1916 570 vel

134 586 211 614 sunt
235 583 417 615 materiales
449 583 502 615 vel
526 584 713 623 spirituales
748 594 805 616 seu
837 585 970 619 ideales.
1015 583 1205 617 Materiales
1228 595 1247 616 a
1272 585 1499 626 spiritualibus
1535 587 1568 617 et
1595 585 1774 618 secundum
1804 593 1916 617 eorum

133 629 224 661 ideas
257 639 314 670 per
345 631 481 671 spiritus
515 631 726 672 archetypum
756 632 909 663 materiae
943 635 1090 672 gerentes
1121 632 1363 664 coordinantur.
1417 633 1552 673 Absque
1581 631 1641 664 hac
1671 631 1916 664 coordinatione

132 675 321 709 harmonica
353 686 372 707 a
402 677 520 717 spiritu
552 679 621 717 eJus
655 678 842 709 harmoniae
876 679 1014 710 scientia
1045 679 1194 720 praedito
1223 679 1385 722 profecta,
1415 677 1508 710 nulla
1536 688 1586 710 res
1617 679 1786 711 materiata
1814 687 1915 720 prop-

133 725 287 764 tereaque
312 733 373 755 nec
395 724 613 756 immateriata
639 725 815 756 consistere
845 728 963 765 potest.
1011 726 1055 758 At
1079 726 1267 757 consistunt
1291 727 1394 757 totius
1426 726 1572 758 universi
1601 735 1652 758 res
1682 734 1810 757 omnes:
1842 733 1916 764 ergo

131 770 166 800 in
201 770 369 802 harmonia
401 774 433 802 et
465 780 523 810 per
547 771 759 804 harmoniam.
808 770 1000 804 consistunt
1029 774 1138 804 autem
1161 773 1264 804 totius
1287 772 1432 804 universi
1453 781 1506 804 res
1530 774 1621 805 extra
1643 773 1786 804 animam
1808 771 1917 803 homi-

133 817 195 857 nis,
221 826 294 856 ergo
319 820 352 848 et
376 817 562 849 harmoniae
587 827 698 849 earum
723 821 813 850 extra
845 820 988 851 animam
1010 819 1154 850 hominis
1178 820 1373 852 consistunt.
1415 817 1662 859 Cognoscuntur
1685 822 1795 851 autem
1816 819 1917 851 totius

133 864 280 895 universi
309 864 498 895 harmoniae
529 865 569 895 ab
603 865 712 896 anima
743 866 903 906 hominis,
943 875 1011 898 non
1043 867 1121 907 quia
1150 866 1258 897 anima
1287 866 1431 898 hominis
1463 867 1499 898 in
1533 867 1630 898 rebus
1665 867 1734 898 sive
1769 865 1918 898 terminis

133 911 327 942 relationem
357 920 414 942 seu
445 911 648 942 harmoniam
677 913 772 951 Juxta
803 913 1014 954 archetypum
1043 922 1139 945 suum
1177 913 1394 953 comparando
1434 913 1579 945 instituit
1613 915 1645 945 et
1679 913 1780 945 efficit
1815 911 1918 954 (quod

132 960 169 989 tu
195 966 336 989 asserere
365 958 504 1001 videris,
539 958 616 989 dum
642 967 777 1002 pugnas,
809 959 852 990 ad
876 960 1049 991 essentiam
1075 960 1263 991 harmoniae
1296 959 1558 992 constituendam
1584 960 1765 992 necessario
1797 959 1919 1000 requiri

133 1005 275 1035 animam
299 1008 547 1044 cognoscentem
579 1008 612 1036 et
642 1006 876 1046 percipientem
907 1007 1110 1039 harmoniam
1139 1007 1175 1038 ιιι
1199 1007 1319 1047 rebus),
1342 1006 1400 1039 sed
1424 1006 1514 1047 quod
1537 1007 1740 1038 harmoniam
1763 1006 1799 1038 in
1821 1006 1918 1038 rebus

130 1052 198 1091 Jam
224 1051 438 1083 constitutam
462 1061 481 1082 a
503 1053 636 1092 proprio
667 1051 770 1084 ideali
800 1055 957 1094 cujusque
986 1054 1035 1085 rei
1067 1056 1099 1085 et
1123 1053 1311 1085 harmoniae
1334 1053 1529 1086 fabricatore
1559 1053 1680 1095 spiritu
1707 1062 1745 1085 ac
1771 1053 1918 1084 effectam

131 1098 275 1141 invenit,
315 1100 408 1138 quus
443 1097 585 1130 similem
615 1099 826 1140 archetypum
856 1109 914 1131 seu
943 1100 1055 1140 potius
1085 1103 1202 1140 typum
1236 1109 1310 1132 cum
1339 1100 1376 1132 in
1405 1109 1440 1132 se
1468 1101 1543 1141 ipsa
1572 1100 1757 1143 possideat,
1787 1100 1830 1131 ab
1860 1099 1920 1131 illa

133 1148 270 1176 externa
306 1154 413 1176 rerum
444 1148 535 1176 extra
574 1154 645 1177 eam
675 1147 856 1186 positarum
891 1147 1059 1178 harmonia
1088 1147 1217 1187 proprii
1252 1147 1421 1188 archetypi
1449 1146 1634 1187 admonita,
1670 1146 1819 1186 agnoscit
1847 1154 1920 1185 eam

132 1194 166 1222 et
187 1192 361 1231 intelligit:
398 1192 592 1232 archetypus
628 1193 714 1224 enim
745 1195 815 1233 eJus
844 1194 911 1234 ipsi
940 1193 1133 1233 congenitus
1168 1197 1201 1225 et
1229 1194 1422 1226 notissimus
1458 1197 1508 1226 est
1537 1203 1595 1235 per
1626 1196 1787 1227 naturam.
1834 1192 1921 1225 Hinc

129 1240 198 1278 J‘am
223 1240 377 1270 subverso
409 1239 470 1271 hoc
494 1241 551 1270 tuo
582 1239 795 1271 fundamento
827 1241 990 1281 sequitur:
1022 1240 1166 1272 animam
1194 1242 1227 1272 et
1258 1240 1394 1281 spiritus
1425 1241 1611 1284 quoslibet,
1637 1240 1696 1281 qui
1726 1240 1920 1280 archetypos

132 1285 374 1317 harmoniarum
416 1287 450 1316 ιιι
487 1286 585 1317 rebus
630 1285 705 1318 aliis
741 1288 953 1319 existentium
995 1287 1120 1319 habent
1155 1285 1197 1330 (v.
1233 1297 1264 1328 g.
1297 1287 1432 1328 spiritus
1466 1288 1658 1319 inferiorum
1699 1295 1808 1318 rerum
1845 1286 1920 1318 har·

132 1333 258 1364 monias
294 1333 498 1373 superiorum
538 1334 636 1364 etiam
673 1334 843 1366 continent
879 1335 914 1365 in
951 1343 1004 1378 se,
1046 1336 1202 1374 tanquam
1243 1337 1354 1366 centro
1392 1335 1600 1366 microcosmi
1641 1332 1814 1376 proximi),
1854 1341 1921 1365 ιιοιι

132 1382 259 1410 tantum
298 1381 518 1420 quantitatum
562 1380 789 1424 harmoniam,
834 1380 892 1412 sed
922 1382 1023 1412 etiam
1054 1379 1251 1422 qualitatum
1294 1381 1330 1412 in
1374 1381 1443 1413 suis
1478 1381 1638 1422 antitypis
1679 1380 1921 1423 persentiscere,

130 1425 314 1466 intelligere
345 1426 528 1467 iisdemque
559 1426 603 1458 ad
627 1427 689 1458 hoc
714 1428 767 1458 vel
797 1427 883 1458 illud
911 1428 1074 1467 agendum
1105 1427 1249 1459 incitari:
1283 1428 1370 1470 imo,
1400 1428 1467 1460 nisi
1496 1427 1538 1459 ad
1562 1428 1764 1460 harmoniam
1788 1426 1921 1468 quanti·

130 1476 238 1505 tatum
271 1476 304 1504 et
344 1474 545 1514 qualitatum
575 1473 617 1504 ad
647 1476 766 1505 certam
803 1475 1025 1514 operationem
1062 1475 1219 1515 requisita
1256 1475 1468 1514 congruentia
1505 1474 1652 1517 accedat,
1687 1472 1779 1505 nulla
1809 1473 1854 1505 sit
1885 1473 1922 1505 in

132 1518 346 1554 inferioribus
376 1521 557 1560 antitypica
587 1522 619 1552 et
651 1522 876 1561 superioribus
906 1521 1114 1553 consentiens
1148 1522 1312 1562 operati0;
1347 1522 1439 1553 verbi
1467 1521 1609 1564 gratias
1625 1520 1809 1562 oppositio,
1841 1528 1921 1552 con-

130 1567 272 1610 junctio,
298 1566 493 1607 quadratum
519 1570 579 1601 etc.
606 1565 761 1608 planetae
787 1577 862 1600 cum
885 1569 955 1600 fixa
979 1568 1129 1609 qualibet
1152 1566 1278 1599 nullam
1301 1568 1336 1599 in
1355 1567 1463 1599 Terris
1489 1566 1690 1608 peculiarem
1703 1567 1921 1600 mutationem

135 1621 365 1659 operationum
387 1620 516 1651 animae
541 1621 610 1652 sive
635 1621 771 1661 spiritus
795 1621 917 1653 terreni
935 1620 1055 1653 adfert.
1090 1621 1136 1652 At
1158 1629 1244 1661 quae
1268 1630 1367 1652 causa
1383 1624 1443 1664 est,
1469 1629 1526 1652 cur
1549 1619 1597 1662 Δ
1622 1619 1656 1661 (5
1675 1623 1710 1652 et
1732 1613 1774 1663 ‘ll
1789 1619 1920 1652 'l'erram

133 1678 369 1710 incommotam
392 1677 568 1723 relinquit,
594 1678 745 1721 solesque
768 1680 910 1722 reduxit,
935 1678 982 1722 Δ
999 1682 1109 1711 autem
1127 1675 1154 1725 ζ
1190 1688 1264 1711 cum
1294 1673 1335 1723 'll
1370 1679 1495 1710 imbres
1532 1681 1565 1710 et
1607 1677 1735 1719 pluvias
1773 1678 1920 1719 copiosas

134 1732 335 1762 commovit?
382 1731 487 1763 Juxta
518 1734 612 1762 tuam
644 1733 809 1764 rationem
839 1703 934 1763 null'a
965 1732 1140 1764 diversitas
1174 1739 1244 1763 esse
1276 1731 1418 1763 debebat
1446 1731 1599 1774 effectus,
1640 1739 1714 1762 cum
1745 1730 1921 1771 utrobique

134 1777 249 1808 eadem
275 1779 495 1818 quantitativa
519 1779 618 1810 fuerit
641 1779 824 1822 harmonia,
847 1789 909 1811 nec
933 1779 1058 1811 sufficit
1080 1779 1125 1810 ad
1149 1786 1283 1810 coecam
1306 1780 1340 1809 et
1363 1778 1510 1817 ignotam
1532 1777 1650 1810 Terrae
1673 1777 1922 1827 dispositionem

135 1825 333 1865 (quanquam
358 1828 390 1856 et
413 1825 495 1856 haec
518 1834 617 1865 saepe
640 1824 780 1857 multum
804 1826 929 1869 possit,
961 1826 1020 1857 sed
1043 1835 1112 1857 non
1143 1826 1214 1856 sine
1238 1825 1454 1865 praecedente
1477 1823 1696 1866 qualitativae
1718 1824 1922 1864 superiorum

133 1870 327 1902 harmoniae
344 1872 568 1910 instigatione)
594 1881 721 1912 semper
744 1882 926 1915 recurrere3
953 1875 1081 1905 certum
1105 1873 1193 1903 enim
1219 1875 1278 1914 est,
1304 1871 1441 1903 diversis
1464 1871 1606 1912 planetis
1631 1870 1776 1902 diversas
1801 1878 1920 1902 conve-

133 1917 205 1948 nire
229 1919 385 1949 materiae
410 1919 599 1961 qualitates,
626 1927 708 1973 quas
734 1928 774 1950 ex
798 1919 990 1950 inferiorum
1008 1920 1183 1950 observata
1208 1917 1497 1958 correspondentia
1519 1917 1563 1948 ad
1579 1917 1745 1958 superiora
1769 1914 1920 1956 colligere

133 1963 222 2006 licet,
247 1968 284 1995 ut
307 1967 344 1995 tu
369 1973 500 2005 quoque
525 1965 613 1995 idem
636 1966 671 1996 in
696 1966 806 1997 Tertio
832 1965 1077 1997 Interveniente
1092 1974 1161 1996 non
1178 1965 1315 1996 obscure
1332 1964 1490 1996 docuisti:
1515 1972 1713 2004 quamquam
1734 1961 1808 1995 illic
1822 1971 1920 2004 prae-

133 2013 183 2040 ter
207 2020 336 2042 omnem
359 2011 519 2042 rationem
544 2011 624 2043 duas
649 2010 831 2052 qualitates
855 2021 996 2051 magnae
1022 2014 1107 2043 certe
1134 2012 1317 2054 efficaciae,
1343 2011 1526 2042 siccitatem
1550 2009 1678 2042 scilicet
1700 2012 1733 2041 et
1755 2009 1920 2049 {rigidita-

134 2058 220 2096 tem,
246 2066 263 2088 e
288 2057 486 2098 qualitatum
510 2066 645 2089 numero
678 2068 795 2098 magno
833 2067 906 2089 cum
938 2058 1105 2099 triumpho
1140 2057 1198 2089 sed
1229 2060 1304 2088 ante
1337 2057 1510 2089 victoriam
1542 2057 1688 2097 ejeceris.
1737 2055 1821 2088 Cum
1845 2065 1920 2096 ergo

134 2103 270 2146 doceas,
309 2105 515 2135 harmoniam
540 2108 630 2135 extra
654 2106 798 2136 animam
831 2105 1008 2136 subsistere
1031 2114 1098 2136 non
1123 2109 1236 2145 posse,
1272 2106 1386 2144 utpote
1423 2112 1506 2144 quae
1543 2103 1588 2135 ad
1618 2103 1922 2144 praedicamentum

133 2148 302 2182 relationis
327 2152 504 2193 pertineat,
538 2154 711 2192 propterea
736 2151 825 2192 quod
851 2153 895 2183 sit
919 2151 1094 2183 harmonia
1127 2151 1236 2182 omnis
1266 2150 1344 2182 ordo
1376 2150 1525 2191 quidam:
1561 2150 1679 2181 relatio
1714 2153 1824 2182 autem
1847 2150 1921 2182 sine

133 2200 244 2229 mente
269 2197 355 2228 nihil
380 2201 439 2240 est,
466 2201 694 2238 praeterquam
720 2197 834 2238 relata,
860 2207 944 2240 quae
968 2199 1044 2239 ipsa
1068 2206 1202 2241 quoque
1225 2206 1292 2229 non
1317 2198 1384 2228 sint
1406 2197 1508 2228 relata
1532 2196 1603 2228 aine
1620 2199 1740 2240 mente,
1763 2198 1921 2229 referente

134 2244 219 2275 inter
244 2254 278 2275 se
302 2245 459 2275 terminos
484 2246 565 2276 istos
590 2244 777 2276 relationis:
809 2254 931 2287 quaero
963 2254 1004 2276 ex
1034 2248 1084 2288 te,
1122 2253 1221 2287 quam
1245 2244 1301 2275 hic
1323 2247 1465 2275 mentem
1488 2243 1676 2283 intelligas?
1709 2252 1754 2275 an
1777 2244 1920 2276 animam

133 2290 295 2334 hominis,
330 2300 373 2322 an
407 2291 552 2322 animam
583 2292 652 2323 sive
679 2292 833 2332 spiritum
857 2291 976 2323 Terrae
1002 2294 1193 2332 ceterosque
1224 2299 1333 2322 rerum
1356 2288 1586 2322 sublunarium
1609 2291 1768 2331 spiritus?
1816 2289 1919 2331 Certe,

133 2341 170 2368 ut
196 2347 235 2368 ex
260 2341 330 2377 toto
355 2338 418 2369 hoc
443 2341 558 2378 quarto
582 2338 668 2369 libro
694 2336 824 2382 colligo,
849 2338 1009 2377 intelligis
1034 2347 1092 2378 per
1117 2340 1259 2369 mentem
1283 2338 1373 2380 haec,
1401 2346 1483 2377 quae
1507 2337 1614 2379 attuli,
1640 2338 1761 2369 omnia.
1793 2337 1919 2369 Existi-

133 2393 202 2415 mas
226 2385 340 2428 igitur,
366 2386 566 2425 superiorem
591 2385 882 2424 configurationem
905 2383 1112 2425 planetarum
1135 2393 1203 2416 non
1228 2393 1298 2415 esse
1315 2384 1519 2415 harmoniam
1543 2384 1613 2415 sine
1631 2383 1728 2416 dictis
1742 2383 1919 2427 mentibus,

135 2440 208 2470 ergo
234 2440 299 2462 non
326 2435 420 2462 erunt
443 2432 478 2462 in
501 2432 644 2472 planetis
670 2431 804 2472 spiritus
821 2431 1002 2474 archetypi,
1027 2434 1152 2462 motum
1179 2434 1211 2462 et
1235 2431 1527 2470 configurationem
1549 2431 1647 2462 istam
1670 2433 1740 2462 tam
1755 2430 1920 2462 efficacem

134 2480 166 2508 et
191 2478 417 2510 harmonicam
443 2478 621 2517 dirigentes
647 2481 679 2510 et
702 2478 907 2510 ordinantes:
941 2487 1016 2517 ergo
1041 2477 1179 2509 fortuito
1202 2477 1251 2508 ita
1273 2478 1425 2518 planetae
1449 2477 1667 2509 movebuntur
1689 2480 1723 2509 et
1745 2476 1805 2509 hos
1830 2475 1919 2509 ordi-

133 2533 203 2567 nes,
229 2534 311 2565 quos
336 2525 545 2556 observamus
572 2526 732 2567 efficaces,
759 2524 920 2556 efficient:
946 2533 1020 2563 ergo
1046 2525 1188 2565 primum
1213 2524 1348 2565 spiritus
1374 2522 1568 2555 sublunares
1591 2524 1795 2556 harmoniam
1819 2530 1919 2564 supe-

134 2572 230 2603 rioris
253 2571 408 2603 materiae
433 2571 675 2602 coordinationi
698 2571 928 2613 introducent,
959 2569 1042 2602 alias
1067 2571 1216 2602 manebit
1239 2566 1468 2613 ἀναρμοστοςε
1501 2579 1577 2610 ergo
1601 2573 1709 2602 motus
1732 2572 1766 2602 et
1789 2569 1919 2602 coordi-

133 2619 223 2650 natio
249 2619 453 2658 superiorum
478 2626 650 2658 corporum
674 2618 798 2649 carebit
829 2618 948 2658 spiritu
978 2617 1227 2648 harmoniarum
1260 2625 1391 2648 suarum
1420 2617 1559 2649 scientia
1581 2615 1747 2660 praedito,
1783 2619 1816 2649 et
1848 2617 1919 2649 sine

135 2665 254 2706 spiritu
277 2665 464 2696 moderante
489 2668 521 2695 et
545 2666 749 2696 sustentante
773 2665 914 2695 materia
938 2674 972 2696 se
998 2665 1106 2704 ipsam
1130 2663 1283 2706 agitabit,
1308 2663 1399 2705 quod
1422 2665 1532 2695 tamen
1556 2666 1670 2696 contra
1691 2664 1847 2696 materiae
1871 2665 1920 2695 est

137 2712 370 2754 conditionem,
398 2714 430 2743 et
454 2712 648 2742 sublunaria
661 2713 789 2742 tantum
814 2711 968 2750 spiritum
993 2710 1238 2741 harmoniarum
1260 2709 1345 2741 ideIs
1370 2712 1403 2741 et
1426 2711 1573 2743 scientiis
1597 2712 1792 2742 exornatum
1815 2710 1917 2742 habe-
1975 2712 1977 2715 “

134 2759 229 2792 bunt.
263 2758 352 2790 Haec
377 2767 418 2789 ex
444 2762 503 2789 tua
526 2758 705 2789 assertione
730 2760 927 2798 sequuntur:
952 2757 1074 2798 quibus
1098 2765 1174 2787 vero
1199 2757 1374 2788 momentis
1398 2757 1562 2789 rationum
1585 2760 1622 2788 tu
1644 2756 1727 2788 talia
1750 2760 1917 2789 astructu-

135 2814 189 2836 rus
217 2806 272 2848 sis,
297 2805 429 2837 videbo.
477 2805 568 2836 Haec
591 2807 700 2835 autem
723 2812 801 2834 vera
827 2806 914 2845 sunt,
941 2802 1030 2843 quod
1054 2803 1226 2834 inferiores
1251 2803 1387 2843 spiritus
1410 2803 1598 2835 harmonias
1622 2803 1826 2843 superiorum
1851 2811 1919 2835 non

135 2853 349 2892 perciperent,
375 2861 442 2883 non
466 2852 644 2893 sentirent,
676 2850 742 2882 nisi
765 2849 979 2889 archetypum
1002 2849 1055 2880 vel
1077 2849 1189 2889 potius
1213 2852 1330 2889 typum
1353 2850 1598 2882 harmoniarum
1622 2850 1826 2889 superiorum
1849 2858 1917 2882 om·

136 2898 228 2928 nium
252 2899 347 2930 in'se
370 2899 544 2952 haberent,
575 2896 770 2938 praesertim
794 2899 905 2927 autem
928 2896 1038 2927 anima
1061 2895 1223 2938 hominis,
1259 2896 1347 2927 unde
1379 2898 1489 2928 tamen
1515 2893 1607 2927 nullo
1636 2895 1734 2928 modo
1759 2896 1917 2939 sequitur,

138 2946 308 2984 superiora
346 2953 455 2977 carere
493 2945 560 2975 suis
592 2944 763 2984 spiritibus
791 2943 995 2983 propriarum
1026 2941 1290 2985 harmoniarum,
1325 2942 1503 2975 secundum
1536 2951 1618 2984 quas
1649 2943 1804 2975 materias
1839 2950 1917 2974 suas

137 2991 273 3030 spiritus
298 2992 355 3023 isti
381 2991 560 3031 disponunt
584 2994 616 3021 et
641 2999 710 3022 esse
734 2990 860 3021 faciunt
884 2986 980 3030 (nihil
1005 2988 1093 3019 enim
1118 2991 1167 3019 est
1191 2989 1261 3021 sine
1286 2987 1346 3020 tali
1372 2988 1618 3021 coordinatione
1635 2989 1854 3032 scientiosius,
1878 2990 1917 3020 ut

137 3037 187 3067 ita
211 3038 339 3079 loquar.
365 3039 434 3069 sive
458 3037 662 3068 coordinatio
687 3037 750 3068 ista
773 3036 817 3067 sit
839 3035 1031 3067 harmonica
1043 3036 1184 3077 proprie,
1210 3037 1278 3067 sive
1302 3031 1538 3089 ἀναρμοστιις),
1563 3035 1745 3079 spiritibus,
1769 3035 1916 3078 inquam,

139 3092 256 3124 carere,
282 3085 489 3124 propriarum
513 3084 758 3114 harmoniarum
782 3082 913 3123 peritis·
938 3081 967 3112 si
992 3090 1065 3121 ergo
1091 3081 1215 3113 habent
1240 3091 1376 3122 corpora
1392 3082 1560 3122 superiora
1583 3083 1717 3122 spiritus
1741 3090 1817 3114 suos
1839 3082 1915 3113 har-

138 3131 322 3162 moniarum
345 3131 485 3171 peritos,
526 3131 623 3161 etiam
655 3130 695 3161 ab
720 3129 795 3161 istis
819 3127 999 3161 secundum
1036 3128 1223 3160 harmonias
1253 3129 1404 3169 proprias
1436 3128 1650 3168 disponentur
1682 3130 1714 3161 et
1742 3131 1915 3169 propterea
