1994 3276
633 191 870 237 Harmonicis.
916 191 1027 228 Liber
1039 191 1105 228 ΠΙ.
1129 191 1247 238 Caput
1263 191 1325 227 IV.
1786 194 1869 235 142

90 325 177 355 uus
204 318 245 354 et
271 314 494 366 longissime
524 313 679 354 diversa
704 314 758 351 sit
783 323 904 351 eausa
931 312 1116 352 scientiae
1144 310 1273 350 solida
1292 309 1491 362 quantitas
1519 320 1545 348 a
1563 307 1694 362 plana,
1724 310 1869 362 qnippe

90 372 165 412 illa«
188 371 340 413 duabus
367 372 505 412 mediis
533 371 886 423 proportionalibus
914 372 1053 418 utitur,
1093 380 1190 421 quas
1219 371 1310 408 sciri
1345 369 1563 419 promiscue
1597 372 1659 407 est
1686 365 1871 419 impos'si-

90 430 182 479 bile,
208 441 336 481 neque
364 433 512 470 numeri
542 430 624 469 ulla
652 430 713 468 vis
748 440 835 468 esse
864 434 1012 480 potest.
1054 435 1246 479 quatenus
1285 432 1328 466 ut
1356 437 1560 465 numerans
1596 425 1869 475 consideratur,

91 499 220 539 nequo
246 489 362 529 etiam
390 489 499 538 origo
529 488 645 539 hujus
672 488 855 526 trinitatis
884 486 1107 526 immediate
1135 492 1194 525 est
1229 485 1281 524 ab
1310 487 1479 523 essentia
1509 483 1643 523 divina
1676 495 1746 534 per
1774 495 1871 524 cau-

91 548 280 587 sationem
308 547 585 598 exemplarem,
627 556 713 584 eum
743 547 965 596 apparuerit
991 557 1131 597 snpra,
1169 544 1349 594 componi
1378 553 1536 582 eausam
1566 543 1620 580 rei
1650 553 1699 581 ex
1725 543 1871 592 princi-

90 605 167 655 piis
195 604 417 656 explicatis,
462 615 564 655 quae
591 614 838 654 nequaquam
875 602 1078 652 intendunt
1106 613 1308 641 numerum
1347 600 1517 651 aliquem
1548 610 1686 638 vocum
1722 611 1790 652 per
1816 611 1871 648 se,

92 661 162 702 sed
190 674 292 713 quae
320 673 439 702 voces
467 663 574 712 ipsas
610 663 708 700 inter
743 673 787 700 se
824 661 999 711 singulas
1039 661 1203 710 singulis
1239 661 1462 709 coaptantia
1491 657 1712 697 harmonice
1749 664 1789 698 et
1816 660 1874 698 sic

94 722 209 771 quasi
235 719 343 760 alind
371 722 530 770 agentia
563 731 633 771 per
660 719 840 759 accidens
877 719 1046 758 efficiunt
1075 718 1222 769 aliquid
1252 716 1378 756 simile
1408 716 1552 756 divinis
1589 722 1746 767 propter
1773 727 1872 756 eun-

93 777 180 818 dem
206 789 429 827 numernm3
466 777 572 828 quod
600 777 702 816 idem
730 778 847 816 ctiam
885 778 924 815 in
952 777 1128 828 plurimis
1156 776 1273 815 rebus
1302 774 1389 815 aliis
1425 776 1644 824 frequenter
1673 776 1872 825 contingit.

204 835 392 883 Breviter,
421 847 602 874 numerus
629 835 693 874 hic
721 836 911 889 ternarius
939 847 1017 875 non
1047 841 1107 875 est
1135 834 1306 875 efficiens
1334 844 1453 872 cansa
1477 832 1773 879 harmoniarum,
1804 831 1875 884 sed

94 893 260 934 effectus
281 895 414 945 ipsius,
444 905 515 934 seu
546 894 704 933 enectae
733 893 956 932 harmoniae
976 905 1125 941 comes,
1155 903 1232 930 non
1258 892 1436 931 informat
1455 890 1687 937 harmonias,
1716 889 1786 930 sed
1814 896 1877 930 cst

94 951 240 995 formas
266 951 638 1002 resplendescentia3
666 962 744 989 non
765 958 828 991 est
855 953 1016 990 materia
1034 963 1174 991 vocum
1195 950 1515 996 harrnonicarnm,
1545 947 1616 988 sed
1637 953 1696 987 est
1718 947 1875 987 soboles

93 1014 295 1059 procreata
323 1021 372 1049 ex
399 1009 589 1048 materiali
618 1010 871 1057 necessitate;
908 1021 986 1047 non
1017 1016 1076 1048 cst
1104 1009 1191 1047 finis
1222 1002 1272 1048 οὗ
1301 1006 1426 1055 ἕνεκα,
1467 1005 1537 1046 sed
1567 1011 1626 1045 est
1654 1008 1876 1046 extremitas

93 1068 241 1117 operis3
272 1067 437 1118 denique
467 1067 561 1106 nihil
592 1072 652 1106 cst
680 1066 727 1105 de
756 1078 796 1105 re
826 1067 911 1117 ipsa
941 1067 1175 1113 harmonica,
1206 1065 1275 1105 sed
1306 1071 1365 1104 est
1394 1076 1463 1104 ens
1490 1065 1661 1103 rationis·
1682 1064 1877 1103 secunda-

92 1126 190 1164 rium
218 1131 260 1165 st
285 1127 425 1165 mentis
454 1131 674 1175 conceptus,
703 1124 898 1165 secundae
927 1126 1162 1165 intentionis.
1221 1124 1352 1163 Nihilo
1371 1123 1497 1173 magis
1526 1123 1630 1162 enim
1660 1127 1720 1161 est
1750 1134 1874 1173 quae-

93 1182 265 1231 rendum,
295 1195 363 1223 eur
392 1194 511 1222 voees
538 1183 665 1222 solum
693 1189 824 1222 ternae
855 1189 1068 1222 consonent
1096 1183 1334 1228 harmonice,
1365 1186 1503 1232 quarta
1534 1185 1573 1220 et
1602 1191 1736 1219 omnes
1765 1180 1870 1220 aliae

93 1251 162 1290 per
189 1240 331 1291 duplae
359 1242 619 1292 proportionis
647 1243 939 1280 consonantiam
967 1241 1127 1280 redeant
1146 1239 1432 1291 quodammodo
1458 1241 1497 1277 in
1517 1238 1631 1286 idem,
1662 1247 1779 1289 quam
1808 1249 1878 1277 cur

94 1309 161 1346 sex
202 1304 352 1338 tautum
389 1299 504 1349 bigae
545 1300 622 1337 sint
652 1300 691 1336 in
733 1299 906 1348 qnalibet
944 1305 1103 1347 octava,
1143 1310 1260 1338 senae
1301 1298 1638 1337 consonantiarum
1667 1296 1878 1348 triplicium

94 1356 253 1397 formae.
313 1355 369 1396 Ut
394 1359 496 1396 enim
525 1357 699 1396 senarius
728 1358 801 1396 iste
831 1368 908 1396 non
939 1363 999 1396 εει
1030 1369 1055 1396 a
1084 1369 1152 1398 sex
1173 1357 1310 1395 diebus
1330 1356 1547 1403 creationis,
1576 1355 1634 1393 sic
1657 1363 1783 1405 neque
1813 1353 1879 1393 ille

95 1416 286 1454 ternarius
313 1421 374 1454 εει
402 1420 557 1466 propter
585 1414 813 1453 Trinitatem
849 1426 1100 1466 personarum
1134 1417 1174 1453 in
1205 1415 1373 1453 Deitatc.
1432 1412 1509 1453 Sed
1545 1424 1631 1452 cum
1662 1414 1714 1451 sit
1748 1418 1879 1452 terna-

99 1473 187 1511 rius
215 1474 427 1513 eommunis
455 1474 572 1512 rebus
599 1472 742 1511 divinis
772 1479 814 1513 et
840 1472 1056 1520 mundanis,
1088 1474 1307 1523 ubicunque
1331 1474 1370 1510 —is
1399 1472 1575 1519 occurrit,
1604 1471 1880 1522 superveniens

100 1541 210 1570 mens
237 1530 429 1579 humana,
461 1542 663 1571 causarum
692 1532 849 1582 ignara,
879 1532 1204 1583 conspirationem
1233 1531 1335 1570 hanc
1362 1531 1533 1569 miratur.

841 1685 1028 1733 CAPUT
1063 1685 1133 1732 lv,

170 1780 233 1816 De
257 1783 361 1817 ortu
383 1782 700 1818 concinnornm
722 1780 1085 1827 intervallorum,
1123 1791 1237 1827 qnae
1261 1781 1474 1818 consonis
1498 1780 1673 1818 minora
1696 1783 1810 1816 sunt.

211 1886 310 1926 Cum
347 1898 484 1926 sensus
519 1893 699 1937 testetur,
737 1900 785 1927 ex
824 1887 976 1928 chordis
1014 1887 1229 1939 acqualiter
1268 1890 1388 1928 tensis
1425 1887 1578 1928 illarum
1614 1888 1765 1928 sonitus
1795 1898 1880 1927 esse

98 1946 313 1996 graviores,
341 1957 442 1996 quae
471 1952 561 1984 sunt
589 1946 803 1997 longiores,
834 1947 984 1984 illarum
1016 1949 1231 1995 acutiores,
1263 1959 1363 1997 quae
1393 1947 1612 1992 breviores,
1643 1945 1733 1985 hinc
1763 1955 1881 1984 voces

99 2005 199 2042 istae
222 2004 391 2053 ,iunctam
421 2009 587 2043 acutum
616 2011 655 2043 et
682 2016 825 2055 yrave,
867 2004 1102 2043 differentiae
1132 2011 1222 2043 sunt
1260 2005 1502 2044 harmonices
1531 2005 1722 2057 propriae.
1781 2003 1881 2042 Nam

99 2061 274 2111 singulae
302 2060 458 2111 quidem
485 2064 645 2101 seorsim
674 2063 837 2101 aliarum
867 2062 1105 2112 singularum
1141 2070 1231 2100 sunt
1260 2064 1525 2111 scientiarum,
1569 2064 1609 2100 in
1641 2062 1782 2112 quibus
1812 2072 1879 2100 co-

99 2118 281 2169 pulantur
318 2129 405 2157 eum
442 2121 632 2170 oppositis
670 2121 777 2169 aliis,
816 2126 973 2158 acutum
1012 2132 1099 2158 cum
1135 2122 1275 2159 obtuso
1313 2123 1351 2159 in
1381 2122 1611 2170 geometria,
1642 2131 1762 2171 grave
1794 2130 1881 2158 cnm

99 2176 179 2215 levi
207 2178 246 2214 in
275 2176 447 2227 physica.
507 2178 557 2216 Et
585 2178 716 2229 aliter,
754 2184 910 2217 acutum
939 2180 978 2215 in
1008 2179 1242 2218 mechanicis
1272 2185 1386 2218 sonat
1414 2179 1558 2218 subtile
1594 2183 1633 2218 et
1660 2182 1880 2229 penetrans,

51 2232 57 2240 ’
101 2245 221 2283 grave
249 2235 290 2272 in
318 2235 564 2274 sensualibus
593 2237 755 2274 sumitur
784 2235 832 2275 de
864 2235 1066 2285 odoribus,
1098 2238 1183 2287 qni,
1214 2242 1257 2275 ιιι
1285 2239 1423 2287 gravia
1450 2236 1636 2287 pondera,
1672 2237 1722 2275 ob
1755 2246 1882 2286 quan·

102 2291 191 2330 dam
220 2292 523 2341 magnitudinem
552 2299 643 2332 sunt
670 2295 797 2332 minus
827 2293 1061 2333 tolerabiles.
1122 2296 1175 2333 At
1207 2295 1367 2344 junctae
1398 2300 1557 2334 acutum
1600 2299 1638 2332 et
1666 2305 1791 2344 qrave
1819 2294 1882 2331 in-

34 2395 38 2403 ;
101 2355 237 2399 terque
266 2361 308 2388 se
338 2352 540 2399 oppositae
582 2353 735 2390 nonnisi
775 2351 822 2391 de
851 2353 1014 2390 vocibus
1052 2354 1304 2402 accipiuntur.
1363 2353 1548 2391 Retinent
1576 2357 1706 2391 tamen
1735 2350 1883 2401 aliquid

27 2993 38 3276 'l

104 2407 151 2446 de
179 2408 341 2457 pristino
371 2407 599 2457 significatu.
657 2409 758 2448 Nam
792 2414 837 2448 nt
875 2411 913 2446 in
943 2412 1153 2459 geometria
1190 2416 1345 2449 acutum
1374 2414 1432 2449 est
1470 2412 1597 2449 minus
1627 2410 1784 2457 obtuso,
1826 2410 1883 2448 sic

103 2466 220 2504 etiam
249 2466 288 2502 in
318 2463 538 2505 harmonice
567 2478 645 2505 vox
674 2473 789 2506 acuta
817 2471 930 2505 sonat
950 2479 1109 2517 parvam
1134 2478 1257 2518 eoque
1277 2473 1542 2518 penetrantem
1563 2473 1601 2506 et
1616 2467 1748 2514 altam,
1779 2465 1882 2505 idio-

103 2523 218 2561 tiemo
247 2524 461 2570 teutonico,
491 2528 530 2562 et
558 2524 787 2563 volitantem
826 2525 937 2574 quasi
967 2526 1005 2562 in
1036 2524 1206 2573 sublimi,
1244 2531 1399 2576 propter
1436 2525 1630 2576 quandam
1668 2525 1882 2563 levitatem.

104 2580 155 2617 Et
180 2584 225 2618 nt
253 2582 294 2618 in
322 2580 483 2630 physica
513 2583 648 2630 gravia
676 2583 1033 2632 habent'magnum
1063 2583 1227 2633 pondus,
1258 2584 1362 2622 levia
1381 2596 1557 2633 parvum,
1587 2585 1644 2621 sic
1673 2584 1789 2622 etiam
1819 2581 1884 2621 hic

47 2650 50 2651 ⁷
104 2639 237 2687 gravis
266 2649 344 2675 vox
374 2643 487 2675 sonat
513 2650 713 2688 magnam;
750 2646 868 2690 utque
898 2642 1035 2690 gravia
1065 2643 1103 2678 iu
1133 2641 1232 2680 libra
1261 2641 1422 2679 fundum
1458 2647 1496 2680 et
1526 2641 1704 2679 inferiora
1733 2644 1881 2690 petunt,

103 2694 210 2733 levia
237 2696 277 2732 in
306 2695 427 2733 altum
457 2695 649 2743 exsiliunt,
686 2699 743 2736 sic
772 2700 888 2737 etiarn
918 2700 956 2735 in
986 2698 1205 2738 harmonice
1235 2711 1312 2738 vox
1342 2700 1473 2748 gravis
1502 2704 1659 2750 propter
1686 2699 1883 2747 magnitu-

106 2751 232 2791 dinem
259 2759 458 2802 reputatur
477 2764 545 2803 pro
564 2754 791 2803 ponderosa,
822 2767 946 2806 eoque
966 2757 1135 2794 inferiori
1154 2769 1221 2796 seu
1240 2756 1430 2807 profunda
1450 2753 1626 2809 (basso);
1657 2766 1733 2794 vox
1753 2761 1883 2803 acuta,

59 2822 66 2840 τ
104 2811 163 2848 nti
192 2810 355 2858 dictum,
383 2822 453 2861 pro
486 2812 579 2848 alta.
636 2811 736 2850 Nam
766 2814 870 2863 quod
898 2815 936 2850 in
966 2814 1158 2854 testudine
1187 2815 1358 2865 hypate¹
1386 2813 1424 2851 id
1455 2820 1512 2852 εει
1541 2825 1712 2860 summa,
1743 2812 1884 2852 edebat

107 2878 264 2917 gravem
294 2879 451 2915 sonum,
483 2868 522 2906 id
552 2874 611 2906 est
639 2874 787 2908 tantum
817 2871 867 2909 ob
897 2871 981 2921 ejus
1010 2872 1125 2910 sitnm
1156 2875 1193 2910 in
1224 2874 1494 2918 instrumento,
1525 2876 1568 2909 nt
1597 2870 1725 2910 adhuc
1753 2870 1881 2922 hodie,

107 2935 183 2963 non
215 2926 265 2964 ob
294 2925 464 2975 aliquam
494 2927 603 2964 vocis
632 2927 920 2967 similitudinem
956 2940 1042 2967 cum
1072 2930 1225 2969 levibns
1264 2935 1302 2968 et
1332 2928 1730 2978 supervolitantibus.·
1775 2928 1882 2968 Situs

108 2988 236 3021 antem
266 2983 351 3032 eJus
380 2985 419 3021 in
449 2985 702 3023 instrumento
731 2986 916 3024 rationem
946 2986 1064 3025 habet
1092 2988 1356 3027 mechanicam
1386 2998 1433 3024 ex
1464 2997 1532 3034 eo,
1574 2985 1678 3036 quod
1705 2990 1811 3035 nete,
1842 2986 1882 3025 id

110 3044 170 3078 est
203 3040 339 3079 ultima
380 3045 419 3079 et
444 3042 594 3089 infima,
636 3043 727 3091 qnia
756 3046 869 3080 sonat
896 3046 1137 3088 acutissime,
1180 3046 1252 3082 fuit
1281 3043 1473 3094 pulsanda
1508 3044 1755 3093 creberrime;
1795 3056 1882 3084 cum

109 3099 238 3146 parvis
266 3099 471 3137 conveniat
498 3105 626 3137 motus
654 3099 791 3146 velox,
831 3104 870 3138 et
897 3111 990 3138 vero
1020 3101 1196 3140 deorsum
1227 3102 1426 3152 pulsamus
1457 3101 1672 3151 expeditius
1704 3102 1755 3140 ob
1784 3113 1881 3141 con-

109 3153 375 3194 formationem
402 3156 568 3209 pollicis‚
598 3168 713 3208 qnam
744 3168 904 3195 sursum.
967 3158 1125 3199 Accedit
1154 3161 1252 3201 inter
1282 3170 1419 3199 causas
1451 3161 1685 3213 experientia
1714 3161 1880 3211 gutturis
