1988 3276
141 166 222 204 110
721 161 776 197 De
799 161 1011 206 Figurarum
1037 161 1331 197 Harmonicarum

137 278 228 324 agit,
254 279 456 325 quicunque
477 277 538 313 hic
561 277 744 321 annititur,
770 281 808 313 et
831 277 1036 323 oppositum
1059 277 1097 313 in
1122 278 1264 322 adjecto
1290 277 1433 321 statuit,
1463 277 1644 314 confusus.
1691 277 1751 313 Ex
1774 287 1929 314 commu-

136 330 242 366 nibus
277 330 370 365 enim
399 330 489 365 nihil
521 328 652 376 cuique⁴
679 330 864 376 proprium
894 329 1142 365 concludetur.
1192 330 1253 366 Sin
1286 334 1406 366 autem
1437 329 1482 365 de
1513 327 1726 366 differentiis
1752 329 1930 376 specificis

135 381 327 428 linearum,
354 393 446 428 quae
472 383 669 420 dividendis
694 385 848 420 arcubus
875 382 1153 427 subtenduntur,
1179 391 1380 417 sermonem
1403 381 1641 428 instituimus,
1670 381 1748 427 jam
1770 386 1930 430 mutatur

137 439 251 470 status
288 435 507 481 quaestionis
545 441 581 472 et
612 447 679 482 pro
716 435 875 472 sectione
910 445 1014 470 arcus
1044 434 1232 470 omnifaria
1261 434 1493 471 substituitur
1525 435 1637 471 sectio
1669 432 1931 470 totiuscirculi

140 486 204 520 der
227 486 376 532 figuram
401 488 624 534 regularem,
649 499 742 535 quae
766 489 972 534 propositae
996 488 1189 523 subtensae
1213 497 1314 522 suam
1340 486 1542 532 specificam
1569 487 1827 533 proprietatem
1848 498 1930 524 con-

137 537 251 584 ciliat,
285 540 329 575 de
354 540 483 586 quibus
507 541 632 586 figuris
657 540 882 586 regularibus
906 551 972 575 nos
992 539 1068 583 jam
1093 551 1203 586 supra
1228 540 1363 584 egimus
1398 546 1434 576 et
1457 540 1495 575 in
1519 540 1752 586 sequentibus
1778 540 1930 586 amplius

136 601 299 636 agemus:
326 593 458 638 quippe
485 594 546 638 qui
570 594 653 642 ha·
664 594 742 638 ipsa
766 593 803 628 in
829 592 1040 638 quaestione
1065 593 1220 628 medium
1245 592 1516 639 quaerebamus,
1543 603 1613 639 quo
1637 591 1833 638 figurarum
1855 592 1932 629 illa·

134 655 214 680 rum
239 645 376 692 aliquas
401 646 604 683 describere
628 656 827 692 possemus.
877 646 964 681 Cum
988 645 1109 691 itaque
1131 645 1205 681 tale
1229 645 1384 681 medium
1418 648 1547 681 natura
1571 645 1700 682 debeat
1728 655 1808 682 esse
1831 645 1932 691 prius
1986 658 1988 660 ·

134 708 174 734 re
198 698 287 743 ipsa.
312 709 377 744 per
400 699 470 735 hoc
493 700 649 735 medium
674 699 874 744 efficienda,
899 697 1114 744 principium
1138 698 1262 743 utique
1288 701 1503 743 peteremus,
1529 698 1560 733 si
1581 697 1700 733 medio
1723 701 1848 734 nostro
1871 708 1932 734 ex·

134 749 314 794 pediendo
336 752 554 796 praesidium
579 764 601 788 a
626 753 750 797 figuris
774 752 997 797 regularibus
1022 755 1239 796 peteremus.

250 804 384 840 Verum
415 806 473 841 hic
497 806 723 842 adversarius
745 806 874 850 aliquis
908 805 1081 850 objecerit
1112 803 1219 848 mihi,
1257 802 1355 849 quod
1381 803 1528 848 Pappus
1551 801 1816 840 Alexandrinus
1839 802 1931 839 libro
1975 825 1978 827 >

136 861 263 902 quarto
287 858 625 894 Mathematicarum
651 858 926 903 Collectionum,
961 858 1134 903 proposit.
1162 858 1216 894 31.
1245 857 1461 901 tripartitam
1492 855 1614 901 anguli
1641 855 1838 891 sectionem
1861 861 1931 893 tra-

135 909 198 945 dat
219 920 287 955 per
308 911 563 956 hyperbolam,
601 916 639 947 et
673 912 839 956 proposit
875 910 941 954 35,
976 911 1060 946 data
1091 918 1303 955 quacunque
1334 908 1474 943 ratione
1509 906 1692 953 angulum
1712 918 1833 945 secare
1868 918 1932 955 per

140 963 404 1006 quadratricem
429 970 466 999 et
489 964 646 1009 helicen3
674 969 710 1000 et
736 964 879 1000 Clavius
905 963 1129 1000 Geometriae
1153 961 1335 998 Practicae
1359 960 1419 995 lib.
1443 959 1544 996 XIII.
1568 971 1671 1006 prop.
1693 960 1750 998 25.
1773 967 1935 1007 praestat

132 1013 226 1049 idem
251 1026 316 1060 per
340 1017 562 1052 conchoidea
585 1016 801 1053 Nicomedis.
850 1017 982 1052 Verum
1014 1016 1159 1051 illorum
1189 1017 1375 1049 auctorum
1403 1012 1549 1048 inventa
1571 1011 1709 1049 nullam
1743 1013 1930 1052 stabiliunt
1976 1037 1979 1042 ·

132 1067 408 1109 possibilitatem
433 1069 642 1105 omnifariae
678 1069 847 1105 sectionis
873 1069 1106 1113 geometricae
1132 1065 1359 1103 scientificae
1399 1065 1449 1101 Ut
1471 1064 1542 1100 hoc
1566 1067 1758 1113 appareat,
1774 1068 1930 1114 primum
1967 1064 1977 1085 ³

132 1119 249 1165 Pappi
272 1121 556 1157 machinationes
589 1123 683 1157 circa
716 1121 960 1157 trisectionem
989 1121 1197 1166 explicabo,
1236 1118 1365 1155 deinde
1399 1117 1639 1190 differentiam
1667 1118 1762 1157 inter
1789 1120 1870 1158 illas
1895 1126 1932 1158 et
1970 1156 1977 1164 ,,

134 1172 394 1217 descriptiones
419 1173 632 1210 scientificas
656 1175 694 1209 in
715 1173 797 1209 luce
821 1173 960 1209 locabo.

1970 1173 1981 1202 ,³

248 1224 405 1260 Primum
436 1226 514 1271 ipse
539 1227 686 1272 Pappus
715 1226 753 1262 in
783 1225 1015 1271 praeambulo
1047 1230 1131 1261 ante
1155 1225 1440 1271 propositionem
1463 1223 1518 1259 31.
1555 1221 1682 1259 dividit
1707 1224 1931 1270 problemata
1959 1223 1970 1240 ³

132 1278 238 1323 (quae
262 1279 474 1322 generaliori
499 1278 702 1339 significatu
726 1278 892 1314 vocabuli
917 1279 1133 1324 geometrica
1157 1276 1327 1323 appellat,
1354 1286 1436 1312 cum
1455 1274 1560 1312 nobis
1575 1276 1830 1319 geometricum
1846 1288 1928 1324 spe·
1968 1284 1977 1315 .·'

133 1330 258 1366 cialem
283 1341 426 1367 sensum
451 1331 594 1378 habeat)
619 1332 654 1367 in
679 1332 799 1377 plana,
825 1331 940 1367 solida
965 1337 1000 1367 et
1024 1331 1184 1376 linearia,
1208 1330 1428 1374 fateturque,
1453 1327 1697 1364 trisectionem
1721 1332 1843 1377 anguli
1866 1344 1932 1378 per

132 1383 240 1428 plana
272 1384 378 1429 (quae
411 1384 498 1419 mihi
529 1388 613 1420 sunt
638 1383 786 1429 speciali
817 1394 926 1420 sensu
958 1384 1185 1429 geometrica,
1224 1382 1422 1419 scientifica
1454 1380 1630 1426 graduum
1660 1382 1974 1430 explicatorum)
1971 1390 1974 1397 ⁴

133 1436 294 1496 expediri
318 1447 391 1472 non
414 1447 522 1482 posse
558 1447 672 1481 eaque
706 1435 750 1471 de
775 1446 896 1480 causa
929 1438 1092 1482 coarguit
1123 1437 1291 1483 antiquos
1317 1438 1519 1481 geometras
1553 1433 1747 1471 inconsulti
1770 1444 1929 1488 conatus,
1969 1415 1988 1475 ζῖ

136 1489 197 1535 qui
221 1489 280 1525 hic
305 1488 441 1524 frustra
467 1488 734 1526 desudaverint.
783 1489 867 1534 Ipse
893 1490 1002 1534 igitur
1024 1490 1270 1526 trisectionem
1289 1500 1392 1525 suam
1419 1486 1567 1534 expedit
1589 1496 1655 1532 per
1671 1487 1796 1536 solida,
1822 1492 1931 1527 omni-

133 1542 259 1579 fariam
283 1551 368 1577 vero
395 1542 591 1577 sectionem
615 1551 681 1587 per
703 1541 817 1578 lineas
841 1541 1029 1587 figuratas.

178 1622 182 1625 .
249 1595 480 1631 Trisectionis
509 1595 637 1631 modus
671 1599 726 1630 est
757 1594 852 1630 talis.
901 1595 1094 1641 Proposito
1127 1595 1259 1641 angulo
1283 1593 1507 1639 trisecand0‚
1540 1593 1697 1633 demissa
1726 1607 1772 1633 ex
1793 1599 1930 1642 puncto

135 1649 248 1685 cruris
281 1648 388 1684 unius
411 1648 703 1708 perpendiculari
732 1648 769 1683 in
794 1658 876 1683 crus
909 1647 1082 1693 alterum,
1121 1658 1214 1692 quae
1237 1647 1499 1693 longitudinem
1529 1658 1674 1684 crurum
1706 1649 1930 1696 intelligatur

134 1701 388 1746 determinare,
415 1706 451 1737 et
475 1701 508 1736 ei
533 1701 628 1736 cruri
652 1701 766 1745 alteri,
793 1700 948 1736 breviori
973 1700 1070 1736 facto
1094 1701 1424 1747 perpendiculoque
1449 1700 1568 1736 ductis
1584 1701 1780 1748 parallelis,
1809 1702 1861 1739 illi
1884 1712 1930 1738 ex

1966 1467 1988 1523 ,,

1962 1540 1988 1691 ij

1967 1682 1988 1740 1

134 1759 268 1799 puncto
293 1754 426 1813 primo,
452 1753 536 1789 huic
562 1763 606 1788 ex
630 1753 818 1798 proposito
843 1754 986 1799 angulo,
1010 1754 1065 1789 sic
1090 1759 1131 1789 ut
1155 1759 1408 1790 concurrentes
1433 1758 1573 1790 rectum
1603 1760 1641 1790 et
1664 1754 1765 1800 ipsae
1794 1755 1929 1792 faciant
1966 1741 1988 1803 Ι

134 1807 320 1852 angulum:
354 1807 430 1851 jam
454 1817 519 1852 per
543 1811 733 1852 punctum,
771 1806 808 1841 in
839 1807 934 1852 quod
961 1806 1116 1842 demissa
1145 1806 1472 1852 perpendicularis,
1504 1805 1592 1842 facit
1626 1807 1780 1844 transire
1804 1819 1927 1854 super-

1964 1817 1966 1819 ’
1983 1805 1988 1848 ἓ

133 1861 250 1897 ficiem
276 1859 373 1905 coni,
400 1859 536 1904 figurae
561 1859 716 1904 solidae3
753 1858 882 1894 deinde
907 1860 958 1895 sic
982 1860 1201 1905 applicatum
1225 1872 1355 1896 conum
1378 1860 1525 1896 inclinat
1554 1869 1619 1895 seu
1643 1871 1802 1897 annuere
1825 1861 1927 1908 facit,
1962 1864 1988 1895 2⁴

133 1913 370 1959 quoadusque
394 1913 424 1947 is
449 1923 530 1947 cum
555 1912 680 1947 eadem
704 1922 770 1947 sua
794 1912 983 1957 superficie
1009 1914 1214 1958 sectionem,
1240 1912 1461 1958 hyperbolen
1487 1914 1629 1962 dictam,
1663 1916 1702 1951 in
1726 1914 1836 1961 plano
1869 1913 1928 1950 de·

134 1967 262 2011 signet,
289 1965 477 2000 ductarum
502 1965 766 2010 parallelarum,
792 1970 833 1999 ut
850 1969 1090 2011 asymptoton‚
1116 1966 1314 2011 propriam:
1341 1971 1427 2002 tunc
1453 1978 1496 2002 ex
1512 1973 1648 2013 puncto
1672 1968 1746 2014 illo,
1771 1968 1809 2011 in
1832 1966 1927 2014 quod
1981 1967 1988 2003 ·.’

133 2022 189 2053 est
214 2017 368 2053 demissa
391 2017 707 2062 perpendicularis,
732 2017 931 2062 intervallo,
957 2019 1052 2063 quod
1071 2019 1117 2054 sit
1135 2019 1283 2064 duplum
1304 2019 1418 2056 cruris
1434 2020 1550 2066 primi,
1577 2021 1749 2058 describit
1765 2021 1803 2056 in
1818 2019 1926 2065 plano

132 2079 265 2115 arcum,
291 2076 470 2107 secantem
494 2070 664 2105 sectionis
690 2070 835 2105 conicae
859 2070 999 2114 lineam,
1026 2075 1062 2106 et
1087 2081 1251 2106 connexo
1278 2076 1401 2107 centro
1427 2082 1530 2108 arcus
1557 2084 1638 2109 cum
1661 2074 1729 2109 hac
1749 2071 1928 2109 communi
1980 2074 1988 2086 ³

132 2122 300 2168 sectione,
326 2129 461 2160 rectam
487 2123 519 2158 ei
543 2122 751 2168 parallelam
776 2133 821 2157 ex
846 2122 979 2166 angulo
1004 2124 1190 2169 proposito
1217 2124 1326 2171 ducit,
1353 2135 1467 2171 eoque
1493 2125 1590 2162 facto
1609 2125 1842 2170 demonstrat,
1867 2122 1927 2160 ab·
1963 2135 1984 2169 s

133 2179 268 2211 sectam
292 2186 372 2211 esse
397 2177 441 2213 ab
467 2175 597 2221 angulo
622 2181 761 2220 partem
785 2175 939 2211 tertiam.

251 2227 411 2265 Solidum
448 2229 591 2275 quidem
627 2228 697 2264 hoc
726 2232 832 2273 pacto
864 2227 1050 2272 problema
1084 2227 1172 2264 facit
1195 2229 1342 2274 Pappus
1378 2240 1445 2265 usu
1482 2231 1581 2276 coni,
1618 2231 1755 2276 figurae
1779 2227 1925 2266 solidae.
1952 2205 1961 2253 s

132 2281 182 2316 At
205 2286 383 2327 quatenus
406 2283 501 2318 inter
526 2281 628 2317 datas
652 2284 875 2326 asymptotos
901 2279 1040 2326 (ductas
1065 2281 1413 2328 perpendiculares),
1439 2283 1609 2329 angulum
1633 2289 1769 2320 rectum
1794 2283 1924 2319 facien-

132 2339 208 2378 tes,
242 2346 308 2381 per
331 2341 505 2382 punctum
527 2336 621 2371 inter
644 2334 724 2370 illas
751 2335 892 2380 datum,
924 2335 1035 2370 sectio
1061 2335 1202 2380 conica,
1229 2335 1326 2371 dicta
1349 2336 1566 2382 hyperbola,
1601 2336 1708 2372 etiam
1732 2337 1810 2372 sine
1834 2346 1924 2372 cono

134 2389 306 2424 delineari
339 2390 375 2425 in
408 2388 515 2434 plano
548 2391 684 2434 potest:
722 2386 906 2431 problema
940 2386 1035 2422 idem
1069 2387 1208 2423 videtur
1245 2388 1351 2423 etiam
1387 2389 1481 2425 inter
1504 2388 1652 2425 linearia
1686 2388 1924 2428 referendum,
1943 2424 1956 2431 ,

133 2442 297 2486 Gignitur
321 2443 414 2477 enim
437 2440 519 2477 talis
545 2441 639 2476 linea
662 2445 762 2490 motu
786 2439 1003 2485 geometrico
1039 2444 1075 2475 et
1100 2441 1298 2475 mutatione
1330 2441 1500 2476 continua
1532 2441 1820 2487 intervallorum,
1855 2440 1924 2476 hoc

132 2499 187 2530 est
211 2498 503 2540 repraesentatur
526 2504 593 2539 per
613 2497 749 2538 puncta
773 2491 928 2539 quotvis,
953 2490 1227 2527 indeterminato
1255 2503 1415 2538 numero,
1440 2492 1548 2539 idque
1573 2504 1645 2529 non
1661 2493 1790 2539 minus,
1816 2502 1921 2539 quam
1986 2482 1988 2522 ἶ

132 2547 340 2594 quadratrix
365 2552 402 2583 et
425 2547 533 2591 helix,
559 2546 688 2593 quibus
712 2545 815 2580 lineis
840 2546 1013 2590 proposit.
1039 2546 1095 2582 35.
1123 2550 1158 2580 et
1182 2545 1376 2580 ternariam
1411 2549 1447 2581 et
1480 2545 1704 2582 omnifariam
1727 2545 1922 2582 sectionem
1986 2551 1988 2570 ³

132 2600 281 2647 perficit.
330 2600 388 2636 Sic
413 2600 523 2635 habet
548 2599 663 2643 Pappi
688 2598 915 2633 machinatio.
1078 2622 1084 2629 .

247 2653 342 2699 Quid
374 2654 484 2699 igitur
508 2653 693 2688 dicemus?
741 2652 870 2687 Nonne
901 2652 994 2687 inter
1025 2650 1127 2686 datas
1152 2654 1375 2694 asymptotos
1407 2660 1475 2694 per
1497 2653 1670 2695 punctum
1694 2648 1818 2685 datum
1850 2656 1923 2683 una

133 2707 210 2743 sola
233 2707 400 2743 scribitur
423 2705 636 2752 hyperbola,
671 2705 745 2741 sive
775 2704 812 2739 id
835 2704 899 2739 fiat
924 2707 1061 2739 annutu
1085 2702 1184 2746 coni,
1219 2702 1291 2737 sive
1316 2708 1532 2748 punctorum
1554 2701 1774 2739 infinitorum
1810 2700 1921 2738 conti-

134 2761 327 2797 nuatione?
373 2761 503 2796 Nonne
526 2770 598 2795 una
623 2758 699 2795 sola
723 2758 834 2794 sectio
859 2757 981 2793 circuli
1005 2767 1085 2791 cum
1109 2755 1307 2800 hyperbola
1339 2767 1383 2792 ex
1409 2767 1480 2792 una
1515 2755 1649 2802 plaga?
1696 2756 1827 2792 Nonne
1850 2762 1931 2809 una¹

133 2814 208 2849 sola
233 2819 269 2850 et
293 2818 392 2849 certa
414 2812 596 2848 inclinatio
622 2815 678 2847 est
699 2810 825 2855 lineae,
852 2814 987 2869 puncta
1010 2808 1227 2868 hyperbolae
1252 2809 1511 2854 connectentis,
1545 2808 1590 2844 ad
1613 2808 1751 2853 figurae
1784 2806 1917 2843 diame-

133 2868 250 2902 trum?
298 2865 478 2911 Equidem
501 2864 627 2910 fateor,
652 2864 742 2899 haec
767 2862 884 2898 omnia
901 2861 1103 2896 necessaria
1129 2866 1164 2896 et
1181 2866 1280 2897 certa
1305 2873 1394 2907 esse,
1421 2860 1596 2907 siquidem
1626 2857 1826 2905 hyperbola
1844 2858 1919 2903 jam

131 2917 177 2951 sit
194 2918 384 2964 descripta.
434 2918 523 2953 Erat
540 2917 633 2953 enim
647 2916 753 2952 etiam
776 2915 887 2960 prius,
911 2914 948 2949 in
973 2913 1152 2959 analytica
1169 2915 1290 2960 Byrgii
1315 2915 1530 2955 trisectione,
1551 2914 1680 2949 tertiae
1701 2911 1918 2949 constitutae
1958 2929 1965 2935 κ

133 2971 246 3015 partis
271 2972 464 3007 subtensae
489 2976 588 3006 certa
612 2975 647 3006 et
669 2968 874 3005 necessaria
898 2967 1082 3011 longitudo
1109 2977 1172 3001 seu
1198 2968 1382 3012 proportio
1414 2966 1460 3002 ad
1484 2967 1692 3002 subtensam
1715 2963 1783 3000 toti
1807 2962 1915 2999 arcui.

134 3025 181 3057 At
206 3023 287 3067 quia
310 3034 382 3059 non
409 3024 452 3059 de
476 3024 545 3059 hoc
570 3022 790 3069 quaerimus,
815 3019 899 3065 quid
924 3020 970 3055 sit
994 3030 1032 3054 re
1053 3020 1128 3063 J'am
1153 3019 1268 3063 facta,
1295 3020 1359 3055 sed
1382 3019 1576 3066 quomodo,
1613 3023 1654 3054 ut
1677 3018 1726 3054 sit
1749 3016 1916 3063 quidque,

134 3085 191 3109 res
216 3077 372 3111 nondum
402 3077 499 3113 facta
523 3077 570 3113 sit
592 3074 758 3112 facienda
788 3073 951 3109 demum:
988 3073 1068 3108 ideo
1105 3073 1216 3108 nihilo
1250 3073 1331 3118 plus
1355 3072 1529 3108 habemus
1560 3082 1606 3107 ex
1635 3069 1916 3117 problematibus

134 3129 257 3167 solidis
282 3134 318 3166 et
340 3129 532 3165 linearibus
557 3133 728 3173 veterum,
754 3126 850 3172 quod
874 3126 919 3162 ad
945 3126 1140 3171 quaesitam
1157 3126 1331 3162 linearum
1348 3125 1531 3161 scientiam
1552 3124 1669 3169 faciat,
1695 3134 1801 3170 quam
1816 3122 1915 3168 prius
