1994 3276
128 83 212 152 326
651 103 707 138 Dc
732 101 894 138 Motibus
917 76 1416 140 Planetarumflarmonicis.

128 227 237 275 vices
263 225 418 266 animae
448 222 584 262 mundi
614 234 772 272 gerens,
814 226 979 261 naturae
1005 228 1135 261 rerum
1167 224 1311 262 arctius
1343 227 1403 262 est
1432 223 1594 275 alligata
1625 222 1718 278 (aut
1743 226 1776 264 si
1808 226 1926 264 etiam

129 273 286 333 aliquae
318 287 518 322 creaturae
548 281 824 331 intelligentes,
857 286 1018 319 naturae
1050 280 1229 320 diversae
1261 282 1310 320 ab
1341 282 1532 335 humana,
1562 281 1734 332 globum
1753 285 1810 322 sic
1839 285 1926 322 ani-

126 347 274 381 matum
306 341 468 380 forsitan
498 340 719 379 inhabitant
747 337 1091 391 inhabitabuntve)
1122 339 1365 379 naturalibus
1404 343 1521 380 etiam
1550 343 1766 381 rationibus
1796 344 1926 392 inqui-
1963 342 1966 345 '

125 402 245 439 rimus
276 399 410 438 libere.
466 401 572 446 (Vide
596 400 677 438 libri
702 400 772 436 mei
803 400 850 435 de
874 399 979 437 stella
1003 411 1095 435 nova
1130 405 1239 445 caput
1262 401 1394 438 XXIV.
1420 401 1464 437 de
1486 402 1606 438 anima
1630 403 1755 438 mundi
1778 407 1816 438 et
1838 413 1927 438 non-

129 462 236 498 nullis
262 461 340 505 ejus
371 461 528 506 muniis)
583 457 733 506 Quodsi
761 456 855 494 licet
885 455 1091 505 analogiae
1112 457 1178 495 filo
1200 457 1363 496 ducente
1383 458 1627 509 labyrinthos
1658 461 1926 510 mysteriorum

126 523 290 557 naturae
321 527 535 568 permeare,
565 528 641 554 non
665 516 929 564 ineptequis,
950 516 1098 563 opinor,
1131 516 1187 554 sic
1216 516 1332 554 fuerit
1362 522 1668 567 argumentatus,
1701 517 1806 567 quod
1826 529 1927 568 quae
1958 564 1970 571 „

130 581 191 615 est
221 575 410 614 habitudo
442 587 511 614 sex
543 575 694 613 orbium
726 573 775 611 ad
809 584 1012 612 commune
1044 572 1198 611 illorum
1229 576 1427 624 totiusque
1449 575 1547 614 adeo
1577 575 1710 615 mundi
1741 581 1923 624 centrum,

132 634 270 674 eadem
301 635 352 672 sit
384 638 422 672 et
451 648 519 683 της
550 637 718 676 <inmotae
747 631 797 670 ad
829 645 895 670 τον
925 645 1034 679 ’νον-ν,
1082 638 1124 670 ut
1154 632 1228 671 hae
1259 633 1466 672 facultates
1497 634 1547 672 ab
1579 634 1800 682 Aristotele,
1834 634 1928 673 Pla-

133 698 237 738 tone,
269 687 408 730 Proclo
440 695 479 730 et
510 692 648 730 ceteris
679 690 987 739 distinguuntur:
1021 694 1059 727 et
1089 701 1249 738 rursum,
1282 691 1387 741 quod
1413 703 1518 742 quae
1549 692 1737 731 habitudo
1768 693 1927 730 revolu-

129 753 279 790 tionum
322 749 506 790 localium
557 749 801 800 planetarum
845 747 1084 798 singulorum
1136 749 1236 788 circa
1276 749 1407 795 Solem
1451 749 1500 788 ad
1541 743 1644 789 Solis
1688 752 1928 802 gyrationem

127 808 373 858 ἀμεταθετον
405 810 443 846 in
475 809 604 857 spatio
637 808 756 846 totius
800 807 1023 856 systematis
1064 806 1192 845 medio
1231 810 1294 854 (de
1330 821 1402 855 qua
1433 815 1615 846 testantur
1637 812 1798 848 maculae
1825 812 1929 848 Solis.

129 870 423 906 Demonstratum
457 868 527 903 hoc
562 868 598 902 in
626 866 898 903 Commentariis
925 866 968 901 de
998 872 1098 902 motu
1123 868 1278 912 Martis),
1311 867 1447 906 eadem
1494 869 1546 906 sit
1586 869 1704 915 etiam
1740 868 1928 908 habitudo

135 940 203 966 τον
235 929 477 975 διανοητικου
508 923 558 962 ad
589 939 633 963 το
665 935 816 973 ‘respon
857 922 1096 961 discursuum
1127 925 1436 964 ratiocinationis
1477 926 1745 976 multiplicium
1787 927 1836 966 ad
1867 929 1929 965 in-

129 983 392 1023 tellectionem
422 983 631 1020 mentalem
662 981 1000 1031 simplicissimam,
1060 980 1160 1019 Nam
1202 984 1257 1020 uti
1288 982 1380 1021 Sol·
1402 985 1440 1022 in
1486 996 1528 1023 se
1559 987 1686 1035 ipsum
1730 985 1929 1024 revolutus

130 1054 200 1093 per
230 1044 412 1081 emissam
444 1053 491 1079 ex
522 1053 563 1079 se
595 1041 765 1091 speciem
795 1045 928 1078 movet
957 1038 1136 1088 planetas
1167 1052 1312 1088 omnes,
1344 1043 1400 1080 sic
1431 1043 1548 1081 etiam
1577 1055 1696 1091 mens,
1726 1050 1769 1082 ut
1801 1043 1930 1095 philo-

135 1100 247 1150 sophi
281 1101 442 1147 docent,
488 1111 530 1138 se
571 1100 698 1148 ipsam
741 1097 961 1147 intelligens
992 1098 1108 1147 inque
1140 1109 1181 1136 se
1213 1101 1306 1148 ipsa,
1329 1101 1468 1148 omnia,
1501 1102 1816 1141 ratiocinationes
1857 1103 1932 1141 ciet

132 1170 322 1208 suamque
362 1157 652 1207 simplicitatem
696 1157 733 1193 in
770 1156 857 1195 illas
899 1154 1085 1194 diducens
1123 1162 1161 1195 et
1202 1156 1399 1208 explicans
1443 1161 1573 1198 omnia
1613 1160 1722 1199 facit·
1753 1160 1929 1210 intelligi.

132 1219 236 1266 (Vide
250 1219 311 1254 fol.
326 1218 405 1254 221.
419 1218 480 1254 lib.
494 1218 568 1260 IV.)
607 1205 796 1264 Adeoque
826 1225 1000 1253 connexa
1031 1219 1121 1252 sunt
1152 1215 1250 1254 inter
1280 1228 1321 1254 se
1353 1221 1392 1255 et
1422 1217 1606 1268 colligata
1636 1224 1764 1258 motus
1795 1218 1931 1270 plane—

134 1282 262 1315 tarum
306 1276 408 1314 circa
450 1274 581 1313 Solem
620 1275 657 1311 in
694 1285 827 1315 eorum
869 1278 1000 1312 centro
1043 1278 1080 1311 et
1119 1273 1316 1312 discursus
1360 1277 1536 1315 ratioein
1539 1278 1725 1325 monum,
1772 1282 1814 1315 ut
1857 1278 1930 1315 nisi
1963 1320 1967 1323 ,

130 1333 287 1381 Tellus,
330 1332 567 1372 domicilium
598 1336 790 1376 nostrum,
828 1343 999 1381 annuum
1038 1330 1244 1380 circulum,
1283 1333 1453 1372 medium
1493 1337 1590 1373 inter
1620 1336 1734 1374 orbes
1764 1340 1926 1384 ceteros,

131 1396 352 1438 metaretur,
384 1391 512 1430 locum
544 1402 591 1429 ex
622 1391 722 1437 loco,
754 1391 963 1428 stationem
995 1401 1042 1427 ex
1064 1390 1242 1429 statione
1263 1398 1499 1440 permutans,
1531 1405 1726 1443 nunquam
1756 1394 1928 1433 humana

130 1451 377 1491 ratiocinatio
409 1449 460 1489 ad
488 1450 692 1488 verissima
720 1447 964 1498 planetarum
995 1447 1201 1487 intervalla
1233 1455 1271 1487 et
1292 1449 1341 1488 ad
1373 1457 1500 1490 cetera
1522 1452 1571 1490 ab
1603 1454 1650 1490 iis
1673 1451 1932 1502 dependentia

129 1510 245 1549 fuerit
274 1505 440 1555 enisura,
473 1518 672 1556 nunquam
702 1507 978 1544 astronomiam
1011 1509 1280 1545 constitutura.
1333 1510 1436 1552 (Vide
1473 1511 1639 1556 Opticnm
1678 1513 1928 1547 Astronomiae
1986 1507 1994 1512 “

123 1574 272 1616 -partem
309 1580 387 1614 cap.
413 1568 488 1612 IX.)
550 1566 607 1603 Ex
638 1564 804 1603 adverso
827 1566 998 1614 quietem
1019 1564 1122 1603 Solis
1153 1566 1190 1601 in
1224 1571 1354 1604 centro
1385 1566 1517 1604 mundi
1548 1567 1710 1617 pulchro
1741 1578 1930 1616 responsu

133 1627 383 1674 consequitur
413 1623 688 1663 intellectionis
709 1622 961 1673 simplicitas,
995 1634 1041 1662 eo
1073 1623 1177 1672 quod
1209 1623 1397 1663 hactenus
1428 1625 1540 1663 nobis
1570 1631 1806 1675 usurpatum·
1828 1634 1932 1663 sem·

133 1694 202 1735 per
232 1683 341 1731 suit,
366 1682 514 1722 solares
553 1682 642 1720 illas
681 1681 903 1720 harmonias
944 1688 1118 1720 motuum
1151 1693 1278 1731 neque
1316 1683 1522 1732 plagarum
1552 1682 1776 1722 diversitate
1805 1693 1932 1733 neque

88 1739 91 1742 ⁴
135 1743 348 1792 spatiorum
380 1740 514 1780 mundi
545 1739 800 1790 amplitudine
832 1739 993 1779 definiri.
1025 1739 1214 1778 Nimirum
1236 1742 1269 1779 si
1301 1753 1379 1790 qua
1409 1753 1516 1780 mens
1548 1753 1594 1780 ex
1627 1741 1718 1781 Sole
1747 1743 1936 1791 prospicit

135 1799 361 1840 harmonias
393 1802 515 1847 istas,
561 1798 616 1836 illi
650 1798 789 1837 desunt
819 1797 1056 1837 adminicula
1087 1804 1216 1837 motus
1248 1804 1287 1838 et
1317 1801 1529 1838 stationum
1559 1800 1800 1839 diversarum
1830 1800 1934 1839 sedis

122 1857 245 1906 'suae,
279 1870 328 1897 ex-
358 1858 501 1908 quibus
533 1861 664 1896 nectat
694 1858 1012 1896 ratiocinationes
1053 1861 1092 1895 et
1123 1858 1320 1896 discursus
1351 1858 1565 1896 intervallis
1597 1858 1840 1909 planetarum
1872 1858 1934 1896 di—

135 1917 341 1956 metiendis
372 1917 628 1955 necessarios.
671 1915 881 1965 Comparat
912 1912 1031 1965 igitur
1062 1914 1220 1954 diurnos
1253 1916 1443 1965 cujusque
1473 1916 1656 1966 planetae
1687 1921 1827 1962 motus,
1857 1924 1934 1954 non

135 1981 179 2014 ut
208 1976 237 2013 ii
269 1979 360 2014 sunt
389 1976 428 2013 in
459 1976 541 2012 suis
573 1974 734 2020 orbitis,
778 1973 846 2012 sed
880 1976 934 2012 uti
975 1985 1044 2023 per
1074 1973 1241 2024 angulos
1277 1974 1531 2012 adcentrum
1564 1975 1666 2013 Solis
1698 1975 1933 2013 allabuntur.

135 2035 274 2083 Itaque
303 2034 339 2072 si
371 2034 632 2082 cognitionem
663 2031 782 2071 habet
812 2032 1091 2080 magnitudinis
1113 2032 1377 2082 sphaerarum,
1409 2033 1508 2070 hanc
1528 2033 1584 2070 illi
1617 2038 1770 2083 oportet
1800 2045 1824 2071 a
1852 2034 1934 2083 pri-

138 2093 194 2131 ori
225 2093 364 2139 inesse,
396 2093 479 2129 sine
508 2091 851 2128 ratiocinationum
884 2090 1038 2129 labore:
1071 2091 1177 2139 quod
1207 2090 1362 2140 quidem
1393 2091 1677 2140 quadamtenus
1710 2096 1748 2130 et
1779 2092 1825 2129 de
1859 2092 1933 2129 hu-

136 2152 262 2190 manis
307 2150 500 2189 mentibus
541 2154 580 2187 et
622 2148 668 2187 de
705 2154 844 2186 natura
888 2148 1087 2205 sublunari
1126 2161 1260 2188 verum
1306 2152 1411 2197 esse,
1457 2161 1574 2199 supra
1615 2161 1661 2188 ex
1694 2149 1857 2188 Platone
1890 2154 1931 2187 et

136 2209 277 2248 Proclo
307 2209 448 2259 patuit.

254 2266 365 2316 Quae
396 2278 483 2304 cum
511 2266 568 2303 ita
597 2265 694 2307 sint,
733 2275 808 2302 non
848 2263 1026 2313 equidem
1057 2266 1194 2302 mirum
1234 2263 1367 2312 fuerit,
1413 2266 1446 2302 si
1477 2266 1563 2314 quis
1596 2277 1642 2303 cx
1674 2265 1749 2304 hoc
1780 2260 1932 2316 Pytha'-

138 2337 255 2376 gorae
301 2329 466 2372 cratere,
509 2335 625 2373 quem
662 2322 826 2361 Proclus
865 2323 903 2358 in
942 2323 1027 2372 ipso
1067 2323 1200 2361 statim
1241 2324 1366 2372 primo
1411 2335 1524 2361 versu
1566 2323 1698 2373 hymni
1738 2325 1931 2374 propinat,
1979 2350 1983 2357 .

139 2385 284 2423 haustu
316 2383 529 2423 liberaliori
560 2386 733 2420 assumto
766 2380 1072 2428 concalefaetus‚
1115 2382 1148 2418 si
1178 2380 1382 2419 harmonia
1417 2381 1524 2419 chori
1566 2382 1807 2431 planetarum
1839 2393 1933 2419 sua-

138 2444 300 2482 vissima
330 2443 367 2479 in
400 2451 579 2491 soporem
610 2439 723 2490 datus
765 2439 959 2478 somniare
989 2439 1147 2489 incipiat
1188 2441 1311 2480 (liceat
1336 2442 1588 2477 etlfabulando
1619 2442 1779 2477 Platonis
1808 2442 1932 2477 Atlan-

139 2504 248 2540 ticam
280 2507 316 2538 et
353 2501 563 2538 somniando
590 2500 771 2536 Ciceronis
797 2498 998 2544 Scipionem
1033 2499 1198 2544 imitari):
1227 2509 1294 2547 per
1323 2497 1461 2546 globos
1493 2498 1647 2547 quidem
1671 2498 1853 2546 reliquos,
1884 2497 1931 2535 de
1993 2544 1994 2549 ¹

139 2560 226 2598 loco
259 2559 298 2596 in
328 2558 457 2596 locum
488 2556 740 2595 succedentes
772 2556 873 2593 circa
903 2554 1047 2605 Solem,
1080 2555 1350 2593 disseminatas
1383 2568 1468 2594 esse
1500 2556 1737 2594 discursivas
1767 2567 1837 2593 seu
1867 2568 1932 2594 ra-

140 2617 388 2656 tiocinativas
430 2614 659 2657 facultates,
704 2623 865 2662 quarum
910 2607 1243 2661 praestantissima
1288 2615 1423 2663 utique
1466 2621 1505 2651 et
1542 2614 1832 2652 absolutissima
1862 2613 1930 2651 illa
1993 2649 1994 2652 ,

141 2676 289 2715 censeri
319 2674 453 2721 debet,
497 2684 597 2722 quae
628 2676 688 2710 est
718 2672 756 2707 in
787 2670 941 2708 illorum
971 2671 1175 2719 globorum
1206 2672 1360 2719 medio,
1393 2672 1564 2709 humana
1592 2683 1645 2710 sc.
1678 2673 1715 2708 in
1749 2671 1930 2715 Tellure,

140 2736 181 2772 in
211 2732 302 2773 Sole
334 2743 425 2770 vero
456 2731 693 2770 intellectum
724 2727 951 2777 simplicem,
982 2742 1058 2779 πιρ
1089 2744 1200 2780 ‘respo
1193 2745 1223 2768 ν
1252 2742 1321 2768 seu
1352 2744 1441 2769 νουν
1470 2730 1660 2777 habitare,
1692 2731 1816 2796 omnis
1837 2729 1930 2767 har-

140 2792 293 2830 moniae
323 2791 480 2838 fontem,
512 2791 733 2839 quicunque
763 2785 829 2826 ille
860 2787 922 2824 sit.

255 2848 355 2887 Nam
385 2850 418 2887 si
449 2847 526 2886 vel
543 2847 591 2886 de
631 2845 736 2884 nuda
771 2844 976 2894 globorum
1006 2843 1160 2883 illorum
1190 2847 1375 2885 vastitate
1413 2847 1468 2884 sic
1498 2846 1627 2883 visum
1658 2850 1718 2883 est
1749 2844 1926 2894 Tychoni

143 2907 281 2955 Brahe,
311 2918 390 2949 non
420 2918 504 2945 esse
534 2905 788 2944 frustraneam
808 2902 913 2942 illam
935 2903 974 2939 in
994 2903 1149 2951 mundo,
1182 2905 1248 2942 sed
1281 2903 1416 2942 incolis
1446 2903 1646 2941 refertam:
1678 2908 1824 2951 quanto
1856 2914 1927 2939 ve-

141 2965 339 3003 risimilius
368 2976 439 3003 nos
470 2965 520 3002 ab
550 2963 620 3002 illa
649 2962 848 3008 varietate,
879 2971 996 3009 quam
1027 2962 1066 2998 in
1097 2962 1170 3000 hoc
1191 2962 1355 3001 Telluris
1385 2961 1502 3011 globo
1534 2954 1735 3007 cernimus,
1769 2971 1927 3009 operum

144 3023 467 3072 consiliorumque
497 3022 572 3061 Dei
603 3020 865 3070 conjecturam
895 3019 1012 3056 etiam
1045 3018 1091 3058 de
1123 3023 1258 3058 cetenis
1290 3020 1417 3070 globis
1438 3018 1666 3068 capiemus?
1714 3017 1789 3066 Qui
1822 3019 1924 3056 enim

144 3081 292 3132 species
322 3083 484 3133 creavit,
531 3091 631 3135 quae
662 3089 785 3133 aquas
814 3076 1043 3125 incolerent,
1088 3078 1160 3117 sub
1193 3079 1332 3128 quibus
1364 3082 1491 3117 tamen
1522 3076 1650 3117 nullus
1689 3076 1768 3114 ae’ri
1797 3075 1918 3126 locus,
