1994 3276
700 70 704 73 ”
747 77 1710 132 lamamcsput1.,
1750 79 1832 139 217

48 193 195 232 tionem
222 194 262 233 in
290 196 396 235 sonis
426 196 542 246 inque
571 195 689 236 radiis
729 199 878 237 hivenit
908 195 1005 251 (etsi
1034 209 1082 238 ne
1112 197 1213 238 hanc
1247 197 1403 248 quidem
1431 197 1524 237 toris
1552 197 1723 246 invenit,
1763 193 1835 237 sod

48 247 188 291 saltem
227 253 432 300 terminos,
478 258 522 292 ut
564 251 751 308 dietum),
804 261 846 296 at
892 262 934 294 ut
976 255 1075 295 haee
1117 257 1314 307 proportio
1359 257 1410 293 sit
1451 254 1696 302 harmonica,
1746 254 1835 305 ipsa

48 308 109 346 wi
138 308 336 364 archetypi
366 310 572 351 collatione
601 313 703 361 facit,
733 325 835 364 quae
865 313 1088 355 harmonica
1117 312 1194 352 diei
1221 325 1299 352 non
1330 317 1462 364 posset
1500 324 1573 353 nec
1601 314 1682 351 vim
1712 311 1833 351 ullam

48 367 246 415 sortiretur
280 369 320 407 in
349 368 740 421 movendisanimis,
780 372 815 411 si
854 373 912 411 sic
941 371 1174 423 archetypus
1211 383 1289 411 non
1319 377 1435 411 esset.
1493 370 1599 410 Satis
1631 371 1747 420 igitur
1785 367 1834 410 de

48 425 255 467 sensilibus
282 425 507 467 harmoniis.

160 481 253 524 Jam
282 485 382 525 enim
413 484 686 525 transeundum
713 486 827 525 nobis
857 493 916 526 est
945 487 996 526 ad
1026 498 1142 539 puras
1184 492 1222 526 et
1252 492 1422 526 secretas
1451 486 1691 534 harmonias,
1731 484 1834 525 alte-

47 552 130 579 rum
159 553 214 582 sc.
244 541 447 583 divisionis
476 548 629 582 nostrae
658 545 893 593 membrum,
927 545 1013 585 illas
1043 557 1203 597 nempe,
1241 557 1340 595 quas
1365 545 1448 595 jam
1479 544 1595 584 modo
1626 545 1833 584 statuimus

46 598 277 652 archetypos
306 613 374 642 seu
405 600 672 653 paradigmata
701 602 901 642 sensilium
929 603 1226 643 hannoniarum.
1285 602 1385 642 Nam
1425 603 1457 640 si
1488 602 1690 654 archetypi
1719 614 1832 642 suam

46 655 232 697 haberent
260 659 548 700 subsistentiam
579 665 687 698 extra
716 661 906 708 animam,
938 662 1061 701 fateor
1090 660 1289 711 equidem,
1329 672 1471 710 magno
1501 671 1572 699 nos
1601 666 1831 710 argumento

47 715 189 764 privari
220 727 289 767 pro
319 716 527 757 asserenda
556 718 784 757 necessitate
823 720 975 759 animae
1015 719 1066 758 ad
1096 721 1302 758 essentiam
1332 717 1558 759 harmoniae
1589 720 1832 758 constituen-

46 771 147 812 dam.
207 773 328 831 Atqui
365 781 475 816 extra
512 776 680 815 animam
721 775 808 815 illos
850 779 1082 818 constituere
1125 782 1185 816 est
1227 778 1449 829 oppositum
1490 778 1531 816 in
1571 776 1749 827 adJecto,
1791 782 1835 816 ut
1894 807 1897 809 >

46 829 260 870 audiemus.
319 833 445 873 Verae
476 835 577 872 enim
607 838 647 872 et
674 833 944 886 archetypicae
975 835 1218 883 harmoniae,
1260 847 1361 886 quae
1391 834 1487 873 nulli
1517 835 1661 885 speciei
1699 833 1832 873 sensili

45 889 207 929 confusa
236 891 378 940 existit,
410 893 596 942 principia
625 898 714 931 sunt
745 892 994 933 nihilominus
1023 894 1150 933 divisa
1178 898 1217 933 et
1235 905 1394 933 numero
1415 892 1540 943 plura.
1601 891 1701 932 Cum
1730 894 1833 932 enim

46 950 85 986 et
113 946 181 987 illa
209 949 261 988 sit
290 951 500 1001 proportio,
531 951 690 1000 requirit
719 952 837 999 igitur
866 959 904 990 et
934 953 1019 1003 ipsa
1047 963 1139 990 suos
1170 953 1354 991 terminos
1375 952 1498 989 binos.
1557 949 1612 989 Hi
1632 961 1724 990 vero
1754 955 1833 990 ter-

45 1005 157 1052 mini,
197 1011 241 1045 ut
278 1006 388 1047 libris
426 1008 618 1058 prioribus
647 1011 942 1058 usurpavimus,
982 1016 1072 1049 sunt
1112 1009 1276 1048 circulus
1306 1015 1412 1049 totus
1451 1015 1489 1048 et
1522 1020 1614 1060 pars
1645 1009 1730 1060 ejus
1769 1009 1832 1048 vel

45 1067 185 1114 partes,
215 1064 391 1115 aliquota
420 1066 483 1106 vel
504 1064 712 1117 aliquotae,
743 1066 1043 1107 demonstrative
1074 1069 1238 1108 rescisso
1260 1080 1366 1108 arcu.
1426 1066 1537 1107 Haec
1565 1071 1626 1106 est
1653 1066 1832 1118 specifica

45 1123 304 1173 proportionis
334 1123 578 1163 harmonicae
609 1123 842 1173 differentia,
885 1137 963 1176 qua
993 1137 1069 1165 non
1101 1131 1252 1166 tantum
1267 1126 1506 1164 ‘harmonica
1543 1127 1739 1177 proportio
1771 1125 1834 1163 di-

45 1179 251 1229 stinguitur
279 1193 304 1220 a
331 1182 637 1233 proportionibus
668 1182 766 1229 aliis,
797 1183 870 1222 sub
901 1183 1036 1223 eodem
1065 1196 1205 1234 genere
1234 1183 1392 1231 locatis,
1423 1182 1493 1222 sed
1523 1184 1640 1222 etiam
1670 1195 1767 1234 pura
1796 1188 1835 1222 et

49 1237 297 1290 archetypiea
325 1252 350 1279 a
379 1240 598 1288 sensilibus,
630 1242 703 1278 nisi
735 1247 925 1291 quatenus
956 1253 1028 1280 usu
1058 1242 1164 1292 vulgi
1186 1243 1386 1282 tritissimo
1417 1240 1502 1282 sola
1521 1253 1703 1280 sonorum
1737 1252 1833 1279 con-

48 1296 194 1339 gruitas
232 1296 435 1337 harmonia
470 1298 619 1337 dicitur.
679 1299 777 1338 Nam
818 1301 857 1338 in
894 1300 968 1339 hoc
1006 1301 1090 1351 ipso
1127 1300 1382 1340 clarissimum
1423 1305 1587 1350 apparet
1625 1298 1832 1339 discrimen

46 1355 144 1396 inter
171 1366 307 1404 puram
334 1355 574 1395 harmoniam
604 1362 644 1395 et
670 1356 911 1396 harmoniam
941 1358 1121 1397 sensilem
1152 1370 1221 1398 seu
1252 1364 1490 1406 concretam,
1532 1356 1636 1408 quod
1668 1359 1705 1396 in
1735 1369 1834 1408 pura

46 1412 196 1449 termini
226 1417 316 1451 sunt
345 1426 391 1453 ex
422 1414 703 1453 mathematicis
732 1416 950 1466 generibus,
982 1416 1125 1455 circulo
1156 1424 1194 1456 et
1224 1428 1328 1463 arcu,
1359 1423 1463 1456 certo
1489 1415 1606 1454 modo
1637 1416 1833 1463 somiatis3

48 1468 167 1509 habet
196 1481 233 1509 n.
266 1471 430 1510 circulus
459 1484 571 1518 suam
600 1473 869 1512 formationem
898 1485 967 1512 seu
998 1474 1268 1524 figurationem
1300 1487 1348 1514 ex
1377 1486 1420 1513 se
1442 1475 1542 1525 ipso,
1572 1474 1691 1514 habet
1720 1485 1833 1512 arcus

46 1538 93 1566 ex
123 1527 308 1567 subteusa
346 1532 550 1576 terminos,
592 1542 639 1570 ex
670 1531 812 1570 circulo
844 1532 1025 1582 figuram3
1062 1534 1100 1570 in
1140 1532 1349 1573 sensilibus
1383 1544 1475 1571 vero
1505 1532 1716 1571 harmoniis
1753 1543 1831 1570 non

46 1589 106 1623 est
146 1597 243 1636 opus
283 1586 358 1627 hac
395 1589 554 1638 speciali
591 1588 840 1641 formatione,
884 1597 1046 1640 possunt
1082 1593 1183 1630 enim
1221 1602 1306 1630 esse
1349 1591 1410 1629 vel
1448 1596 1576 1629 rectae
1605 1590 1731 1629 lineae
1769 1589 1833 1627 vel

0 1669 1 1672 ,
46 1641 158 1693 aliter
192 1642 379 1692 figuratae
415 1648 652 1695 quantitates
692 1647 876 1694 sensiles,
919 1647 1127 1687 dummodo
1166 1651 1245 1688 sint
1281 1648 1399 1698 hujus
1434 1647 1708 1698 archetypicae
1737 1659 1832 1686 suae

0 1705 1 1728 Ξ
46 1700 269 1740 harmoniae
299 1702 376 1741 fida
407 1704 652 1756 exemplaria,
686 1706 723 1742 in
754 1706 968 1754 quantitate
990 1706 1186 1755 quaelibet
1206 1718 1290 1753 sua,
1321 1711 1509 1756 quantum
1529 1705 1684 1755 quidem
1706 1710 1834 1756 potest

0 1766 19 1802 ¹,
47 1769 132 1797 esse
163 1758 263 1798 fidae
293 1760 520 1801 imitationis
552 1763 588 1800 in
619 1762 733 1800 rebus
764 1762 993 1810 sensilibus,
1034 1764 1141 1815 quia,
1171 1765 1276 1815 quod
1306 1765 1345 1802 in
1376 1765 1423 1802 iis
1454 1775 1546 1803 vero
1576 1765 1833 1815 propinquum

46 1821 106 1855 est
133 1817 343 1856 secundum
373 1821 497 1869 magis
527 1824 565 1859 et
595 1821 735 1868 minus,
766 1821 804 1858 id
835 1832 903 1871 pro
924 1823 1009 1871 ipso
1040 1834 1133 1860 vero
1159 1824 1353 1873 recipitur.
1412 1821 1466 1860 Hi
1487 1827 1576 1860 sunt
1606 1822 1725 1871 igitur
1754 1827 1833 1860 ter-

46 1875 139 1912 mini
168 1874 391 1920 harmoniae
421 1878 703 1930 archetypicae.

160 1932 311 1973 Deinde
341 1940 491 1985 praeter
519 1937 702 1975 terminos
732 1947 892 1984 rursum,
926 1942 968 1975 ut
999 1937 1104 1987 prius
1136 1936 1277 1976 dictum
1309 1938 1346 1975 in
1374 1936 1596 1985 sensilibus,
1626 1938 1834 1988 requiritur

47 1991 165 2028 etiam
194 2003 314 2040 mens,
345 2003 572 2043 comparans
603 1995 785 2033 terminos
817 2000 855 2032 et
886 1994 1111 2044 dijudicans,
1143 2007 1234 2033 num
1265 1997 1307 2046 ii,
1337 1996 1514 2034 nimirum
1543 2007 1656 2034 arcus
1688 1995 1831 2042 circuli,

47 2047 144 2086 tales
174 2051 264 2093 sint,
295 2061 389 2100 quos
422 2050 468 2090 de
501 2058 583 2091 toto
614 2051 755 2091 circulo
785 2052 979 2091 rescindat
1009 2053 1111 2092 latus
1142 2053 1301 2104 aliquod
1332 2054 1478 2103 figurae
1509 2053 1831 2092 demonstrabilis.

46 2105 187 2155 Itaque
216 2108 290 2145 tria
320 2108 606 2157 quodammodo
638 2117 726 2147 sunt
758 2111 943 2160 principia
974 2110 1198 2150 harmoniae
1218 2111 1504 2162 archetypicae,
1537 2112 1614 2149 duo
1645 2123 1693 2150 ex
1723 2118 1832 2161 parte

47 2165 319 2203 terminorum:
360 2167 577 2214 materiale,
619 2173 660 2206 ut
690 2168 892 2217 analogice
921 2168 1079 2218 loquar,
1122 2169 1280 2208 circulus
1321 2178 1358 2208 et
1397 2181 1485 2220 pars
1516 2170 1619 2218 ejus,
1659 2167 1832 2216 formale,

47 2222 227 2260 rescissio
254 2224 377 2272 partis
406 2236 475 2273 per
503 2225 662 2270 figuram
696 2225 1058 2275 demonstrativam3
1089 2233 1127 2266 et
1158 2239 1275 2265 unum
1306 2240 1353 2267 ex
1383 2233 1491 2278 parte
1522 2228 1643 2276 ipsius
1674 2227 1834 2264 relatio-

47 2279 107 2317 nis
146 2280 408 2327 terminorum,
458 2283 607 2322 scilieet
647 2283 814 2322 efficiens
853 2282 1184 2338 (quodammodo)
1223 2297 1343 2324 mens.
1412 2285 1586 2333 Cumque
1636 2285 1833 2334 proportio

49 2338 173 2374 omnis
205 2342 243 2376 et
271 2339 328 2376 sic
359 2340 474 2377 etiam
504 2340 601 2380 haec
631 2343 748 2389 partis
779 2342 909 2380 circuli
940 2342 989 2380 ad
1021 2348 1143 2381 totum
1184 2345 1235 2381 sit
1265 2345 1302 2380 in
1334 2342 1644 2393 praedicamento
1674 2341 1835 2380 relatio-

48 2396 120 2442 nis,
147 2394 230 2444 jam
260 2395 358 2434 haec
377 2402 483 2436 certa
513 2404 551 2437 et
571 2399 762 2449 descripta
780 2401 1039 2449 proportionis
1060 2400 1184 2438 forma
1213 2401 1329 2439 habet
1349 2412 1391 2438 se
1418 2405 1461 2438 ιιι
1481 2400 1651 2449 qualitas
1672 2407 1833 2448 quartae

48 2453 205 2503 speciei.
266 2453 334 2491 Est
374 2456 475 2493 enim
513 2455 713 2495 hamionia
751 2457 887 2495 relatio
934 2457 1220 2506 quodammodo
1266 2457 1499 2508 qualitativa
1542 2469 1611 2495 seu
1656 2457 1832 2506 figurata,

50 2511 194 2559 quippe
225 2523 248 2548 a
278 2511 410 2558 figuris
438 2514 679 2562 regularibus
721 2515 895 2553 formata.
956 2514 1104 2564 Quodsi
1144 2516 1250 2565 prius
1287 2514 1338 2554 ad
1368 2516 1576 2554 essentiam
1607 2514 1832 2552 l1·1rmoniae

49 2567 203 2606 sensilis
233 2570 429 2618 pertinuit,
460 2576 503 2609 ut
532 2572 686 2609 sensili-1
719 2584 785 2623 per
814 2573 982 2623 speciem
1012 2573 1214 2611 influerent
1244 2575 1281 2610 in
1313 2574 1500 2620 animam,
1533 2578 1677 2622 quanto
1707 2573 1832 2622 magis

50 2620 166 2665 etiam
194 2625 258 2663 hie
287 2638 446 2664 necesse
476 2634 546 2674 est,
578 2636 619 2667 ut
648 2642 746 2679 quos
777 2629 939 2668 diximus
970 2631 1193 2669 harmoniae
1219 2637 1389 2669 secretae
1419 2632 1613 2678 terminos,
1647 2629 1831 2669 circulum

9 2687 89 2720 ''et
119 2694 248 2722 arcum
278 2684 373 2733 ejus,
406 2685 431 2721 ii
464 2687 541 2722 sint
570 2688 607 2723 in
638 2693 764 2726 mente
795 2690 880 2738 ipsa
909 2689 1023 2736 intus,
1063 2690 1146 2727 sive
1176 2689 1215 2726 id
1246 2690 1333 2738 quis
1365 2700 1431 2739 per
1460 2689 1609 2738 speeies
1639 2689 1738 2726 intro
1768 2699 1832 2726 re-

34 2725 182 2792 ,ceptas
210 2741 353 2779 factum
395 2754 479 2780 esse
511 2742 633 2795 dicat,
672 2747 755 2783 sive
786 2757 871 2784 cum
907 2748 993 2812 ipsa
1031 2751 1157 2785 mente
1196 2747 1512 2797 perennaverint‚
1551 2750 1640 2783 ante
1681 2757 1833 2784 omnem

31 2797 304 2849 ⁴receptionem
336 2801 439 2837 intus
468 2812 577 2850 praes
582 2807 706 2849 entes,
737 2802 784 2841 de
815 2815 891 2852 qno
918 2804 1000 2852 jam
1032 2815 1144 2854 porro
1176 2805 1288 2842 nobis
1318 2804 1497 2841 omnibus
1517 2803 1659 2867 ingenii
1685 2803 1830 2843 viribus

50 2856 122 2917 μή
151 2855 440 2906 dispiciendum

164 2913 261 2952 Cum
291 2920 419 2952 autern
459 2913 508 2952 ad
538 2914 640 2952 hunc
669 2915 796 2953 locum
828 2916 911 2966 jam
942 2917 1229 2962 devenerimus,
1267 2929 1344 2956 non
1386 2916 1563 2984 equidem
1603 2918 1686 2956 sine
1716 2917 1829 2956 lucu-

50 2959 154 3008 lenta
181 2971 321 3020 injuria
351 2977 428 3010 tam
459 2972 612 3010 lectoris
644 2972 909 3022 philosophiae
940 2976 1081 3025 cupidi,
1126 2988 1241 3026 quam
1274 2980 1459 3022 veterum,
1492 2976 1557 3024 qui
1579 2974 1679 3013 hanc
1699 2975 1830 3026 philo-

50 3023 211 3079 pophiae
240 3034 388 3080 partem
417 3035 505 3069 ante
535 3042 606 3068 nos
637 3031 838 3078 triverunt,
877 3033 1047 3082 ipsorum
1076 3034 1222 3084 placita
1260 3033 1306 3072 de
1336 3032 1449 3071 rebus
1479 3032 1617 3071 iisdem
1649 3032 1830 3073 dissimu-
