1994 3276
155 82 236 125 378
833 82 1029 125 Ptolemaei
1052 83 1258 125 Harmonia.
1420 70 1424 74 ’
1529 59 1532 65 .
1634 106 1639 124 ι

153 198 223 234 hoc
247 192 363 244 magis
392 199 478 236 illae
502 204 576 237 tam
600 198 762 245 singulae
791 200 866 238 suis
891 200 1037 242 muniis,
1074 212 1182 246 quam
1206 201 1397 238 universae
1423 201 1559 247 junctis
1594 203 1714 257 operis
1742 207 1945 263 congruant

154 257 190 287 et
214 252 423 298 conspirent
445 252 492 290 ad
515 256 653 293 certum
677 263 782 298 opus.
830 253 930 291 Haec
955 257 1012 288 est
1041 263 1151 289 causa
1174 253 1349 290 naturalis
1374 256 1411 289 et
1434 254 1628 303 generalis,
1659 255 1824 302 superior
1844 261 1944 294 utra-
1948 257 1950 260 ’

154 314 224 349 que
247 314 367 340 rerum
398 305 457 341 hic
482 311 787 350 comparatarum,
820 305 905 352 quia
930 304 1101 342 informat
1125 317 1196 341 non
1221 310 1362 342 tantum
1392 305 1603 345 facultatem
1627 306 1772 344 auditus
1805 308 1851 344 ad
1875 307 1945 345 dis-

152 357 353 393 cernendos
378 368 487 394 sonos
521 362 558 394 et
582 358 865 403 dignoscendum
891 369 1087 403 congruum
1117 357 1162 394 ab
1186 358 1402 404 incongruo,
1438 357 1556 405 adque
1591 358 1866 402 delectationem
1890 365 1946 397 ca*

151 409 321 454 piendam
345 420 391 446 ex
416 410 602 456 congruis,
638 410 796 447 dolorem
827 421 872 446 ex
897 410 1122 456 incongruis,
1158 411 1221 446 sed
1245 411 1414 446 informat
1436 411 1545 450 etiam
1576 416 1650 451 tam
1674 416 1840 455 naturam
1864 413 1946 450 sub·

152 466 324 508 lunarem,
350 473 443 509 quae
469 468 524 500 est
548 464 666 500 anima
692 463 836 508 Terrae,
862 474 970 508 quam
996 463 1132 499 animas
1159 469 1371 503 cunctorum
1395 465 1599 509 viventium,
1625 465 1671 501 ad
1690 465 1946 505 discernendos

154 523 220 549 seu
245 515 399 560 angulos
423 517 603 553 radiorum
630 518 793 553 binorum
818 517 854 553 in
875 516 988 552 Terra
1010 515 1198 561 formatos,
1224 526 1288 552 sru
1306 527 1494 554 mensuras
1516 527 1651 562 eorum,
1675 528 1782 557 arcus
1799 519 1946 564 zodiaci,

151 564 343 604 distinctos
367 578 390 604 a
412 573 490 605 toto
516 580 582 614 per
606 569 786 614 obJectum
811 570 962 606 duorum
987 579 1179 614 corporum
1204 569 1505 614 planetariorum,
1540 574 1578 605 et
1599 570 1861 616 comparandos
1884 581 1947 613 eos

155 630 237 662 cum
262 620 411 657 zodiaco
435 626 533 667 toto,
560 627 600 658 ut
625 622 655 657 si
679 622 824 667 quando
851 621 1120 666 proportionem
1144 621 1389 658 harmonicam
1420 622 1692 668 deprehendant
1721 624 1817 661 inter
1838 624 1947 661 talem

152 675 293 717 partem
317 678 354 708 et
378 678 503 719 totum,
530 685 548 709 e
574 673 724 720 vestigio
748 673 822 710 sint
845 683 1032 724 operosae,
1056 673 1119 709 illa
1144 673 1289 719 quidem
1313 675 1349 710 in
1367 675 1551 713 eliciendis
1567 674 1678 712 fumis
1691 680 1728 710 et
1742 675 1946 722 vaporibus,

150 734 196 760 ex
229 724 359 770 quibus
391 731 551 765 meteora
574 726 683 770 fiunt,
718 726 809 760 istae
840 736 923 762 vero
947 725 985 760 in
1009 724 1166 760 motibus
1191 725 1265 761 suis
1290 724 1604 766 convenientibus.'
1645 726 1776 772 Itaque
1806 727 1946 772 quoties

151 777 245 813 duae
270 777 436 815 chordae*
453 778 654 824 aequaliter
679 783 805 815 tensae
829 778 924 813 inter
943 789 988 814 se
1013 782 1235 823 consonant,
1266 778 1376 815 toties
1400 777 1555 818 facultas
1579 778 1723 816 auditus
1746 778 1947 824 rationalis-

151 829 240 866 sima
265 840 310 866 ex
335 829 513 877 longiore,
546 832 602 867 vel
627 831 656 867 si
681 831 772 867 haec
797 831 913 866 minor
938 830 1048 876 duplo
1074 829 1254 875 reliquae,
1288 835 1375 866 tunc
1409 841 1455 867 ex
1479 830 1688 869 alterutrius
1723 830 1835 881 duplo
1859 842 1945 878 qua-

147 880 322 927 druplove
360 882 447 920 facit
479 884 669 929 circulum,
707 888 743 918 et
773 893 845 928 qua
876 883 992 927 figura
1025 882 1183 927 regulari
1220 883 1256 918 in
1300 883 1369 918 hoc
1394 882 1529 920 circulo
1563 883 1771 929 designetur
1793 883 1947 930 reliqua,

152 938 325 979 tanquam
348 946 434 981 pars
458 937 495 972 in
519 936 629 981 hujus
653 935 777 972 circuli
803 936 969 973 semisse
1004 933 1218 971 considerat.
1267 935 1315 970 Et
1351 935 1387 970 in
1411 935 1560 972 zodiaco
1584 935 1723 973 nullum
1749 935 1792 973 fit
1814 940 1947 973 statum

148 985 310 1046 initium,
348 999 415 1024 nec
439 988 532 1024 ratio
557 988 711 1025 habetur
739 989 780 1024 12
805 976 1007 1032 aequalium
1033 988 1255 1032 portionum
1279 997 1372 1033 quae
1397 987 1500 1033 signa
1525 987 1710 1033 dicuntur,
1743 988 1808 1025 sed
1831 988 1948 1034 requi-

148 1025 279 1074 iuntur
307 1040 377 1076 duo
403 1040 571 1085 planetae
606 1040 673 1076 sub
699 1050 760 1085 eo,
793 1038 839 1075 ad
864 1039 1089 1076 iormandum
1115 1046 1326 1085 aspectum;
1368 1040 1572 1100 ubicunque
1601 1042 1678 1086 jam
1708 1042 1802 1079 alter
1824 1051 1948 1077 eorum

151 1090 329 1137 consistit,
350 1092 433 1128 inde
458 1097 605 1138 putatur
629 1091 753 1129 circuli
776 1091 924 1128 initium
975 1092 1074 1128 Haec
1100 1092 1209 1136 igitur
1241 1099 1296 1128 est
1322 1094 1426 1130 unica
1451 1103 1535 1131 vera
1564 1099 1601 1130 et
1623 1092 1797 1129 naturalis
1822 1102 1943 1137 causa,

150 1153 214 1178 cur
243 1144 370 1180 merito
405 1150 659 1191 comparentur
695 1147 862 1189 aspectus
893 1143 1027 1189 singuli
1057 1155 1139 1180 cum
1175 1144 1322 1189 singulis
1359 1146 1603 1183 consonantiis
1638 1156 1710 1182 non
1745 1140 1942 1183 minoribus

150 1207 257 1241 quam
282 1196 473 1243 diapason,
510 1198 644 1244 quippe
669 1204 861 1242 utrumque
891 1196 1042 1239 effectus
1067 1203 1122 1246 est
1148 1199 1253 1234 unius
1284 1203 1320 1233 et
1346 1198 1508 1243 ejusdem
1539 1208 1671 1236 causae
1696 1197 1946 1244 archetypicae

149 1249 186 1284 in
218 1249 337 1285 anima
369 1250 559 1287 residentis
596 1252 819 1295 eandemque
853 1260 1055 1286 mensuram
1089 1249 1361 1294 quantitativam
1392 1251 1513 1289 habet.
1564 1250 1829 1291 Consonantiae
1853 1259 1948 1292 vero,

151 1311 244 1346 quae
269 1307 354 1339 sunt
376 1299 532 1340 minores
557 1315 664 1349 quam
691 1303 877 1348 diapason,
902 1302 1038 1338 habent
1057 1301 1134 1346 jam
1161 1301 1466 1347 comparationem
1490 1312 1571 1341 cum
1592 1302 1799 1349 aspectibus
1824 1311 1949 1345 secuu-

148 1353 294 1400 dariam,
320 1360 499 1400 quatenus
524 1356 662 1392 scilicet
691 1355 773 1390 illae
797 1366 861 1400 per
885 1354 1107 1390 additionem
1134 1354 1256 1398 unius,
1292 1353 1443 1390 duorum
1480 1354 1536 1391 vel
1565 1356 1674 1392 trium
1706 1355 1879 1401 diapason
1903 1364 1948 1390 ex

146 1406 344 1442 minoribus
376 1408 467 1443 fiunt
505 1407 676 1453 majores,
709 1409 941 1452 nasciturque
975 1407 1064 1443 haec
1098 1407 1252 1451 augendi
1285 1406 1432 1443 licentia
1467 1417 1512 1442 ex
1543 1407 1685 1454 legibus
1721 1405 1947 1446 rectitudinis

150 1457 367 1495 chordarum
393 1460 541 1495 seorsim
567 1466 669 1495 extra
694 1460 878 1495 circulum.
927 1460 978 1494 At
1001 1460 1077 1495 toni
1102 1458 1387 1504 repraesentatio
1413 1459 1449 1495 in
1469 1459 1609 1496 ‘circulo
1634 1459 1732 1495 nulla
1755 1462 1831 1503 est,
1856 1467 1948 1505 quae

149 1511 294 1556 quidem
318 1512 363 1546 ad
389 1513 540 1548 eandem
564 1523 725 1549 normam
750 1512 921 1558 quadret:
946 1511 1068 1547 nullus
1092 1513 1186 1548 enim
1211 1517 1381 1558 aspectus
1408 1518 1479 1557 est,
1509 1511 1613 1558 cujus
1637 1521 1741 1549 arcus
1766 1520 1847 1550 cum
1870 1514 1947 1557 ‚toto

150 1563 283 1599 circulo
309 1570 538 1609 comparatus
565 1564 728 1609 designet
750 1564 1021 1610 proportionem
1046 1565 1343 1610 sesquioctavam.
1397 1565 1556 1610 Cumque
1585 1564 1622 1600 in
1647 1561 1872 1607 harmonice,
1893 1566 1949 1614 ¹ut

150 1627 242 1661 quae
273 1616 391 1652 multo·
418 1616 590 1662 majorem
622 1617 831 1654 varietatem
865 1616 1117 1662 complectitur
1147 1628 1255 1662 quam
1286 1616 1379 1652 ratio
1409 1622 1636 1662 aspectuum,
1674 1624 1762 1652 usus
1793 1610 1869 1653 toni
1901 1613 1947 1653 Sit

149 1668 339 1714 multiplex
376 1670 422 1705 ad
456 1669 635 1706 sectiones
667 1669 985 1706 consonantiarum
1020 1671 1055 1705 in
1086 1670 1454 1716 partescoucinnas,
1491 1669 1526 1705 in
1564 1666 1948 1714 astrologia'vicissim

151 1721 251 1758 nulla
281 1732 348 1758 nos
378 1729 483 1767 urget
515 1722 730 1771 necessitas,
768 1727 806 1758 ut
841 1728 1008 1766 aspectus
1039 1722 1239 1759 dividamus
1273 1723 1311 1758 in
1345 1727 1468 1769 partes
1504 1722 1687 1768 analogas.
1740 1719 1819 1756 Illic
1854 1720 1948 1755 enim

152 1774 286 1820 gradus
311 1779 545 1821 quaeruntur,
571 1786 636 1820 per
663 1787 753 1821 quos
779 1779 907 1811 cantus
933 1778 1106 1820 transeat,
1130 1774 1190 1810 hic
1214 1774 1347 1820 gradus
1372 1773 1460 1811 nulli
1478 1773 1622 1821 dantur,
1647 1773 1778 1821 quibus
1802 1772 1949 1819 planeta

150 1839 172 1862 a
196 1827 343 1873 planeta
368 1833 556 1874 separetur
580 1829 690 1866 veluti
714 1839 780 1875 per
804 1827 931 1869 saltus,
957 1837 1037 1865 cum
1064 1827 1236 1863 continua
1261 1827 1308 1864 sit
1331 1826 1484 1864 duorum
1510 1828 1556 1864 ab
1579 1825 1731 1864 invicem
1755 1823 1947 1875 separatio.

148 1879 378 1925 Supervacua
409 1881 521 1926 igitur
552 1885 608 1916 est
640 1880 859 1926 comparatio
890 1878 965 1914 toni
1001 1890 1082 1915 cum
1119 1879 1358 1931 astrologicis.
1406 1879 1507 1916 Haec
1543 1880 1634 1917 satis
1667 1889 1734 1926 pro
1766 1876 1950 1923 praesenti

148 1931 316 1977 materia3
341 1937 462 1969 cetera
486 1938 656 1978 petantur
682 1943 726 1969 ex
750 1943 830 1969 meo
855 1932 947 1968 libro
973 1936 1112 1976 quarto.

904 2114 1092 2161 CAPUT
1131 2113 1190 2161 X.

151 2224 278 2268 Quod
314 2225 455 2261 motui
491 2214 718 2261 astrorum
749 2222 1354 2276 secundumplongitudinem
1388 2226 1687 2270 comparetur
1715 2222 1949 2260 successio
1993 2242 1994 2253 ι

933 2292 1163 2317 sonorum.

269 2394 366 2431 Cum
399 2395 516 2443 igitur
546 2398 622 2431 tres
654 2394 730 2431 sint
762 2393 911 2442 species
941 2394 1117 2428 motuum
1135 2387 1190 2440 1),
1227 2402 1304 2429 una
1334 2384 1509 2440 prorsum
1540 2395 1847 2441 retrorsumque,
1880 2403 1947 2430 seu

152 2453 189 2489 in
222 2452 493 2491 antecedentia
531 2457 569 2490 et
601 2453 880 2501 consequentia
918 2455 956 2488 et
992 2448 1207 2488 secundum
1246 2448 1547 2498 longitudinem,
1590 2448 1802 2489 secundum
1832 2461 1949 2501 quam

151 2511 247 2549 fiunt
286 2509 454 2549 siderum
499 2509 772 2547 translationes
811 2510 861 2548 ab
903 2512 986 2546 ortu
1018 2508 1055 2543 in
1089 2518 1268 2545 occasum
1305 2512 1343 2545 et
1374 2513 1508 2547 contra
1525 2505 1594 2557 Π),
1634 2507 1757 2546 altera
1797 2518 1949 2551 sursum

154 2569 412 2618 deorsumque
443 2574 481 2606 et
511 2565 723 2606 secundum
755 2567 1018 2613 altitudinem,
1055 2564 1266 2603 secundum
1297 2577 1394 2615 quas
1429 2566 1489 2606 vel
1520 2566 1745 2616 longissime
1776 2578 1799 2604 a
1829 2565 1949 2607 Terra

152 2633 376 2673 moventur,
422 2626 484 2664 vel
514 2627 688 2676 proxime
722 2625 849 2673 illam,
892 2625 1008 2664 tertia
1037 2622 1087 2660 ad
1117 2622 1241 2661 latera
1274 2631 1311 2661 et
1341 2624 1555 2664 secundum
1583 2623 1844 2672 latitudinem,
1883 2635 1948 2664 se-

158 2685 325 2724 cundum
357 2697 474 2734 quam
506 2685 706 2733 contingit,
740 2690 782 2721 ut
812 2683 1055 2722 accessiones
1086 2681 1199 2719 nobis
1230 2681 1324 2721 fiant
1356 2683 1590 2721 borealiores
1622 2682 1683 2729 vel
1713 2681 1948 2725 meridiona-

154 2743 291 2781 liores:
333 2745 514 2792 primam.
556 2753 656 2791 quae
689 2746 746 2780 est
776 2740 987 2781 secundum
1018 2738 1310 2788 longitudinem,
1357 2741 1460 2780 bona
1491 2753 1577 2780 cum
1608 2742 1758 2781 ratione
1788 2751 1945 2781 accom-

157 2801 402 2839 modabimus
449 2801 629 2839 transitui
675 2811 807 2838 versus
850 2799 1048 2837 acutiores>
1086 2798 1312 2847 simpliciter
1358 2805 1426 2837 aut
1466 2800 1664 2849 graviores
1704 2799 1850 2837 sonitus
1864 2794 1945 2850 ΠΙ).

155 2859 254 2897 Nam
285 2860 322 2896 in
354 2865 521 2909 utraque
552 2859 725 2897 motione
755 2858 892 2896 similis
924 2861 983 2894 est
1013 2857 1207 2909 successio
1246 2858 1285 2893 in
1318 2859 1607 2907 consequentia.
1669 2855 1823 2895 Similes
1853 2867 1946 2894 vero

156 2918 271 2954 etiam
314 2925 404 2955 sunt
435 2917 644 2955 orientales
677 2915 1012 2963 occidentalesque
1049 2917 1179 2962 partes
1210 2915 1451 2953 tensionibus
1490 2916 1750 2965 gravissimis,
1794 2912 1961 2958 coelum,

155 2986 246 3012 vero
301 2975 517 3014 mediantes
561 2976 805 3013 acutissimis
877 2973 975 3011 Nam
1017 2979 1054 3009 et
1098 2977 1204 3009 ortus
1249 2984 1487 3022 occasusque
1533 2973 1761 3024 principium
1799 2970 1946 3010 habent

158 3032 349 3082 finemque
390 3034 725 3085 apparentiarum3
767 3031 864 3070 illud
903 3029 1058 3086 quidem
1097 3035 1282 3081 tanquam
1325 3043 1372 3071 ex
1402 3032 1672 3083 inconspicuo,
1711 3028 1814 3068 hunc
1852 3024 1948 3069 vero‘
