1994 3276
837 81 846 92 '
878 84 1068 147 Δροιορ.
1778 101 1862 141 ιιι
1917 103 1919 106 ‘

0 218 13 227 “
77 212 268 270 Βοῦσαι,
305 235 408 274 quae
443 223 546 262 hauc
573 221 689 263 nobis
724 220 1008 262 eontesnonem
1045 224 1262 270 extorquet.
1316 217 1432 268 Quod
1459 229 1664 270 corporum
1693 219 1873 269 quinque

78 281 705 334 mmmm-exotio,
730 278 1318 344 tmqumnfilimaputre,
1354 278 1584 316 edmerus
1623 278 1865 325 exmqy‘oro',

77 351 152 381 noc
189 342 426 391 metriae
456 339 644 390 figuratae
671 344 973 378 consentaneum
1013 342 1091 383 est,
1133 347 1207 374 nec
1245 336 1342 375 meis
1380 334 1706 375 enarrationibus.
1763 335 1868 374 Nam

79 397 297 443 tenacem
327 409 377 438 ex
406 398 508 443 cubo
537 397 638 436 sumi
668 396 748 435 dixi
776 396 1031 445 geometrice,
1071 401 1259 443 tanquam
1290 394 1415 433 Evam
1453 405 1501 432 ex
1533 393 1710 442 Adamo,
1749 393 1868 433 intel-

79 456 168 507 tigit
195 456 504 507 militudinem,
534 457 603 506 qui
629 456 821 494 rationem
850 453 1112 503 inscriptionis
1133 451 1238 490 illins
1268 453 1308 490 in
1339 452 1417 491 hoc
1434 451 1632 502 intelligit.
1680 451 1868 492 Dedeco-

80 513 206 556 edrou
237 525 332 553 vero
369 526 418 554 ex
456 514 534 552 illis
566 513 742 560 duobus,
785 517 830 551 ut
856 510 981 550 tilium
1010 522 1059 549 ex
1091 517 1256 559 utroque
1296 516 1457 560 parente
1494 511 1586 548 oriri
1616 509 1782 560 largior,
1824 515 1897 554 at*

79 583 158 613 non
199 577 244 611 ut
278 573 417 611 minua
456 583 506 611 ex
540 573 703 619 mnjort'.
760 569 860 609 Nam
900 570 1049 607 ratione
1079 567 1342 617 figurationis,
1380 567 1456 606 boc
1494 574 1554 605 est
1594 569 1867 618 inscriptionis,

79 629 207 680 maius
243 635 304 671 est
344 629 612 669 dodecaedron
655 629 781 676 cubo,
824 629 1023 677 quantitas
1063 637 1156 665 vero
1185 625 1396 676 figurarum
1437 627 1476 663 in
1507 626 1652 664 mundo
1690 638 1768 665 non
1807 634 1868 666 est

80 700 128 727 ex
163 687 414 737 figuratione,
453 687 524 726 sed
563 699 611 726 ex
640 687 874 726 necessitate
912 686 1040 736 spatii
1101 683 1271 723 Rursum
1313 683 1521 723 octaedron
1561 689 1601 722 et
1639 685 1868 724 icosaedron

79 746 232 786 reninis
262 748 387 796 magis
415 745 679 785 assimilantur
707 745 796 784 cubi
827 750 867 783 et
896 741 1151 790 dodecaedri,
1191 753 1310 792 quarn
1338 741 1444 781 filiis.
1502 741 1585 780 Nee
1622 745 1867 792 propositum

80 815 210 844 meum
249 804 324 844 tuit
363 815 600 854 cornponere
638 803 898 841 bonnoniam
934 812 962 838 a
996 801 1327 850 proportionibus
1364 811 1581 850 corporum
1615 803 1869 850 requiam-ium

83 861 141 900 ad
168 863 352 900 ι’πυίοεηι.
411 861 666 901 Harmoniam
694 863 799 900 enim
829 866 1086 909 componunt,
1122 857 1198 897 boc
1227 863 1289 898 est
1324 860 1567 897 constituunt
1605 858 1689 897 bini
1717 862 1868 899 termini

0 959 2 962 .
62 921 346 970 proportionis
376 922 579 970 probatae.
639 920 695 958 At
723 919 992 969 proportiones
1022 927 1225 966 corporum
1252 918 1574 966 geometricorum
1602 918 1771 957 invicem
1791 930 1869 957 non

82 977 182 1016 fiunt
208 979 304 1016 milii
333 980 484 1016 termini
515 978 708 1017 ulterioris
738 976 923 1025 alicujus,
963 976 1142 1013 nimirum
1171 974 1420 1014 harmonicae
1449 977 1734 1025 proportionis,
1776 978 1870 1027 quia

83 1037 181 1074 inter
209 1036 395 1075 terminos
424 1036 541 1075 bosce
571 1047 649 1074 non
678 1036 823 1084 recipio
853 1035 927 1071 nisi
957 1039 1086 1071 motus
1126 1032 1253 1071 reales
1281 1033 1526 1083 planetarum
1555 1035 1731 1084 ipsorum
1758 1034 1868 1074 diur-

85 1104 171 1132 nos.
231 1093 310 1132 Sed
338 1093 414 1133 boc
442 1094 570 1133 solum
599 1096 638 1131 in
668 1105 710 1132 re
739 1095 850 1137 inest,
881 1090 986 1141 quod
1009 1091 1094 1140 jam
1112 1102 1231 1140 supra
1250 1093 1395 1139 monui,
1427 1090 1534 1140 quod
1550 1103 1641 1131 σιιιιι
1662 1100 1701 1132 et
1720 1092 1869 1143 figurae

84 1150 236 1191 solidae
265 1151 442 1201 singulae
472 1154 656 1192 iuteresse
687 1151 890 1190 debuerint
926 1151 1024 1187 inter
1052 1149 1165 1187 binos
1194 1150 1308 1189 orbes
1346 1156 1386 1188 et
1414 1149 1664 1190 harmonicae
1704 1163 1870 1202 propor-

86 1211 214 1249 nones
242 1210 419 1259 singulae
449 1212 548 1249 inter
579 1211 691 1248 binos
719 1215 848 1248 motus
878 1210 918 1245 in
949 1207 1027 1245 illis
1055 1207 1234 1255 orbibus,
1277 1213 1464 1257 utraeque
1501 1210 1584 1254 suis
1610 1209 1786 1259 juribus,
1825 1216 1867 1250 ut

89 1268 207 1318 igitur
238 1267 337 1307 bene
367 1268 444 1307 illis
474 1280 553 1307 una
582 1267 848 1306 babitantibus
879 1267 978 1304 inter
1005 1275 1048 1303 se
1077 1267 1315 1314 conveniret,
1345 1267 1536 1316 principio
1562 1266 1651 1305 libri
1673 1267 1722 1308 V.
1753 1269 1870 1308 sami-

90 1325 240 1364 liaritas
270 1324 406 1376 aliqua
434 1327 642 1365 conciliata
677 1326 750 1364 suit
779 1327 879 1365 iuter
907 1322 1211 1362 cohabitaturas.
1272 1323 1319 1362 Et
1357 1325 1458 1363 cubo
1498 1324 1655 1374 quidem
1696 1334 1870 1367 assertae

90 1388 182 1423 sunt
217 1382 266 1439 'st
295 1389 338 1423 et
372 1381 444 1438 73,
484 1396 562 1424 non
592 1383 699 1434 quod
729 1384 853 1422 cubus
891 1381 978 1420 ilias
1007 1387 1048 1419 et
1076 1382 1204 1430 pariat
1243 1388 1282 1420 et
1312 1382 1557 1421 harmonicas
1593 1383 1756 1433 efficiat,
1800 1386 1870 1426 sed

85 1442 182 1490 quia
208 1442 273 1480 vel
303 1443 414 1491 origo
445 1445 619 1492 utrisque
650 1448 830 1490 cognata,
862 1439 926 1478 vel
945 1440 1144 1489 quantitas
1173 1450 1243 1490 pro
1273 1451 1345 1478 usu
1365 1440 1494 1480 futuro
1524 1445 1775 1491 conveniens,
1806 1445 1870 1483 vel

86 1499 288 1549 dignitatis
325 1502 598 1550 praerogativa
635 1501 814 1549 utrinque
857 1509 956 1547 pene
993 1496 1141 1536 eadem.
1202 1497 1339 1547 Neque
1374 1500 1551 1537 varietas
1588 1506 1773 1540 motum
1805 1514 1871 1541 ec-

64 1559 353 1612 *marmeno-um
380 1558 739 1608 proportionaliter
766 1558 900 1596 oritur
928 1567 977 1594 ex
1000 1556 1333 1604 proportionibus
1356 1557 1611 1606 reyulan'mn
1630 1571 1868 1610 corporum3

87 1614 308 1654 distinctius
346 1616 422 1655 ista
450 1624 542 1655 sunt
582 1615 795 1654 efferenda:
838 1614 958 1652 oritur
996 1624 1091 1650 sane
1122 1615 1292 1652 varietas
1328 1614 1462 1664 aliqua
1496 1622 1672 1654 motuum
1703 1629 1870 1668 propor—

89 1672 286 1721 tionaliter
325 1684 371 1712 ex
410 1676 661 1724 proportione
698 1683 901 1722 corporum
935 1670 1167 1719 regularium
1205 1669 1299 1723 (uon
1337 1672 1442 1719 sola,
1485 1673 1574 1711 sed
1596 1676 1746 1714 sociata
1781 1688 1870 1715 cum

89 1730 179 1770 aliis
204 1731 361 1778 causis,
402 1732 449 1770 de
480 1733 622 1782 quibus
660 1734 697 1769 in
728 1730 898 1780 Physica
927 1727 1098 1767 Coelesti
1136 1740 1207 1766 seu
1236 1730 1340 1779 Epit.
1372 1731 1529 1769 Astron.
1565 1731 1649 1770 libr.
1680 1728 1788 1786 lv.),
1830 1741 1871 1772 at

87 1789 186 1827 baec
224 1789 393 1828 varietas
431 1792 573 1829 attinet
610 1795 738 1829 motus
777 1789 955 1826 binorum
991 1786 1234 1837 planetarum
1275 1790 1375 1826 inter
1403 1800 1446 1827 se
1486 1797 1752 1840 comparatos,
1792 1804 1871 1831 non

88 1847 226 1884 attinet
254 1853 383 1884 motus
415 1847 591 1886 diversos
622 1849 735 1885 unius
766 1845 944 1896 planetae
975 1846 1222 1891 ementi-icus,
1253 1846 1293 1882 in
1322 1854 1511 1895 quantum
1540 1851 1756 1889 eccentrici.

136 1936 139 1939 ,
203 1903 385 1943 Vicissim
416 1905 486 1944 illa
515 1907 704 1950 varietas,
745 1915 845 1953 quae
877 1908 935 1941 est
964 1903 1003 1939 in
1031 1903 1203 1940 motibus
1234 1899 1398 1942 diversis
1429 1906 1544 1942 unius
1571 1906 1767 1957 planetae,
1798 1920 1872 1947 ne·
1916 1950 1918 1954 ,

91 1973 289 2011 quaquam
316 1965 437 2000 oritur
466 1976 514 2002 ex
543 1965 792 2014 proportione
822 1971 1024 2011 corporum
1052 1961 1298 2010 regularium,
1329 1962 1400 2000 sed
1418 1964 1540 2001 oritur
1564 1975 1611 2002 ex
1631 1966 1717 2015 ipsa
1736 1967 1872 2016 cnjus·

92 2031 168 2069 que
213 2019 393 2070 planetae
436 2024 732 2061 eccentricitate.
802 2019 885 2057 Nec
925 2030 1118 2068 ωηιροηο
1159 2019 1397 2058 harmonias
1432 2026 1603 2070 propter
1639 2023 1874 2069 huiusmodi

91 2079 349 2126 varietatem,
380 2079 449 2118 scd
480 2092 528 2118 ex
558 2079 632 2118 bac
662 2080 871 2121 varietate,
902 2076 942 2114 id
973 2082 1033 2114 est
1061 2088 1110 2115 ex
1131 2078 1328 2124 motibus,
1372 2084 1535 2128 utraque
1566 2080 1613 2119 de
1644 2092 1765 2120 causa
1795 2082 1873 2120 dis..

90 2135 303 2174 ferentibus
334 2138 373 2173 in
403 2137 619 2184 celeritate,
658 2144 844 2185 tanquam
874 2147 922 2172 ex
952 2135 1123 2172 terminis
1154 2137 1438 2174 constituuntur
1470 2136 1530 2175 vel
1562 2139 1751 2177 resultant
1778 2152 1874 2190 pro-

0 2200 17 2243 {3
90 2194 291 2242 portiones
322 2195 491 2242 eaedem,
524 2207 625 2244 quae
653 2200 745 2233 sunt
774 2199 813 2232 et
841 2194 1181 2231 consonantiarum
1212 2196 1251 2230 in
1282 2194 1453 2233 humana
1473 2197 1632 2234 musica.
1693 2198 1873 2248 Denique

11 2270 13 2272 ·
90 2252 207 2291 etiam
246 2250 310 2288 bic
350 2252 520 2300 falleris,
562 2252 667 2302 quod
710 2252 889 2302 quamvis
929 2249 1027 2288 libro
1056 2250 1128 2288 lv.
1170 2254 1437 2302 proportiones
1478 2254 1570 2292 illae
1610 2255 1869 2303 harmonicae,

45 2307 66 2364 ᾗ
90 2319 192 2357 quac
231 2309 384 2357 angulis
423 2311 617 2349 radiorum
661 2310 871 2348 conciliant
911 2307 1144 2355 efficaciam,
1186 2310 1341 2347 omnino
1382 2310 1635 2349 desumuntur
1675 2326 1698 2351 a
1736 2314 1873 2363 figuris

90 2366 238 2415 planis,
269 2378 345 2404 non
378 2374 504 2407 tamen
536 2371 620 2418 pari
650 2380 768 2418 passu
801 2367 1084 2416 proportiones,
1118 2378 1217 2415 quas
1247 2369 1346 2405 iuter
1377 2368 1618 2418 planetarum
1647 2377 1778 2410 motus
1806 2374 1872 2410 in—

94 2425 197 2471 veni,
228 2423 427 2463 desumtae
457 2433 547 2464 sunt
575 2439 602 2465 a
629 2426 762 2475 figuris
792 2424 953 2469 solidis;
991 2432 1121 2462 essent
1150 2427 1252 2462 enirn
1282 2425 1382 2463 aliae
1423 2427 1507 2475 ipso
1539 2433 1627 2466 ortu
1658 2436 1695 2466 et
1724 2429 1873 2478 figura—

17 2518 20 2521 „
92 2482 216 2527 tione,
256 2492 343 2519 cum
381 2488 510 2521 tamen
550 2485 730 2522 omnibus
771 2483 893 2520 tribus
924 2481 970 2526 3,
1011 2482 1039 2518 4
1068 2488 1107 2520 et
1139 2483 1163 2519 5
1194 2484 1461 2531 proportiones
1504 2484 1752 2525 harmonicae
1793 2490 1872 2526 sint

16 2560 23 2585 ι,
93 2539 251 2577 eaedem
281 2546 366 2577 ortu
397 2546 437 2578 et
466 2542 713 2587 formatione,
756 2542 830 2578 nisi
861 2537 966 2588 quod
1004 2538 1084 2577 alia
1121 2539 1260 2578 deinde
1289 2542 1342 2578 sit
1381 2541 1557 2590 supellex
1598 2546 1875 2584 concinnerum

93 2597 133 2633 in
165 2598 215 2643 4,
259 2597 338 2635 alia
370 2599 406 2634 in
438 2600 463 2636 3
496 2606 535 2638 et
565 2601 603 2637 5.
665 2599 794 2647 Atque
831 2597 892 2634 his
931 2596 1068 2635 iisdem
1108 2599 1411 2636 correctionibus
1452 2601 1548 2638 meis
1587 2605 1785 2640 summarii
1816 2606 1875 2642 tui

15 2658 26 2704 f
93 2653 215 2691 multa
244 2656 401 2704 insuper
437 2655 524 2694 loca
553 2657 852 2705 comparationis
881 2660 990 2702 tuae,
1033 2667 1135 2704 quae
1173 2657 1349 2705 sequitur
1388 2669 1476 2706 pag.
1510 2659 1586 2705 38,
1630 2660 1756 2699 diluta
1786 2664 1873 2699 exi-

12 2710 31 2766 J‘
94 2712 223 2751 stimo.
281 2712 381 2750 Nam
412 2724 499 2750 cum
529 2715 699 2763 epitoma
727 2720 817 2752 tuae
837 2712 1060 2752 harm0niae
1081 2713 1310 2760 mundanae,
1342 2721 1611 2764 praeterquam
1640 2718 1746 2767 quod
1766 2719 1875 2758 illam

0 2765 33 2822 ’ᾗ
96 2779 183 2807 cum
214 2768 388 2806 doctrina
420 2782 507 2808 mea
537 2773 778 2820 comparavi,
807 2769 905 2808 nibil
935 2772 1028 2809 mihi
1059 2783 1171 2820 porro
1202 2778 1377 2820 superest
1407 2775 1563 2822 negotii.

212 2825 285 2864 Ad
315 2823 744 2876 comparationem
774 2834 859 2866 etc.
891 2837 995 2877 pag.
1028 2825 1159 2880 38.⁵.⁶)

15 2917 32 2937 4
211 2884 370 2923 Praeter
395 2885 478 2933 jam
510 2885 716 2935 dissipatas
744 2890 834 2923 tuas
865 2884 1132 2925 oblocutiones
1162 2887 1225 2924 hic
1255 2885 1370 2923 etiam
1401 2888 1744 2928 contradictionem
1774 2893 1870 2932 mibi

12 2944 42 3000 'f‘
97 2942 319 2991 exprobras,
352 2942 456 2990 quod
486 2954 563 2980 uno
592 2943 681 2981 loco
710 2943 799 2980 libri
829 2947 905 2982 mei
928 2948 999 2989 (tol.
1022 2947 1082 2990 82)
1118 2954 1299 2982 recenseo
1319 2946 1552 2984 sententiam
1574 2946 1871 2998 Pythagoraeo-

97 3008 181 3036 rum
211 2999 259 3038 de
290 3000 315 3037 5
335 3001 560 3049 corporibus
589 3012 636 3039 ex
657 3000 807 3049 vulgari
829 3002 1047 3051 traditione,
1078 3002 1156 3040 alio
1189 3001 1275 3038 loeo
1306 3004 1375 3046 (fol.
1404 3004 1483 3048 121)
1520 3004 1640 3043 dubia
1668 3018 1764 3045 usus
1781 3019 1874 3049 ora..
