1994 3276
765 86 878 133 mor
898 86 943 124 v.
967 87 1086 133 caput
1106 85 1172 123 111.
1215 71 1223 74 “
1790 87 1873 136 ²⁷⁷

80 209 218 247 intimo
246 206 407 247 Saturni
438 205 588 248 ‚circulo
627 205 856 258 applicatis,
895 209 1030 245 centra
1058 204 1264 256 planorum
1292 204 1374 244 sere
1413 206 1575 254 tangere
1602 201 1788 243 medium·
1803 202 1882 242 cir-

88 265 221 306 culum
239 263 371 313 Jovis,
401 269 440 304 et
469 263 650 303 teu-aedri
665 263 819 315 angulis
849 265 986 304 intimo
1006 262 1123 302 Jovis
1154 261 1298 302 circulo
1326 261 1611 310 insistentibus,
1640 266 1773 302 centra
1790 260 1881 311 pla-

83 335 222 364 norum
251 321 432 363 tetrafflri
449 367 453 370 ,
471 327 629 373 tangere
666 322 746 362 sere
774 322 914 361 Martis
951 321 1136 362 circulum
1167 323 1373 369 extimum3
1412 321 1470 358 sic
1499 317 1672 359 octaedri
1709 318 1878 369 angulis,

85 394 134 422 ex
162 377 327 422 Veneris
356 391 590 431 quocunque
628 379 771 420 circulo
802 381 1051 431 surgentibus
1081 378 1187 432 (suut
1224 380 1367 418 etenim
1398 389 1532 416 omnes
1562 382 1640 417 tres
1677 378 1718 415 iu
1747 388 1877 428 angu-

80 440 292 481 stissimum
332 438 580 478 intervallum
618 436 792 489 redacti),
834 443 967 478 cena-a
1004 438 1209 490 planorum
1259 435 1566 475 octaedricorum
1600 440 1803 487 penetrare
1839 438 1879 475 et

84 496 312 549 profundius
344 496 578 537 descendere
608 497 707 536 infra
736 496 918 536 Mercurii
957 496 1144 535 circulum
1184 495 1390 542 extimum,
1428 505 1555 543 neque
1585 498 1714 533 tamen
1745 494 1879 534 venire

81 567 207 606 usque
249 554 301 594 ad
344 555 516 594 medium
551 554 733 594 Mercurii
773 554 982 603 circulum3
1027 554 1195 605 denique
1237 550 1604 592 dodecaedricorum
1645 550 1802 603 quidem
1838 555 1880 591 et

81 613 406 653 icosaedrieorum
444 613 596 652 orbium
626 613 951 664 proportionibus,
992 613 1092 651 inter
1110 624 1155 652 se
1184 611 1431 661 aequalibus,
1464 611 1638 649 omnium
1678 611 1878 661 proximas

80 683 167 712 esse
195 673 462 722 proportiones
503 683 572 710 seu
602 670 807 710 intervalla
843 672 943 710 inter
972 670 1112 709 Martis
1152 677 1191 709 et
1220 669 1391 708 Telluris
1428 669 1607 719 interque
1638 667 1807 708 Telluris
1837 672 1878 708 et

83 730 247 770 Veneris
276 729 452 776 circulos,
484 741 629 779 easque
659 731 767 779 ipsas
795 730 895 768 inter
924 740 967 767 se
995 728 1175 768 similiter
1204 727 1403 778 aequales,
1435 728 1468 764 si
1499 726 1550 766 ab
1582 727 1718 766 intimo
1738 726 1878 766 Martis

82 787 133 828 ad
162 787 334 828 medium
362 787 543 835 Telluris,
576 799 601 826 a
629 786 757 826 medio
789 798 881 826 vero
912 786 1081 826 Telluris
1112 786 1162 826 ad
1192 785 1364 825 medium
1389 784 1554 824 Veneris
1584 789 1877 836 computemus3

84 845 253 886 Telluris
294 846 396 885 enim
431 844 601 884 medium
640 843 886 884 intervallum
924 850 983 885 est
1020 844 1190 884 medium
1221 842 1509 895 proportionale
1546 843 1647 884 inter
1675 843 1877 882 minimum

86 904 224 944 Martis
254 908 294 943 et
323 902 492 942 medium
521 903 706 951 Veneris3
749 907 920 942 attamen
959 902 1031 942 bas
1060 903 1159 942 duas
1198 903 1467 953 proportiones
1505 902 1606 940 inter
1634 900 1877 953 planetarum

92 961 257 1004 circulos
287 961 415 1000 adhuc
444 973 530 1000 esse
561 961 752 1010 majores,
791 973 908 1011 quam
938 967 1029 1000 sunt
1068 962 1246 1000 binorum
1287 959 1442 999 illorum
1480 961 1520 998 iu
1549 959 1683 1010 figuris
1712 959 1876 1009 orbium,

91 1022 150 1060 sic
185 1026 229 1058 ut
263 1018 467 1070 planorum
498 1018 729 1058 dodeeae'dri
770 1025 902 1058 centra
943 1031 1019 1058 non
1059 1024 1222 1069 tangant
1261 1018 1449 1058 circulum
1477 1019 1664 1057 extimum
1694 1017 1876 1067 Telluris,

86 1090 212 1128 neque
248 1077 570 1118 icosaedricorum
612 1077 814 1127 planorum
851 1083 985 1116 centra
1023 1077 1208 1116 circulum
1248 1077 1435 1116 extimum
1472 1075 1657 1125 Veneris3
1698 1075 1768 1115 sed
1803 1087 1877 1116 nec

86 1135 231 1186 expleri
262 1136 365 1174 bunc
394 1135 542 1174 hiatum
572 1147 641 1185 per
669 1135 1000 1175 semidiametrum
1031 1136 1135 1174 orbis
1166 1135 1320 1183 Lunae,
1352 1146 1471 1185 supra
1500 1133 1675 1174 additam
1705 1134 1875 1174 Telluris

86 1193 292 1233 intervallo
322 1195 510 1241 maximo,
541 1194 640 1231 infra
669 1205 762 1234 vero
793 1193 988 1233 ademtam
1018 1193 1193 1244 ejusdem
1223 1194 1397 1232 minimo.
1444 1191 1523 1232 Sed
1542 1192 1660 1231 aliam
1680 1193 1877 1242 quandam

88 1251 334 1303 deprehendo
375 1253 662 1302 proportionem
699 1251 920 1302 figuralem,
969 1253 1002 1291 si
1039 1264 1177 1302 nempe
1217 1258 1374 1290 auctum
1417 1249 1688 1290 dodecae‘dron
1719 1253 1785 1296 (ng.
1803 1251 1875 1300 44),

87 1312 151 1349 cui
179 1321 319 1349 nomen
349 1309 486 1350 echino
517 1310 589 1348 feci
619 1306 922 1363 (conformatum
951 1309 1101 1350 scilicet
1131 1322 1179 1349 ex
1210 1309 1416 1349 duodecim
1443 1309 1568 1348 stellis
1597 1310 1876 1360 quinquangu-

88 1368 236 1408 laribns
265 1379 390 1418 eoque
409 1368 627 1418 proximum
648 1369 821 1418 quinque
843 1369 1067 1419 corporibus
1088 1368 1362 1419 regularibus),
1394 1368 1479 1415 hoc,
1511 1368 1682 1418 inquam,
1713 1368 1747 1406 si
1774 1366 1875 1406 duo-
1932 1408 1934 1413 f

63 1419 68 1423 ’
91 1426 217 1465 decim
245 1436 449 1465 mucrones
480 1437 573 1464 suos
604 1426 835 1477 collocetjn
868 1426 1010 1466 circulo
1040 1426 1179 1466 Martis
1209 1428 1367 1478 intimo,
1408 1432 1500 1466 tunc
1529 1425 1654 1465 latera
1681 1424 1876 1476 pentago-

90 1496 249 1532 norum,
280 1485 347 1534 qui
376 1483 519 1533 singuli
550 1483 789 1534 singulorum
819 1484 1014 1524 radiorum
1043 1496 1114 1524 seu
1144 1495 1370 1524 mucronum
1400 1489 1491 1523 sunt
1517 1484 1653 1533 bases,
1685 1485 1876 1534 attingere

90 1542 259 1582 medium
288 1542 472 1581 circulum
501 1541 677 1581 Veneris.
737 1543 932 1582 Breviter:
975 1544 1098 1582 cubus
1138 1549 1178 1583 et
1208 1542 1415 1582 octaedron
1445 1542 1632 1593 conjuges
1670 1546 1876 1592 penetrant

88 1612 180 1640 suos
210 1600 444 1651 planetarios
475 1600 586 1638 orbes
617 1600 802 1648 nonnihil,
834 1600 1103 1640 dodecaedron
1134 1606 1173 1642 et
1201 1601 1428 1640 icosae‘dron
1449 1601 1635 1651 conjuges
1660 1611 1738 1638 nou
1759 1599 1876 1651 plane

86 1663 347 1708 assequuntur
375 1669 480 1704 suos,
510 1657 728 1696 tetraedron
757 1661 929 1709 praecise
959 1661 1085 1709 tangit
1114 1665 1336 1709 utrumque3
1370 1659 1450 1698 illic
1480 1660 1624 1706 minus,
1654 1659 1743 1698 istic
1771 1658 1873 1709 plus,

90 1717 156 1756 hic
185 1716 349 1766 aequale
380 1722 439 1756 est
466 1717 505 1753 in
535 1715 779 1765 planetarum
810 1717 1036 1756 intervallis.

202 1774 263 1812 Ex
291 1785 370 1824 qua
397 1785 439 1814 re
469 1777 594 1823 patet,
631 1776 898 1824 proportiones
936 1775 1149 1825 ipsissimas
1188 1774 1481 1814 intervallorum
1518 1773 1822 1824 planetariorum
1850 1786 1876 1814 a

89 1831 184 1872 Sole
221 1843 270 1870 ex
305 1831 400 1870 solis
439 1830 572 1881 figuris
612 1832 855 1882 regularibus
885 1832 1082 1872 desumtas
1123 1843 1199 1871 non
1238 1844 1344 1881 esse;
1385 1844 1464 1871 non
1494 1832 1650 1871 aberrat
1679 1833 1783 1872 enim
1821 1833 1872 1872 ab

91 1889 301 1941 archetypo
330 1900 403 1928 suo
424 1889 593 1937 Creator,
624 1892 858 1940 geometriae
887 1891 975 1930 fons
993 1891 1222 1942 ipsissimus,
1254 1895 1303 1939 et,
1337 1896 1380 1929 ut
1398 1890 1514 1929 Plato
1543 1891 1710 1940 scripsit,
1741 1895 1872 1930 aeter-

92 1945 192 1986 nam
213 1959 397 1987 aei-cem
424 1950 695 1997 yeometriam.
755 1948 805 1987 Et
834 1950 962 1999 potuit
990 1961 1084 1988 sane
1113 1948 1188 1988 hoc
1209 1950 1335 2000 ipsum
1362 1948 1494 1998 colligi
1524 1947 1587 1987 vel
1607 1960 1655 1988 ex
1676 1959 1736 1997 eo,
1767 1949 1873 1999 quod

91 2006 271 2057 planetae
302 2017 435 2045 omnes
465 2006 671 2044 intervalla
699 2018 767 2056 per
796 2012 920 2046 certas
950 2013 1163 2058 temporum
1192 2006 1373 2057 periodos
1397 2011 1558 2053 mutant,
1589 2008 1646 2045 sic
1675 2011 1720 2045 ut
1748 2018 1873 2045 unus-

92 2065 258 2114 quisque
287 2062 363 2102 duo
393 2063 536 2117 habeat
566 2065 733 2114 insignia
760 2065 967 2104 intervalla
994 2078 1019 2104 a
1048 2065 1152 2113 Sole,
1184 2067 1392 2103 maximum
1423 2070 1462 2103 et
1489 2064 1701 2112 minimum,
1735 2064 1872 2104 datur-

93 2133 170 2172 que
203 2123 303 2160 inter
338 2122 451 2160 binos
487 2121 662 2172 planetas
703 2125 939 2173 comparatio
982 2123 1273 2163 intervallorum
1311 2135 1336 2162 a
1375 2123 1468 2161 Sole
1504 2121 1767 2173 quadruplex,
1806 2123 1872 2162 vel

90 2180 346 2218 maximorum
385 2179 448 2217 vel
487 2181 733 2218 minimorum
777 2181 843 2220 vel
880 2184 1156 2221 contrariorum
1202 2182 1546 2220 remotissimorum
1584 2182 1684 2218 inter
1721 2192 1764 2219 se
1804 2180 1870 2219 vel

90 2238 372 2288 proximorum3
402 2238 457 2275 ita
485 2237 582 2275 fiunt
611 2238 788 2276 bin-orum
818 2244 857 2278 et
886 2240 1064 2278 binorum
1093 2241 1306 2278 vicinorum
1339 2239 1581 2288 planetarum
1611 2239 1871 2288 comparatio-

90 2307 160 2334 nes
188 2306 347 2333 numero
376 2296 532 2344 viginti,
565 2307 651 2334 cum
681 2308 702 2334 e
733 2299 923 2335 contrario
953 2298 1098 2347 figurae
1128 2297 1276 2336 solidae
1311 2297 1437 2334 solum
1467 2297 1638 2344 quinque
1667 2297 1755 2334 sint.
1815 2295 1871 2335 At

92 2363 185 2392 vero
215 2358 516 2391 consentaneum
545 2359 624 2401 est,
666 2353 905 2402 Creatorem,
944 2358 978 2393 si
1014 2367 1144 2394 curam
1183 2355 1320 2393 habuit
1355 2354 1616 2404 proportionis
1647 2353 1800 2392 orbium
1828 2354 1870 2392 in

93 2421 247 2461 genere,
277 2421 407 2448 curam
436 2413 553 2449 etiam
581 2411 765 2451 habuisse
795 2415 1064 2462 proportionis,
1096 2423 1194 2462 quae
1216 2418 1274 2450 est
1303 2413 1401 2450 inter
1420 2410 1659 2460 singulorum
1678 2412 1718 2449 in
1739 2413 1870 2461 specie

94 2468 299 2508 intervalla
329 2469 531 2520 variantia,
562 2480 724 2518 eamque
756 2481 885 2509 curam
916 2473 1094 2520 utrinque
1123 2469 1284 2508 eandem
1303 2481 1388 2508 esse
1419 2468 1656 2518 alteramque
1677 2480 1725 2508 ex
1745 2469 1870 2508 altera

13 2542 44 2582 ¹„
96 2528 215 2574 necti,
247 2537 324 2575 quo
355 2537 543 2575 perpenso
574 2527 833 2566 obtinebimus
862 2540 955 2566 sane
986 2534 1025 2567 et
1052 2529 1147 2574 boc,
1183 2527 1288 2577 quod
1317 2527 1367 2566 ad
1399 2525 1687 2566 constituendas
1718 2527 1869 2566 orbium

24 2607 33 2630 2,
94 2589 134 2623 et
172 2584 380 2622 diametros
418 2588 456 2621 et
495 2586 795 2624 eccentricitates
827 2587 991 2635 Junctim
1029 2586 1202 2637 pluribus
1243 2587 1295 2624 sit
1324 2597 1421 2636 opus
1460 2585 1677 2636 principiis,
1716 2589 1869 2635 praeter

95 2643 263 2692 quinque
292 2640 485 2691 regularia
514 2653 684 2691 corpora.

210 2698 373 2748 Quinto,
411 2704 454 2736 ut
483 2699 534 2736 ad
568 2705 694 2738 motus
722 2702 941 2748 veniamus,
981 2702 1079 2740 inter
1109 2712 1206 2751 quos
1244 2701 1473 2740 constitutae
1512 2704 1602 2738 sunt
1630 2699 1866 2748 harmoniae,

97 2768 247 2796 rursum
276 2756 427 2795 inculco
465 2756 621 2804 lectori,
652 2756 951 2796 demonstratum
992 2770 1077 2798 esse
1112 2772 1136 2797 a
1163 2771 1225 2798 me
1260 2760 1300 2796 in
1330 2758 1623 2796 Commentariis
1661 2757 1708 2796 de
1739 2756 1867 2796 Marte

15 2813 47 2857 '1
97 2826 153 2853 ex.
191 2815 411 2852 certissimis
450 2813 591 2852 Brahei
634 2815 987 2862 observationibus,
1033 2817 1135 2866 quod
1174 2828 1285 2855 arcus
1329 2815 1453 2853 diurni
1498 2814 1682 2864 aequales
1717 2816 1756 2852 in
1799 2826 1866 2855 ec-

14 2870 46 2926 ’,ρ
97 2873 264 2911 ceutrico
294 2883 371 2909 uno
401 2876 440 2910 et
470 2871 605 2910 eodem
633 2882 710 2909 non
741 2873 894 2921 aequali
923 2880 1164 2924 permeentur
1194 2873 1406 2920 celeritate,
1448 2871 1516 2910 sed
1558 2872 1663 2922 quod
1694 2872 1771 2911 hae
1801 2871 1864 2911 di-

97 2941 233 2969 versae
260 2941 397 2970 morae
415 2931 460 2967 in
477 2929 660 2978 partibus
679 2930 911 2978 aequalibus
935 2934 1136 2970 eecentrici
1162 2932 1363 2970 observent
1380 2932 1678 2980 proportionem
1694 2941 1863 2970 suorum

99 2987 404 3026 intervallorum
433 2999 460 3024 a
491 2987 599 3034 Sole,
630 2986 735 3024 fonte
763 2992 909 3036 motus3
950 2995 990 3028 et
1017 2991 1207 3037 vicissim,
1245 2987 1349 3037 quod
1379 2989 1588 3038 suppositis
1626 2989 1863 3039 temporibus

0 3069 3 3082 1
102 3044 341 3094 aequalibus,
370 3049 465 3094 puta
494 3056 570 3084 uno
601 3043 663 3083 die
692 3043 858 3083 naturali
886 3048 1084 3096 utrinque,
1126 3046 1397 3097 respondentes
1432 3047 1479 3086 iis
1508 3045 1648 3088 diurni
1675 3049 1762 3090 veri
1789 3059 1862 3089 ar·-
