1994 3276
479 62 662 139 iudicin-
683 100 835 148 topini
854 101 904 139 ae
924 65 1175 140 amaru-a
1195 86 1424 150 munione.
1720 73 1729 76 ⁷⁵
1760 107 1847 150 sss

52 217 92 255 li.
115 228 149 255 e.
170 217 220 255 de
239 217 285 254 21
308 217 488 255 undecim.
536 219 707 256 correcto
729 227 816 254 vcro
837 217 1000 265 cylindro
1030 217 1208 263 sphaerae
1237 228 1371 265 corpus
1401 229 1475 256 una
1503 219 1695 264 corrigitur
1716 223 1845 266 estque

54 269 462 316 2oe4395m2393195⁴3
486 270 612 316 itaque
635 270 770 308 divisor
790 271 860 307 iste
883 270 932 306 sit
954 271 1090 315 prioris
1109 270 1191 308 bes:
1225 271 1396 317 prodiens
1429 271 1500 308 erit
1534 271 1681 309 diinidio
1714 271 1845 318 prioris

53 322 205 367 auctior,
220 332 280 359 ›ae-
301 324 474 359 numm
496 322 586 359 iate:
609 321 988 369 157085928331706,
1026 323 1130 369 cujus
1152 323 1257 360 radix
1292 323 1420 360 cubica
1455 323 1693 369 539²⁶³⁸lm00
1722 325 1846 371 prodit

53 374 273 412 ἀίοισα-ιι
289 374 477 420 quaesitae
498 375 686 420 sphaerae.

753 494 825 534 Ad
854 494 1014 547 Caput
1043 495 1135 534 vn.

169 594 253 631 Jam
275 605 489 640 responsum
514 599 571 632 est
593 596 690 642 apud
715 595 803 641 Cap.
827 596 871 632 V.
918 596 1112 642 Nunquam
1135 595 1226 632 adeo
1261 600 1340 632 tuta
1363 600 1419 632 est
1444 596 1607 642 operatio
1630 608 1696 643 per
1717 597 1843 646 lineas,

51 656 120 684 nec
141 651 199 684 est
219 647 446 692 geometrica,
470 657 538 683 nec
561 653 646 683 sunt
668 648 836 684 inventae
858 647 974 684 lineae
1003 649 1041 684 in
1072 659 1116 684 ea
1145 648 1191 683 ad
1225 658 1264 684 se
1294 652 1419 684 mutuo
1443 650 1686 694 proportione,
1710 651 1747 686 iu
1771 662 1844 697 qua

52 703 109 735 est
132 697 248 735 cubus
272 698 319 734 ad
342 698 540 741 cylindrum
563 704 627 735 aut
650 699 852 745 sphaeram,
877 710 923 734 ue
938 701 1125 746 proximae
1148 699 1291 746 quidem
1316 700 1444 746 lineae,
1469 701 1601 746 quibus
1625 702 1842 748 exprimere·

53 756 116 787 tur
136 751 229 788 haec
248 752 450 798 proportio.
498 751 571 788 Sed
594 762 662 788 nec
688 756 843 797 possunt
864 752 1014 788 inveniri
1037 753 1234 798 praecisae.
1285 753 1483 797 Quodlibet
1504 753 1598 790 enim
1619 753 1719 790 latus
1740 754 1843 801 poly-

51 803 135 849 goni
169 803 304 840 circulo
334 803 496 850 inscripti
532 803 643 840 habet
677 804 904 840 remotiorem
941 805 1241 841 demonstrandae
1276 805 1519 851 proportionis
1556 816 1644 842 suae
1678 807 1841 853 gradum,

53 861 261 901 ”paratum
294 855 340 892 ab
365 856 673 892 antecedentibus.
718 856 824 892 Solus
849 857 1005 893 circulus
1038 861 1124 902 post
1161 867 1284 892 omnes
1311 856 1447 903 figuras
1480 858 1679 904 polygonas
1717 858 1838 896 adhuc

52 913 219 955 supeant
238 919 314 945 non
336 909 602 946 demonstratus
639 919 707 946 nec
738 909 1037 945 demonstrandus
1050 937 1061 954 ,
1097 909 1166 945 nisi
1201 909 1302 955 prius
1338 910 1584 950 demonstrata
1616 911 1689 947 sint
1724 912 1843 948 omnia

54 961 247 1008 polysona,
269 973 424 1008 quorum
445 961 596 998 infinita.
643 961 870 1007 Impossibile
894 962 1004 1007 igitur
1026 961 1263 998 demonstrari
1288 962 1470 998 circulum.
1518 964 1712 1009 Nunquam
1733 963 1842 1008 igitur

50 1012 131 1051 ulla'
146 1014 320 1050 lineum
342 1015 574 1061 praecisione·
589 1013 796 1051 evitabitnr·
806 1014 1011 1051 errorculus
1034 1024 1276 1060 numerorum,
1310 1015 1399 1060 quin
1427 1014 1550 1061 potius
1573 1017 1839 1062 aggravabitur.

52 1065 180 1102 Laudo
204 1071 324 1102 tamen
346 1067 560 1103 industriam
585 1066 757 1103 Schoneri
781 1068 818 1102 in
841 1067 1068 1103 mechanicae
1090 1066 1375 1112 investigationis
1406 1068 1595 1104 exercitio:
1633 1068 1699 1104 etsi
1725 1067 1839 1104 faten-

44 1117 137 1163 ριίιιιι
160 1123 229 1161 est,
254 1117 368 1156 lineas
391 1119 439 1156 ab
461 1119 524 1156 ino
544 1120 673 1156 ductas
708 1119 744 1154 in
779 1119 1013 1165 proportione
1047 1120 1131 1156 cubi
1163 1119 1211 1154 ad
1245 1118 1444 1164 cylindrum
1480 1130 1578 1156 mere
1610 1119 1838 1156 mechanicas

51 1179 134 1205 ease
156 1180 224 1206 uec
247 1171 458 1208 numerandi
479 1172 637 1208 taedium
666 1171 873 1216 sublevare,
907 1172 972 1208 sed
1003 1181 1304 1218 praesupponere.
1355 1171 1448 1207 Nam
1473 1172 1717 1217 corpulentias
1739 1172 1840 1218 prius

52 1221 247 1268 explicavit
266 1222 305 1259 in
328 1223 496 1269 numeris,
520 1229 650 1269 postea
672 1233 718 1258 ex
741 1223 897 1259 numeris
920 1224 958 1259 iu
982 1223 1095 1260 lineas
1118 1222 1302 1259 transtulit
1325 1228 1461 1268 quauta
1484 1225 1603 1268 potuit
1626 1224 1839 1271 subtilitate,

52 1275 117 1312 ubi
131 1274 276 1321 quidem
291 1276 461 1313 statimin
475 1275 712 1320 tertio-digito
728 1286 750 1311 a
766 1276 912 1313 sinistra
924 1286 1157 1313 numerorum
1170 1274 1407 1312 subtilitatem
1425 1275 1590 1312 deserere
1606 1281 1752 1313 coactus
1770 1280 1838 1313 est.

742 1394 812 1434 Ad
842 1395 999 1446 Caput
1026 1395 1139 1435 VIII.

61 1532 70 1535 ,
166 1494 237 1531 Hie
257 1505 329 1532 non
352 1500 411 1532 sat
435 1499 555 1532 certus
579 1506 668 1539 sum,
693 1507 738 1532 an
763 1506 908 1532 sensum
932 1495 1122 1532 verborum
1145 1496 1202 1532 vel
1226 1497 1327 1542 ipse,
1363 1496 1419 1534 vel
1449 1498 1558 1533 etiam
1590 1498 1652 1543 qui
1675 1502 1759 1535 aute
1780 1508 1840 1535 me

50 1543 280 1592 siripaeruat,
302 1548 581 1594 perceperimus.
628 1548 731 1592 Quae
747 1548 856 1592 igitur
879 1548 925 1583 ad
948 1559 1097 1594 scopum
1121 1550 1333 1594 responderi
1356 1560 1464 1595 posse
1488 1550 1670 1595 existimo,
1703 1550 1839 1586 diserte

51 1608 249 1644 proponam
271 1599 310 1635 in
333 1599 429 1635 hunc
451 1600 607 1636 modum.
656 1601 711 1636 Sit
733 1611 795 1635 vas
819 1599 1083 1646 cylindraceum
1108 1601 1326 1646 ordinatum,
1364 1602 1468 1647 cnjus
1495 1602 1669 1639 diameter
1693 1608 1729 1638 et
1752 1602 1837 1639 alti-

52 1651 141 1687 tudo
165 1655 318 1696 occupet
340 1656 465 1696 partes
486 1652 636 1688 lineales
659 1653 738 1696 400,
764 1653 949 1698 quaeritur
972 1653 1088 1688 inane.
1123 1653 1212 1688 Cum
1237 1663 1321 1697 ergo
1345 1659 1467 1699 partes
1491 1654 1556 1690 471
1588 1654 1739 1691 lineales
1762 1665 1838 1691 me·

51 1703 188 1738 tiantur
209 1713 274 1738 vas
297 1703 319 1739 8
342 1699 705 1747 marcarum‚'ducam
728 1705 826 1740 hunc
849 1715 1037 1740 numerum
1060 1704 1116 1740 bis
1140 1705 1177 1740 in
1202 1715 1251 1750 se,
1277 1710 1317 1740 ut
1332 1705 1396 1740 fiat
1413 1705 1537 1749 cubus,
1561 1707 1623 1751 qui
1639 1707 1707 1743 erit
1720 1707 1838 1751 major

51 1765 160 1800 quam
182 1755 377 1801 82250000,
403 1757 488 1801 quia
511 1768 533 1792 a
555 1757 682 1802 majori
705 1758 842 1793 radice:
869 1758 997 1794 ducam
1022 1758 1130 1792 etiam
1153 1758 1223 1794 400
1245 1757 1302 1797 bis
1323 1758 1362 1793 iu
1380 1769 1430 1802 se,
1447 1763 1624 1803 eruntque
1640 1759 1836 1804 64000000‚
1888 1800 1893 1804 ,

52 1806 165 1843 cubus
189 1807 328 1843 numeri
351 1808 431 1844 400.
478 1808 528 1844 Ut
551 1819 635 1854 ergo
659 1810 757 1854 prior
779 1810 963 1845 inanitatis
987 1820 1157 1845 numerus
1193 1809 1238 1844 ad
1261 1810 1283 1845 8
1307 1820 1468 1855 marcas,
1504 1811 1555 1846 sic
1578 1811 1756 1856 posterior
1778 1810 1838 1845 hic

51 1859 97 1894 ad
119 1869 258 1895 marcas
274 1860 484 1904 posterioris
508 1860 733 1906 cylindracei.
781 1862 874 1906 Quia
910 1862 977 1898 etsi
1014 1872 1079 1907 per
1113 1861 1224 1896 cubos
1261 1872 1472 1907 operamur,
1508 1873 1595 1898 vasa
1628 1873 1713 1898 vero
1752 1866 1838 1898 sunt

50 1911 283 1956 cylindracea,
309 1911 483 1948 cuborum
506 1917 626 1949 tamen
651 1913 1030 1958 comprehendentium
1053 1914 1100 1949 ad
1131 1913 1311 1958 cylindros
1346 1924 1430 1949 suos
1463 1924 1605 1959 semper
1630 1920 1686 1950 est
1711 1915 1836 1950 eadem

49 1963 244 2008 proportio.
292 1963 431 1999 Eadem
455 1964 500 1999 de
532 1965 695 2010 sphaeris
732 1966 904 2011 dicenda,
942 1966 1084 2010 quando
1121 1965 1251 2001 lineale
1286 1966 1408 2011 prodit
1441 1966 1637 2011 particulas
1672 1965 1836 2002 diametri

50 2014 323 2051 bombardariae
346 2022 384 2052 et
407 2018 459 2053 sic
482 2017 684 2062 ejaculandi
708 2017 814 2062 globi.

165 2067 237 2104 Sed
272 2073 310 2104 et
339 2069 447 2105 latius
483 2070 626 2106 extendi
658 2075 781 2115 potest
815 2071 852 2106 in
878 2070 1056 2116 cylindris.
1108 2070 1221 2106 Suuto
1252 2069 1478 2115 cylindracea
1509 2075 1741 2115 quotcunque
1762 2082 1836 2107 non

56 2120 248 2164 aequantia
264 2120 484 2156 diametrum
506 2121 706 2167 altitudine,
732 2122 796 2158 sed
821 2133 972 2167 quorum
995 2122 1160 2158 diametri
1192 2127 1229 2158 et
1260 2122 1468 2158 altitudines
1501 2122 1631 2158 dentur
1654 2122 1835 2166 sigillatim

52 2182 118 2217 per
138 2172 282 2209 lineale.
329 2174 468 2210 Ducam
492 2173 684 2210 diametros
707 2175 745 2209 in
769 2185 819 2219 se,
844 2174 1022 2219 producta
1043 2175 1081 2210 in
1106 2175 1330 2210 altitudines:
1355 2175 1550 2221 prodibunt
1572 2185 1738 2209 vasorum
1761 2186 1835 2211 non

48 2224 130 2269 ipsa
152 2224 297 2269 quidem
317 2225 455 2270 inania,
488 2226 552 2261 sed
576 2231 695 2262 tamen
716 2226 876 2271 numeri,
914 2227 1156 2263 custodientes
1189 2227 1339 2263 eandem
1362 2228 1642 2273 proportionem,
1668 2238 1775 2272 quam
1798 2232 1836 2264 et

50 2277 269 2321 capacitates
293 2288 374 2313 cum
396 2278 492 2313 inter
515 2289 554 2314 se
578 2283 655 2313 tum
679 2278 724 2313 ad
748 2279 984 2324 capacitatem
996 2279 1090 2314 vasis
1114 2279 1267 2314 ordinati
1291 2289 1336 2314 ex
1360 2279 1547 2324 particulis
1570 2280 1649 2324 471,
1674 2279 1705 2315 si
1728 2281 1835 2316 etiam

49 2326 118 2362 liae
140 2327 256 2364 lineae
273 2329 398 2366 cubice
420 2330 712 2375 multiplicentur.

166 2380 327 2425 Sphaera
343 2382 458 2418 omnis
473 2382 832 2427 comprehendentem
850 2382 982 2417 cubum
998 2381 1269 2426 praesupponit,
1293 2391 1365 2415 nou
1382 2391 1464 2416 vero
1482 2381 1832 2430 parallelepipedon3

51 2429 174 2476 itaque
197 2431 233 2466 in
258 2433 420 2478 sphaeris
443 2433 496 2469 ita
517 2433 591 2469 late
614 2434 796 2478 negotium
832 2433 978 2467 extendi
1007 2443 1081 2467 non
1116 2437 1247 2476 potest.
1296 2433 1365 2467 Est
1394 2436 1516 2468 tamen
1551 2433 1621 2469 alia
1658 2435 1835 2478 quaedam

50 2481 167 2526 figura
190 2483 306 2519 solida
329 2484 438 2529 hujus
461 2486 622 2529 generis,
646 2485 764 2520 latiori
788 2484 993 2519 definitione
1017 2484 1296 2529 comprehensa,
1334 2495 1427 2529 quae
1456 2486 1493 2520 in
1512 2485 1595 2521 ‘hoc
1629 2485 1834 2530 analogiam

50 2544 131 2568 cum
155 2533 389 2579 cylindraceis
412 2538 550 2582 pariat,
585 2548 713 2582 nempe
748 2537 901 2573 solidum
931 2537 1100 2572 conoides
1135 2536 1332 2582 ellipticum
1355 2548 1420 2573 seu
1445 2537 1639 2583 ovfforme,
1675 2539 1773 2583 quod
1796 2538 1834 2574 in

48 2584 174 2621 ultimo
198 2590 345 2630 eirortus
369 2589 427 2624 sui
450 2590 601 2640 termino
625 2590 782 2626 admittit
805 2589 913 2625 etiam
937 2589 1137 2634 sphaeram.

761 2696 826 2734 Ad
856 2696 1013 2746 Caput
1041 2695 1118 2735 lx.

0 2840 4 2846 .
140 2792 387 2838 (Logisticam
410 2796 612 2832 octonariae
636 2796 899 2841 progressionis
923 2796 1027 2831 video
1051 2807 1073 2830 a
1097 2795 1279 2830 Schonero
1303 2795 1410 2840 plane
1435 2795 1653 2843 absolutam,
1678 2801 1715 2833 et
1737 2797 1832 2836 inest

50 2843 88 2904 in
109 2844 394 2904 consideratione
415 2847 550 2883 inventi
572 2847 680 2892 hujus
703 2847 896 2893 plurimum
920 2847 1176 2884 delectationis.
1223 2846 1317 2890 Quid
1341 2848 1436 2882 euim
1458 2859 1531 2883 non
1546 2853 1667 2893 potest
1682 2849 1831 2888 humani

54 2898 375 2985 mgenlfllzdaebgne
396 2951 579 2996 provisum
602 2962 624 2987 a
648 2951 842 2994 Schonero,
869 2955 910 2985 ut
933 2950 1144 2995 scripturam
1170 2950 1375 2986 emendaret
1398 2961 1464 2996 per
1478 2955 1630 2996 puncta3
1655 2962 1721 2989 nec
1737 2952 1830 2990 enim

52 3000 218 3037 sufficere
242 3006 410 3046 poterant
432 3003 563 3048 apices.
613 3003 821 3048 Cogitabam
843 3003 922 3047 ipse
946 3003 1170 3038 characteres
1194 3000 1283 3035 alios
1308 3001 1329 3036 8
1346 3001 1546 3048 eligendos3
1570 3014 1653 3039 nam
1668 3004 1830 3042 confusio

54 3053 247 3090 metuenda
270 3053 338 3089 fuit
359 3059 554 3102 perpetua,
593 3055 759 3092 euntibus
790 3065 813 3091 a
840 3055 863 3091 7
887 3055 1007 3091 statim
1030 3054 1069 3089 in
1094 3054 1144 3089 10.
1191 3053 1386 3099 Postquam
1419 3064 1504 3093 vero
1534 3060 1578 3091 et
1612 3055 1831 3094 Schonerum

120 3123 247 3159 Συριστὶ
264 3123 364 3159 Opera
379 3124 417 3153 V.
1569 3116 1624 3157 40
