1994 3276
118 93 202 136 ⁸74
800 88 1000 127 Ptolemaei
1023 90 1232 130 Harmonia.

116 216 191 243 non
216 208 366 255 propter
388 204 573 245 residuum
603 205 681 251 ’31η
705 205 759 241 vel
787 205 847 251 315,
874 207 938 243 sed
960 211 1110 252 propter
1134 208 1178 252 ²l5
1196 207 1413 253 geometrice
1430 208 1656 252 constitutas.
1688 209 1787 255 Quin
1801 211 1913 257 otiam

117 251 253 298 circulo
277 258 314 294 in
339 259 384 295 12
408 257 541 304 diviso,
566 258 652 303 quia
676 268 748 294 uua
772 258 879 295 uncia
901 259 1118 304 geometrice
1140 260 1298 296 rescissa
1322 265 1389 303 est,
1414 259 1566 302 effectus
1592 265 1772 302 astrorum
1796 263 1913 310 sequi·

117 318 176 348 tur
200 314 236 345 et
259 310 295 346 in
319 310 538 347 harmonicis
562 310 821 357 trisdiapason-
823 310 1069 357 epidiapente,
1104 322 1177 348 non
1203 311 1388 359 obstante,
1423 313 1519 359 quod
1551 313 1737 352 residuum
1759 315 1914 361 partium

117 364 159 398 11
186 363 224 398 in
248 360 466 398 harmonicis
492 356 572 397 cu'm
596 368 673 399 toto
700 363 743 399 12
768 364 1039 399 consonantiam
1064 364 1200 401 nullam
1222 364 1318 401 facit.
1367 366 1484 408 Causa
1506 371 1580 412 est,
1605 367 1690 412 quia
1714 367 1768 404 vis
1787 378 1914 414 aspec-

115 421 195 458 tus,
228 414 296 454 etsi
321 426 341 450 a
366 413 491 450 circuli
515 415 671 451 arcubus
697 420 934 459 monstratur,
966 414 1141 460 redigitur
1170 422 1290 453 tamen
1317 417 1353 453 in
1384 419 1538 465 angulos
1570 419 1617 457 ad
1640 425 1835 466 centrum,
1852 422 1914 460 ubi

119 465 308 504 confluunt
331 466 439 512 radii3
462 468 538 512 jam
563 477 647 505 vero
674 469 832 514 iesidua,
860 469 994 514 quippe
1018 470 1155 514 majora
1180 471 1420 517 semicirculo,
1448 482 1520 508 non
1538 472 1735 509 metiuntur
1750 473 1913 523 angulos

116 520 216 566 quod
242 519 333 556 libro
359 521 420 556 IV.
446 531 523 566 cap.
551 523 583 557 5.
609 526 645 556 et
671 517 710 558 6?
731 521 902 556 omissum
927 520 1010 558 hinc
1035 522 1172 566 supple

232 573 314 608 Non
338 579 493 618 possunt
527 573 707 610 axiomata
740 573 800 610 illa
824 573 1043 615 harmonica
1057 573 1101 610 de
1124 574 1408 614 identisonantia
1437 576 1607 618 continue
1630 576 1823 623 duplarum
1852 589 1914 624 ap*

115 626 242 674 plicari
266 625 418 671 circulo,
445 631 485 660 ut
508 626 723 672 probemus,
748 628 856 663 etiam
880 627 1027 663 residua
1048 627 1177 664 circuli
1195 629 1325 672 juvare
1341 627 1542 674 genituram
1566 633 1798 677 aspectuum,
1822 630 1916 667 siout

114 679 261 717 residua
285 678 442 714 chordae
461 679 593 724 juvant
616 680 819 724 genituram
843 680 1178 716 consonantiarum:
1205 682 1290 726 quia
1314 682 1344 718 si
1371 680 1506 722 circulo
1530 680 1792 727 applicaremus
1817 681 1914 726 axio-

115 737 213 770 mata
237 731 282 768 de
307 731 540 777 quadruplis,
564 732 745 768 interdum
771 742 816 768 ex
841 733 978 768 minore
1002 733 1246 778 proportionis
1271 735 1426 771 termino
1445 733 1645 776 faceremus
1669 735 1852 781 majorem,
1876 741 1915 771 ut

115 786 146 823 si
170 784 222 821 sic
245 784 488 829 ratiocineris:
525 784 686 821 sectione
718 785 842 820 circuli
872 789 995 830 potest
1030 785 1201 822 constitui
1234 787 1420 833 proportio
1454 785 1582 837 tripla,
1613 797 1678 823 seu
1716 789 1756 836 ¹1,
1778 787 1913 832 circidi,

115 849 201 883 ergo
226 842 383 883 possunt
409 841 445 872 et
468 837 511 882 ²ls
538 840 575 872 et
598 838 661 882 ⁴l33
685 837 756 872 hoc
781 847 854 873 non
879 837 986 882 valet,
1010 837 1095 882 quia
1115 838 1191 883 Jam
1215 840 1258 885 413
1284 844 1459 886 superant
1481 839 1657 881 circulum
1680 844 1808 886 totum,
1831 850 1915 882 con-

114 891 290 929 tinentem
324 893 465 925 tantum
497 890 560 936 ³13,
592 894 630 924 et
661 889 790 934 incipis
823 889 1007 935 duplicare
1041 901 1162 931 arcum
1196 891 1339 939 circuli,
1380 901 1575 932 numerans
1607 891 1746 938 aliquid
1779 893 1825 935 de
1859 903 1915 940 eo,

119 944 216 990 quod
242 948 298 980 est
321 942 403 988 plus
427 946 517 978 toto.
566 942 683 987 Igitur
706 942 800 979 idem
827 948 912 978 sunt
934 943 972 978 in
997 942 1132 978 circulo
1164 954 1274 980 causa
1304 944 1623 1004 demonstrationis
1647 946 1708 992 ⁴l2,
1738 946 1837 992 quod
1865 947 1914 991 νβ,

119 997 203 1044 quia
226 997 290 1043 ³s3,
327 995 461 1032 circulo
486 996 523 1031 in
549 1006 588 1031 se
612 995 732 1055 ipsum
755 995 950 1036 redeunte,
980 994 1208 1039 abjiciuntur.
1257 996 1332 1036 Aut
1363 996 1395 1032 si
1418 1007 1463 1038 ex
1484 998 1534 1045 *13
1556 996 1686 1035 feceris
1710 1008 1822 1035 unum
1844 997 1912 1038 cir·

116 1050 236 1090 culum
267 1054 398 1093 totum,
426 1055 463 1084 et
494 1060 559 1094 pro
587 1049 632 1092 31,
665 1048 794 1094 prioris
828 1046 951 1086 circuli
977 1047 1054 1091 jam
1086 1047 1136 1094 3,14
1153 1048 1362 1093 posterioris
1386 1049 1476 1089 velis
1508 1048 1661 1093 inferre,
1693 1061 1838 1092 rursum
1860 1050 1906 1087 id

114 1115 186 1140 non
211 1103 391 1140 succedet.
440 1103 533 1139 Nam
566 1107 641 1137 tres
671 1101 815 1147 quidem
849 1105 970 1146 partes
1003 1099 1124 1135 facere
1146 1101 1299 1148 potuisti
1322 1101 1359 1140 in
1384 1101 1520 1139 circulo
1541 1111 1609 1150 per
1638 1102 1908 1149 inscriptionem

116 1155 302 1201 trianguli,
335 1155 406 1199 jam
432 1161 473 1190 ut
498 1160 657 1199 quatuor
680 1154 786 1198 fiant,
818 1151 1084 1190 inscribendum
1109 1151 1204 1190 foret
1230 1153 1529 1200 quadrangulum.
1575 1155 1610 1192 A
1633 1155 1804 1202 trianguli
1826 1167 1910 1199 vero

114 1207 332 1245 inscribendi
356 1207 598 1253 possibilitate
630 1206 676 1241 ad
694 1203 990 1265 quadrangulum
1019 1203 1108 1239 nihil
1143 1205 1306 1249 sequitur
1337 1205 1371 1240 vi
1401 1206 1508 1248 huius
1537 1209 1749 1254 argumenti.
1797 1207 1910 1248 Occu-

116 1264 226 1306 patur
249 1261 343 1298 enim
367 1259 564 1304 geometria
590 1258 739 1295 seorsim
764 1258 858 1298 ciica
882 1258 1016 1302 figuras
1041 1256 1261 1302 singularum
1287 1263 1485 1303 sectarum,
1517 1258 1842 1304 demonstrationes
1865 1270 1910 1301 ex

116 1313 292 1358 cujusque
318 1322 467 1348 numero
492 1310 704 1355 angulorum
732 1309 941 1353 exstruens,
967 1314 1006 1343 ut
1030 1308 1120 1344 libro
1145 1319 1224 1350 meo
1248 1311 1277 1347 Ι.
1303 1311 1558 1352 demonstravi.
1599 1311 1714 1356 Igitur
1729 1312 1910 1378 axiomata

116 1364 160 1400 de
184 1364 292 1406 rectis
318 1363 575 1409 multiplicibus
601 1374 672 1398 non
697 1369 850 1408 possunt
876 1363 1138 1400 accommodari
1162 1364 1280 1399 curvis
1306 1369 1344 1399 et
1371 1364 1518 1401 circulo.

232 1429 412 1475 Legitima
434 1429 546 1474 igitur
571 1432 605 1463 ct
630 1428 789 1464 causalis
816 1427 1036 1472 comparatio
1061 1428 1349 1464 harmonicarum
1381 1429 1696 1466 consonantiarum
1724 1441 1806 1466 cum
1829 1441 1909 1476 par-

114 1481 215 1517 tibus
239 1481 365 1517 circuli
388 1485 559 1526 aspectus
583 1481 821 1516 formantibus
846 1484 903 1515 est
927 1480 1013 1514 ista:
1051 1484 1091 1515 ut
1114 1480 1200 1524 quia
1225 1480 1402 1526 principia
1434 1481 1551 1519 solum
1573 1481 1840 1520 harmoniarum
1864 1493 1908 1518 ex

114 1534 250 1572 circulo
284 1539 369 1570 sunt
398 1534 598 1578 iisdemque
631 1539 760 1579 postea
791 1533 988 1568 miscentur
1020 1532 1091 1567 alia
1123 1532 1246 1578 aliqua
1275 1533 1371 1570 intra
1403 1539 1508 1579 septa
1531 1533 1776 1579 harmonias,
1809 1534 1910 1572 solae

116 1587 227 1632 igitur
249 1586 332 1622 illae
349 1587 577 1632 harmoniae,
603 1597 696 1631 quae
721 1588 805 1622 sunt
830 1586 1003 1630 diapason
1029 1594 1102 1619 non
1125 1584 1299 1631 minores,
1324 1590 1579 1630 comparentur
1601 1587 1820 1632 aspectibus.
1852 1587 1922 1623 Ita

116 1639 283 1685 opposito
316 1639 414 1674 venit
446 1640 639 1684 diapason,
684 1639 875 1684 quincunci
913 1638 1087 1682 diapason
1126 1647 1206 1672 cum
1245 1637 1478 1682 semiditono,
1519 1637 1699 1682 hirluintili
1735 1638 1909 1684 diapason

115 1703 198 1727 cum
222 1691 362 1733 ditono,
397 1692 599 1736 sesqua'dro
622 1692 798 1736 diapason
822 1701 903 1726 cum
929 1691 1169 1735 diatessaron,
1202 1690 1297 1726 trino
1323 1690 1498 1735 diapason
1519 1701 1603 1727 cum
1627 1692 1812 1736 diapente,
1846 1691 1908 1728 tri-

113 1743 219 1780 decili
244 1743 420 1788 diapason
443 1754 531 1779 cum<
548 1749 653 1779 sexta
677 1744 783 1788 dura,
812 1743 988 1788 quadrato
1020 1742 1267 1789 disdiapason,
1307 1743 1449 1788 quintili
1480 1744 1713 1789 disdiapason
1743 1754 1824 1783 cum
1857 1745 1909 1782 div

117 1796 224 1840 tono,
267 1796 387 1832 sextili
421 1795 922 1841 disdiapason-epidiapente‚
970 1796 1070 1832 octili
1106 1796 1369 1842 trisdiapason,
1409 1796 1516 1833 dcciii
1549 1796 1792 1843 trisdiapason
1828 1806 1909 1834 eum

115 1849 253 1894 ditono,
279 1849 472 1885 semisexto
498 1848 740 1894 trisdiapason
766 1859 846 1884 cum
865 1848 1047 1893 diapente.
1063 1849 1152 1887 ·,Tot
1170 1854 1254 1894 sunt
1270 1849 1364 1891 enim
1381 1855 1564 1894 aspectus,
1590 1860 1741 1894 quorum
1755 1848 1909 1887 effectus

116 1900 173 1936 vel
194 1899 342 1936 evidens
366 1900 423 1935 vel
447 1900 574 1936 saltem
599 1901 635 1935 in
661 1900 867 1945 suspicione
892 1905 963 1945 est,
996 1911 1063 1936 nec
1096 1901 1188 1937 aliae
1213 1902 1350 1946 figurae
1380 1901 1515 1938 circulo
1540 1902 1735 1947 inscriptae
1757 1901 1909 1939 nobilio-

115 1953 216 1989 ribus
251 1953 424 1989 scientiae
457 1953 845 1997 demonstrationisque
877 1953 1048 1997 gradibus
1081 1955 1300 1999 consistunt,
1336 1966 1444 2000 quam
1468 1954 1538 1990 hae
1569 1954 1688 1999 ipsae:
1723 1953 1906 2000 diameter,

117 2004 224 2041 stella
248 2005 532 2050 dodecagonica,
559 2006 665 2042 stella
682 2007 935 2052 pentagonica,
962 2005 1069 2042 stella
1094 2007 1321 2050 octogonam,
1347 2007 1529 2052 trigonus,
1553 2006 1661 2043 stella
1678 2005 1906 2052 decagoniea,

114 2063 344 2103 tetragonus,
370 2063 613 2104 pentagonus,
641 2060 870 2104 hexagonus,
897 2060 1120 2105 decagonus,
1148 2059 1415 2104 dodoeagonus,
1439 2059 1485 2095 de
1501 2059 1632 2104 quibus
1649 2063 1734 2095 suut
1748 2058 1819 2098 mei
1834 2057 1905 2094 duo

112 2111 217 2156 primi
252 2110 347 2147 libri.
397 2111 615 2146 Harmoniae
653 2111 796 2156 quidem
837 2123 881 2147 ex
912 2122 983 2147 una
1019 2117 1123 2156 parte
1154 2116 1361 2147 excurrunt·
1387 2111 1530 2155 longius
1565 2111 1614 2147 ob
1649 2111 1906 2154 admixtionem

112 2164 332 2199 axiomatum
357 2163 533 2199 dictorum
556 2164 594 2199 iu
617 2170 716 2200 recto
742 2164 967 2209 possibilium
992 2169 1152 2210 (semper
1175 2168 1292 2199 tamen
1310 2167 1482 2200 contenta
1498 2167 1583 2200 sunt
1599 2162 1902 2208 proportionibus,
1959 2197 1965 2209 2

113 2226 205 2265 quas
228 2215 317 2251 facit
340 2215 495 2251 circulus
511 2215 791 2252 demonstrative
815 2220 936 2252 sectus
958 2227 1040 2250 cum
1066 2216 1260 2260 segmentis
1287 2214 1466 2260 singulis),
1492 2225 1537 2250 ex
1560 2215 1678 2254 altera
1698 2225 1782 2253 vero
1798 2219 1903 2260 parte
1958 2212 1970 2253 23-

978 2279 1025 2303 ex
1044 2268 1169 2303 eadem
1201 2268 1420 2304 axiomatum
1437 2267 1593 2304 mixtura
1617 2267 1797 2319 derivatis,
1818 2276 1904 2304 sese
1955 2268 1975 2316 J',

113 2321 363 2366 constringunt
387 2323 532 2360 arctius.
581 2323 674 2358 Nam
699 2323 781 2368 quia
806 2324 842 2357 in
866 2322 1008 2358 illarum
1032 2320 1196 2371 genitura
1219 2321 1254 2355 in
1280 2319 1602 2357 considerationem
1625 2320 1773 2359 veniunt
1794 2319 1901 2359 etiam
1964 2344 1969 2348 v

113 2375 259 2411 residua
282 2374 520 2409 chordarum
515 2385 720 2420 eorumque
748 2374 1006 2412 consonantiae
1031 2383 1111 2407 cum
1136 2376 1213 2423 tota
1237 2377 1273 2406 et
1296 2382 1377 2406 cum
1402 2376 1605 2416 segmento,
1639 2372 1683 2408 fit
1703 2372 1826 2417 igitur,
1861 2377 1901 2409 ut

114 2438 158 2462 ex
183 2427 349 2466 omnibus
372 2427 528 2463 residuis
553 2430 663 2472 (quae
687 2432 842 2472 possunt
866 2426 1005 2462 infinito
1031 2435 1178 2460 numero
1211 2436 1256 2460 ex
1287 2424 1458 2470 continua
1486 2425 1682 2467 bisontinus
1713 2425 1836 2463 circuli
1865 2430 1904 2461 ct

116 2479 415 2524 multiplicatione
440 2479 615 2524 diapason
640 2478 828 2539 constitui)
863 2478 941 2514 sola
972 2483 1110 2523 septem
1142 2482 1228 2523 apta
1259 2477 1501 2522 inveniantur,
1534 2488 1628 2522 quae
1659 2478 1901 2515 harmonicam
1948 2487 1957 2520 J

113 2533 270 2568 chordae
299 2533 494 2568 sectionem
526 2538 563 2567 et
596 2532 772 2577 cujusque
807 2532 919 2567 totius
943 2531 1172 2576 partiumque
1204 2530 1382 2575 triplicem
1414 2530 1686 2568 consonantiam
1709 2530 1902 2571 absolvant
1951 2540 1953 2542 ·

114 2595 228 2630 eaque
252 2586 391 2620 ratione
417 2585 565 2629 gradum
590 2585 626 2619 in
652 2589 778 2623 cantu,
801 2584 872 2620 hoc
895 2589 951 2619 est
975 2583 1164 2628 vestigium
1190 2583 1355 2618 concinni
1379 2581 1560 2618 intervalli
1585 2587 1737 2627 ponant:
1763 2582 1900 2620 scilieet
1949 2594 1962 2622 ft

112 2637 192 2682 illa,
217 2647 309 2682 quae
334 2637 472 2673 faciunt
495 2648 575 2672 cum
593 2641 669 2672 tota
685 2636 953 2681 proportionem
978 2635 1259 2680 sesquiquintam
1284 2639 1320 2669 et
1345 2634 1614 2671 consonantiam
1639 2634 1900 2678 semiditonum,
1934 2677 1938 2680 ,

113 2268 262 2304 eaedem
285 2269 493 2304 harmoniae
518 2270 591 2305 suis
615 2270 770 2330 propriis
794 2269 950 2329 legibus2

115 2700 280 2734 quaeque
313 2689 599 2734 sesquiquartam
632 2694 668 2723 et
697 2687 876 2732 ditonum,
909 2686 1174 2732 sesquitertiam
1207 2692 1244 2721 et
1278 2686 1520 2730 diatessaron,
1559 2685 1842 2731 sesquialteram·
1862 2690 1901 2723 et

116 2743 299 2787 diapente.
328 2742 699 2787 supertripartientem
724 2741 866 2786 quintas
900 2745 936 2775 et
966 2742 1104 2774 sextam
1136 2738 1296 2782 mollem,
1330 2736 1691 2784 superbipartientem
1715 2738 1840 2777 tertias
1861 2742 1901 2775 ct

114 2800 253 2831 sextam
287 2795 411 2834 duram
442 2794 732 2838 concordantias,
766 2790 926 2838 denique*
953 2791 1177 2835 subduplam
1201 2796 1236 2825 et
1270 2791 1461 2837 diapason3
1497 2790 1555 2830 hic
1585 2789 1680 2830 enim
1704 2790 1896 2834 semisexti,

114 2853 282 2892 aspectus
307 2847 562 2888 efficacissimi,
588 2847 770 2887 residuum
794 2845 960 2881 undecim
985 2842 1273 2883 duodecimamm
1299 2842 1406 2889 plane
1431 2842 1564 2892 exulat.
1605 2843 1680 2885 Has
1704 2851 1787 2879 vero
1811 2841 1897 2884 resi·

118 2899 268 2934 duorum
293 2899 544 2944 proportiones
570 2898 616 2935 ad
640 2903 757 2935 totum
781 2898 848 2933 etsi
873 2906 1064 2942 possumus
1089 2905 1175 2932 saue
1200 2897 1234 2930 in
1261 2895 1382 2932 circuli
1408 2894 1497 2930 secti
1520 2893 1896 2939 partibus‘ostenderc

116 2958 152 2987 et
187 2952 315 2996 cuique
345 2962 390 2987 ex
419 2952 616 2996 maioribus
650 2939 892 2989 consonantiis
922 2949 997 2994 jam
1029 2949 1121 2983 inter
1154 2954 1321 2994 ·1spectus
1352 2947 1551 2985 distributis
1577 2958 1679 2985 suam
1702 2946 1897 2992 adjungere

116 3004 288 3038 minorem
313 3009 520 3049 cognatam,
546 3009 586 3040 ut
609 3004 745 3040 habeat
769 3001 908 3039 sextilis
930 3000 1038 3036 etiam
1064 3001 1332 3044 semiditonum,
1359 2998 1519 3045 quintilis
1544 2999 1729 3041 ditonum,
1738 2996 1792 3037 de

117 3056 184 3095 bus
209 3061 305 3092 tacet
331 3056 577 3104 Ptolemaeus,
610 3057 807 3102 quadratus
833 3054 1072 3100 diatessaron,
1105 3053 1220 3089 uinus
1253 3053 1437 3098 diapente,
1469 3056 1509 3087 ut
1534 3056 1570 3087 et
1594 3048 1787 3088 secundum
1841 3053 1895 3088 to-
