1988 3276
147 143 199 181 74
896 138 950 174 De
973 137 1178 174 Harmonia.

296 228 299 248 1

143 263 217 291 non
240 253 313 291 sint
338 254 566 301 corporifica,
593 258 712 291 tamen
734 254 945 292 rescindunt
965 257 1106 301 partem
1129 257 1387 292 consonantem
1409 265 1492 292 cum
1513 257 1591 299 toto
1615 253 1766 300 circu103
1803 258 1846 290 ut
1867 255 1928 291 tri-

143 307 312 353 angulum
326 335 334 350 ,
375 307 675 354 quadrangulum,
711 306 966 354 sexangulum,
1002 306 1058 342 vel
1082 305 1160 344 sola
1183 306 1240 343 vel
1262 307 1354 344 inter
1378 316 1428 343 se.
1476 305 1715 354 Octangulum
1739 317 1819 344 cum
1841 306 1927 355 qua-

146 359 334 408 drangulo,
380 365 524 398 auctum
548 360 777 407 octangulum
808 371 887 397 cum
912 358 1053 405 eodem,
1092 359 1327 403 decangulum
1351 371 1432 396 cum
1462 359 1731 405 quinquangulo
1759 365 1867 398 aucto
1891 365 1928 398 et

142 411 304 458 simplici,
330 413 566 459 decangulum
591 418 735 451 auctum
772 424 852 449 cum
877 411 1158 459 quinquangulo.
1203 413 1262 458 23)
1299 413 1448 450 Ceterae
1470 412 1607 459 figurae
1631 417 1772 449 ceteras
1794 417 1928 459 partes,

141 475 233 510 quae
258 466 314 502 vel
344 466 421 511 jam
446 471 531 503 sunt
562 467 828 504 demonstratae
859 465 916 508 vel
951 464 1101 500 similem
1134 463 1271 500 habent
1297 465 1653 508 demonstrationem,
1689 469 1928 518 consonantes

141 517 277 554 faciunt
301 530 382 555 cum
407 522 483 556 toto
508 520 653 566 circulo,
678 526 719 557 ut
743 518 979 564 sexangulum
1002 518 1020 552 1
1049 528 1130 554 cum
1153 521 1230 553 tota
1254 516 1620 563 &quinquangulum
1641 518 1663 553 1
1689 528 1772 556 cum
1793 523 1873 557 tota
1894 522 1927 567 5,

139 574 283 607 auctum
306 572 612 618 quinquangulum
635 573 658 608 2
682 583 762 609 cum
786 577 864 609 tota
887 573 907 608 5
921 600 931 617 ‚
956 570 1241 617 quadrangulum
1260 572 1275 606 1
1303 581 1384 606 cum
1407 574 1486 607 tota
1500 571 1535 613 4,
1558 571 1777 618 triangulum
1803 574 1821 610 1
1846 585 1928 610 cum

138 625 216 658 tota
240 624 279 669 3,
317 624 547 671 octangulum
571 626 589 660 1
616 636 697 661 cum
719 629 798 661 tota
820 625 858 670 8,
894 628 1039 660 auctum
1062 622 1292 668 octangulum
1315 623 1336 660 3
1361 634 1442 659 cum
1464 627 1542 660 tota
1562 624 1605 670 8,
1645 625 1883 672 dccangulum
1909 627 1925 663 1

144 685 230 710 cum>
249 679 328 712 tota
353 677 408 722 10,
443 677 653 713 nominatim
677 687 762 713 vero
786 681 931 714 auctum
954 676 1189 722 decangulum
1212 686 1410 712 consonare
1433 675 1520 713 facit
1541 679 1679 723 partem
1703 677 1724 714 3
1746 689 1828 715 cum
1850 681 1930 715 tota

142 727 194 764 10.
244 728 314 765 Est
337 729 430 764 enim
454 733 491 765 et
514 729 610 766 latus
635 729 766 776 ἄλογον
798 731 942 777 quidem
955 758 964 776 ,
1002 731 1066 767 sed
1101 739 1147 766 ex
1180 730 1412 776 proportione
1447 729 1586 772 divina,
1622 731 1859 777 compositum
1883 739 1928 765 ex

139 779 240 815 radio
264 784 301 816 et
324 781 402 827 eJ‘us
425 785 528 827 parte
552 782 698 829 maj0re.
732 784 834 820 Sicut
857 782 1046 828 decanguli
1067 781 1166 819 latus
1190 786 1246 818 est
1267 781 1348 828 ipsa
1370 793 1457 829 pars
1479 783 1603 829 maior.
1645 783 1705 828 23)
1729 783 1827 828 Ergo
1852 787 1928 829 (per

141 831 186 868 22
211 836 247 867 et
271 833 326 874 13)
363 845 443 870 cum
467 839 544 871 tota
568 837 588 872 5
613 840 788 873 consonat
819 847 904 882 pars
929 837 971 882 3,
1010 835 1094 882 quia
1124 846 1204 872 cum
1228 838 1306 871 tota
1329 835 1384 871 10.
1429 835 1508 872 Nec
1530 834 1647 872 minus
1672 845 1753 872 cum
1776 838 1880 882 parte
1904 835 1926 872 5

138 895 222 929 pars
246 886 280 922 2.
327 886 389 930 24)
425 887 475 924 Et
499 888 578 933 (per
601 889 657 934 23,
685 889 740 934 13)
774 899 854 925 cum
877 893 954 926 tota
978 890 1000 926 6
1024 892 1199 925 consonat
1223 898 1308 934 pars
1333 889 1374 935 5,
1410 887 1496 934 quia
1517 890 1596 924 tota
1619 889 1640 924 5
1663 898 1746 924 cum
1768 892 1872 934 parte
1895 888 1926 924 3.

138 937 200 982 25)
225 937 357 975 Late'ra
381 939 576 985 figurarum
599 941 968 979 indemonstrabilium
1001 940 1210 978 rescindunt
1243 944 1364 986 partes
1389 940 1627 977 dissonantes.
1675 941 1734 986 26)
1771 940 1809 978 Si
1834 940 1927 977 duae

138 998 177 1025 se
202 989 338 1027 habent
361 992 455 1028 inter
479 1004 518 1029 se
541 997 581 1029 ut
603 1005 689 1040 pars
706 995 893 1031 dissonans
909 995 954 1032 ad
978 998 1095 1031 totum
1119 994 1300 1039 circulum,
1327 998 1363 1029 et
1379 993 1441 1030 illa
1459 993 1709 1031 dissonabunt.
1740 995 1800 1039 27)
1824 993 1927 1039 Quae

138 1041 300 1079 dissonat
323 1046 368 1081 ab
394 1056 466 1081 una
490 1046 690 1092 duplarum,
716 1047 878 1084 dissonat
902 1051 938 1084 et
962 1047 1007 1083 ab
1030 1047 1179 1093 reliqua.
1227 1047 1285 1087 28)
1307 1047 1406 1091 Ergo
1430 1047 1510 1092 (per
1533 1046 1590 1092 25)
1613 1056 1637 1082 a
1658 1049 1736 1083 tota
1758 1047 1780 1083 7
1803 1047 1923 1092 parsi

139 1095 309 1133 dissonat.
358 1096 421 1143 29)
447 1098 506 1134 Sic
529 1109 552 1135 a
574 1102 653 1135 tota
677 1100 698 1136 9
721 1109 805 1145 pars
834 1102 864 1136 1.
913 1100 975 1144 30)
999 1099 1049 1135 Et
1071 1109 1093 1134 a
1115 1103 1194 1136 tota
1211 1100 1251 1136 11
1269 1109 1354 1144 pars
1371 1099 1404 1134 1.
1452 1099 1511 1144 31)
1533 1098 1586 1134 Et
1601 1100 1716 1135 atota
1729 1098 1775 1134 13
1790 1108 1876 1144 pars
1897 1100 1926 1136 1.

139 1149 199 1191 32)
238 1150 289 1186 Et
313 1149 392 1195 (per
413 1151 470 1197 28,
495 1152 552 1193 26)
577 1161 598 1187 a
620 1154 698 1189 tota
720 1153 743 1188 7
765 1163 850 1199 pars
874 1152 897 1188 4
921 1155 958 1188 et
980 1152 1002 1188 2
1027 1151 1232 1197 dissonant,
1269 1151 1355 1197 quia
1380 1152 1410 1187 1.
1457 1151 1514 1194 33)
1550 1149 1611 1188 Sic
1639 1151 1719 1198 (per
1741 1151 1798 1198 32,
1825 1152 1880 1197 13)
1900 1162 1928 1189 a

137 1206 216 1239 tota
245 1203 268 1240 8
303 1214 388 1249 pars
413 1205 436 1240 7
469 1205 639 1242 dissonat.
687 1206 749 1251 34)
784 1205 843 1243 Sic
878 1208 960 1252 (per
989 1206 1048 1252 25)
1082 1217 1104 1242 a
1126 1209 1205 1242 tota
1237 1205 1258 1241 7
1281 1214 1367 1250 pars
1398 1203 1420 1240 3
1453 1202 1626 1240 dissonat.
1673 1203 1732 1248 35)
1757 1202 1818 1240 Sic
1849 1202 1928 1249 (per

139 1255 184 1293 34
213 1259 251 1292 et
275 1256 309 1301 5)
335 1257 511 1294 existente
540 1262 618 1295 tota
648 1259 704 1305 10,
736 1269 821 1305 pars
852 1259 873 1295 7
908 1268 930 1294 a
953 1263 1056 1304 parte
1086 1257 1106 1293 3
1141 1256 1314 1293 dissonat.
1363 1256 1418 1296 36)
1442 1255 1492 1292 Et
1529 1256 1612 1302 (per
1643 1255 1688 1293 39
1724 1259 1761 1292 et
1784 1255 1824 1301 5)
1849 1255 1925 1292 exi-

138 1310 256 1344 stente
287 1313 366 1345 tota
391 1311 452 1356 10,
485 1322 570 1356 pars
594 1312 615 1348 9
646 1322 668 1347 a
691 1314 793 1357 parte
829 1313 844 1348 1
872 1311 1042 1349 dissonat.
1091 1312 1146 1352 37)
1171 1310 1340 1347 Similiter
1370 1308 1605 1347 demonstrari
1631 1312 1753 1355 potest
1781 1309 1819 1346 in
1847 1307 1925 1345 infi-

137 1361 260 1405 nitum,
287 1368 517 1410 quotcunque
542 1374 650 1410 porro
675 1365 831 1410 partium
856 1366 903 1402 sit
925 1370 1002 1402 tota
1026 1365 1178 1410 chorda,
1214 1367 1277 1401 aut
1299 1366 1439 1410 partem
1462 1372 1484 1398 a
1507 1366 1587 1402 tota
1612 1365 1675 1398 aut
1695 1362 1879 1399 residuam
1903 1372 1925 1398 a

137 1417 232 1460 tota,
270 1420 331 1451 aut
364 1421 505 1461 partem
540 1428 561 1454 a
590 1417 735 1454 residua
768 1418 964 1455 dissonare.
1012 1418 1074 1463 38)
1098 1418 1375 1453 Demonstratur
1397 1419 1520 1453 autem
1543 1425 1589 1452 ex
1612 1415 1682 1452 hac
1704 1414 1923 1461 inductione,

137 1478 217 1503 cum
240 1472 319 1505 tota
342 1473 485 1506 secatur
507 1470 545 1506 in
569 1470 657 1507 duas
681 1474 812 1516 partes,
835 1475 877 1508 ut
901 1471 973 1507 sint
996 1475 1069 1506 tres
1094 1469 1260 1514 chordae,
1285 1468 1316 1504 si
1334 1469 1424 1505 duae
1442 1472 1632 1506 occurrant
1656 1469 1924 1515 consonantiae,

137 1521 246 1556 etiam
270 1523 413 1559 tertiam
438 1534 635 1560 occurrere.
681 1525 956 1560 Demonstretur
979 1523 1048 1567 sic,
1079 1523 1110 1558 si
1131 1532 1153 1558 a
1175 1525 1252 1558 tota
1276 1519 1459 1558 auferatur
1481 1532 1566 1567 pars
1589 1520 1840 1568 corporissima
1863 1526 1926 1558 aut

136 1574 359 1621 planissima,
381 1581 443 1613 aut
466 1578 689 1624 propinquae
714 1576 1040 1620 demonstrationis,
1064 1585 1156 1621 quae
1180 1574 1228 1610 sit
1251 1577 1288 1609 et
1311 1574 1455 1611 residua
1477 1574 1560 1611 talis
1583 1584 1678 1620 pars,
1703 1574 1812 1610 etiam
1834 1574 1922 1610 resi-

138 1625 245 1662 duam
269 1627 378 1664 talem
401 1628 489 1665 fore.
539 1631 594 1674 39)
620 1630 683 1666 Sin
705 1640 788 1666 vero
811 1630 918 1666 unica
942 1629 1096 1666 occurrit
1113 1627 1343 1664 dissonantia„
1369 1627 1476 1663 etiam
1500 1626 1648 1663 alteram
1671 1636 1752 1663 esse
1774 1636 1923 1664 necesse

137 1683 203 1716 est.
254 1680 291 1716 Si
317 1682 410 1717 enim
430 1694 521 1719 non:
547 1683 639 1720 duae
663 1693 747 1728 ergo
772 1687 877 1719 erunt
901 1681 1172 1727 consonantiae3
1198 1680 1230 1716 si
1254 1681 1357 1726 duae,
1382 1691 1468 1725 ergo
1491 1688 1560 1726 per
1576 1680 1626 1718 38
1649 1684 1686 1716 et
1708 1683 1782 1716 tres
1805 1683 1921 1723 erunt,

136 1743 208 1768 non
231 1734 341 1779 igitur
365 1745 436 1771 una
460 1736 681 1772 dissonantia
705 1739 823 1781 esset3
851 1740 889 1772 at
912 1735 1058 1782 ponitur
1080 1745 1154 1770 una
1178 1743 1258 1770 esse
1283 1733 1514 1778 dissonantia.
1552 1733 1670 1769 Aliter
1693 1733 1757 1770 38:
1781 1732 1921 1769 duabus

135 1788 228 1823 inter
252 1797 291 1822 se
316 1789 607 1834 consonantibus,
632 1789 663 1825 si
687 1789 841 1826 circulus
864 1789 928 1825 fiat
951 1789 996 1824 ex
1019 1792 1172 1833 utraque
1196 1785 1525 1823 demonstrabilium
1547 1787 1770 1832 portionum,
1795 1794 1920 1822 conso-

137 1840 237 1877 nabit
252 1841 425 1885 partibus.
460 1843 578 1878 Minor
595 1843 689 1879 enim
705 1845 761 1879 est
776 1846 999 1889 segmentum
1014 1841 1169 1887 primum
1185 1839 1375 1886 compositi
1391 1837 1524 1884 circuli,
1548 1837 1661 1884 major
1677 1838 1719 1875 fit
1733 1837 1921 1886 reliquum.

138 1895 204 1936 (Nil
228 1898 397 1938 sequitur.)
