1994 3276
93 117 176 155 248
639 109 696 144 De
720 107 1073 153 configurationibus
1099 108 1338 162 Harmonicis.

206 229 318 268 Haec
349 228 449 270 adeo
480 239 600 267 causa
630 232 700 276 est,
733 239 799 267 cur
829 225 1105 278 dodecagonus
1135 230 1382 280 potissimum
1412 230 1547 279 gignat
1567 234 1767 280 aspectum
1787 229 1891 269 vali-

94 290 206 335 dum,
243 292 285 327 at
324 299 401 326 non
439 289 574 337 gignat
614 287 826 326 sectionem
865 287 1148 335 harmonicam,
1193 287 1232 325 id
1262 292 1322 326 est
1365 289 1658 327 consonantiam
1690 287 1890 338 triplicem,

93 349 185 387 licet
214 348 352 397 gignat
382 345 607 396 simplicem.
668 345 767 383 Nam
798 345 997 383 residuum
1033 348 1097 394 11,
1130 345 1263 384 ablata
1294 345 1534 394 duodecima,
1566 346 1728 396 impedit
1748 348 1893 386 sectio-

93 418 183 445 nem
212 405 498 452 harmonicam,
539 415 618 443 non
648 402 810 454 impedit
843 403 1113 442 efficacitatcm
1143 406 1266 454 partis
1297 403 1560 444 duodecimae.
1622 404 1700 444 Sed
1738 404 1786 444 de
1817 405 1893 444 hoc

90 466 174 516 Jam
204 462 323 514 paulo
355 467 444 514 post
474 463 587 513 plura
618 461 756 500 dicam.

209 522 309 560 Nam
338 527 382 560 ut
414 533 526 568 vera,
567 520 846 560 mathematica
877 525 915 559 et
946 520 1115 560 causalis
1148 522 1289 559 existat
1327 522 1564 571 comparatio
1596 520 1895 560 concordantia-

38 621 44 634 ,
93 593 178 620 rum
209 591 296 619 cum
326 580 561 631 aspectibus,
593 579 710 630 plane
741 578 991 617 evertendum
1024 584 1084 618 est
1113 581 1290 626 axioma,
1324 580 1468 630 quippe
1500 579 1605 629 quod
1635 591 1712 618 non
1742 585 1894 618 tantum

96 645 154 679 est
183 637 432 686 insufficiens,
464 637 533 676 sed
564 639 682 677 etiam
713 638 866 675 veritati
898 649 918 676 e
951 638 1138 677 diametro
1160 639 1405 676 contrarium.
1467 637 1606 676 Nullus
1634 639 1734 676 enim
1755 650 1894 688 aspec-

95 703 156 736 tus
186 698 341 747 proprie
371 695 581 746 respondet
610 696 680 734 ulli
723 695 1022 750 concordantiae
1054 697 1213 743 minori,
1255 701 1525 745 praeterquam
1565 698 1768 746 oppositus
1799 708 1894 735 con—-

95 755 317 795 cordautiae
349 754 551 804 diapason,
583 754 654 793 sed
683 747 919 803 respondent
950 754 1092 805 singuli
1125 754 1410 793 concordantiis
1441 754 1672 804 majoribus,
1704 756 1895 793 minorum

96 815 235 863 sociis,
268 825 316 852 ex
347 814 448 863 triga
479 814 663 851 sectionis
695 812 1012 862 uniuscujusque.
1071 813 1260 851 Nimirum
1295 817 1475 862 aspectus
1507 812 1662 863 quidem
1703 812 1895 859 definiun—

95 878 156 912 tur
186 873 397 922 segmentis
431 871 564 910 cireuli
594 870 754 918 iisdem,
795 871 937 920 quibus
967 875 1006 910 et
1040 871 1209 921 majores
1238 871 1556 920 concordantiae,
1595 873 1762 911 minores
1801 883 1894 910 vero

97 930 393 971 concordantiae
425 930 558 969 circuli
588 928 764 969 residuis.
823 929 944 967 Verbi
975 941 1115 977 causa,
1161 931 1336 979 trigonus
1368 935 1548 980 aspectus
1579 941 1656 968 non
1687 931 1896 979 respondet

97 989 393 1028 concordantiae
426 988 629 1039 diapente,
669 987 739 1026 sed
781 987 968 1037 diapason
1011 988 1280 1038 epidiapcnte3
1325 988 1538 1037 quadratus
1577 999 1654 1026 uon
1686 989 1896 1038 respondet

102 1048 362 1094 diatessaron,
404 1047 472 1085 sed
504 1046 777 1096 disdiapason,
810 1046 983 1096 quintilis
1013 1059 1091 1085 non
1123 1048 1259 1086 tertiae
1291 1046 1428 1094 durae,
1470 1046 1539 1086 sed
1578 1048 1816 1096 compositae
1848 1059 1895 1086 ex

96 1107 170 1146 hac
201 1112 240 1146 et
271 1118 318 1144 ex
349 1106 624 1155 disdiapason,
657 1103 805 1143 sextilis
835 1116 912 1143 non
944 1106 1079 1144 tertiae
1110 1104 1230 1152 molli,
1262 1105 1330 1144 sed
1355 1105 1604 1155 disdiapason
1628 1105 1894 1156 epidiapente;

98 1164 314 1214 biquintilis
346 1176 423 1203 non
456 1170 590 1202 sextae
623 1163 761 1210 durae,
802 1168 846 1201 ut
875 1175 992 1213 supra
1023 1164 1297 1213 opinabamur,
1336 1163 1405 1202 sed
1434 1165 1671 1214 compositae
1703 1175 1750 1201 ex
1780 1166 1896 1203 tertia

99 1223 196 1262 dura
225 1228 263 1261 et
294 1235 340 1261 ex
372 1223 580 1272 diapas0n3
612 1221 847 1271 sesquadrus
878 1234 955 1260 non
986 1227 1119 1261 sextae
1151 1221 1271 1270 molli,
1303 1221 1371 1261 sed
1402 1224 1640 1272 compositae
1671 1234 1718 1260 ex
1748 1221 1894 1261 diates-

99 1293 213 1321 saron
246 1288 284 1319 et
315 1293 362 1319 ex
394 1281 601 1331 diapason,
634 1286 676 1317 ut
705 1286 816 1330 patet
847 1292 894 1319 ex
914 1279 1050 1319 eadem
1071 1282 1251 1330 utrinque
1273 1282 1522 1331 proportione
1543 1283 1664 1331 partis
1686 1279 1736 1318 ad
1757 1286 1893 1320 totum.

213 1339 257 1378 In
290 1340 363 1378 hac
393 1342 510 1390 igitur
541 1338 882 1388 correspondentia
911 1339 1042 1377 nullus
1074 1344 1289 1377 occurreret
1312 1339 1399 1376 finis
1419 1345 1658 1390 aspectuum,
1690 1350 1778 1377 cum
1806 1351 1894 1378 ma-

97 1398 202 1449 j0res
243 1398 541 1436 concordantiae
580 1397 752 1435 infinitae
795 1397 896 1446 sint3
938 1402 977 1435 et
1017 1399 1083 1447 qui
1123 1397 1197 1436 hac
1228 1396 1312 1436 sola
1343 1409 1461 1435 causa
1497 1399 1687 1443 nituntur,
1732 1409 1780 1435 ex
1819 1409 1897 1447 qua

99 1455 300 1495 stabiliant
330 1456 619 1506 semiquadrum
650 1459 872 1505 aspectum,
913 1457 1004 1504 quia
1034 1456 1212 1494 nimirum
1254 1455 1319 1494 ille
1359 1456 1566 1505 respondet
1597 1455 1896 1496 concordantiae

100 1514 379 1564 trisdiapason,
425 1516 712 1553 excusationem
752 1513 900 1552 nullam
930 1514 1094 1562 habent,
1139 1515 1231 1563 quin
1263 1518 1301 1552 et
1337 1513 1501 1553 decilem
1531 1516 1719 1564 recipiant
1759 1519 1798 1552 et
1827 1516 1897 1552 tri-

101 1572 262 1612 decilem
295 1578 333 1611 et
362 1572 580 1623 vigintilem
611 1577 650 1610 et
678 1571 865 1622 plurimos
897 1572 1006 1620 alios,
1039 1583 1137 1621 quos
1157 1577 1287 1611 tamen
1307 1572 1507 1622 rejiciunt3
1538 1571 1775 1622 respondent
1796 1575 1898 1611 enim

101 1636 140 1671 et
168 1631 209 1669 hi
238 1632 318 1670 suis
351 1631 635 1670 concordantiis
665 1630 891 1679 majoribus,
923 1642 1022 1680 quae
1054 1632 1169 1669 toties
1201 1630 1447 1670 accumulant
1477 1642 1593 1669 unam
1626 1637 1804 1669 octavam
1834 1631 1898 1669 ul-

105 1691 238 1738 terius,
271 1691 424 1739 quoties
456 1690 597 1728 divisio
629 1689 762 1727 circuli
794 1689 968 1739 duplicat
997 1700 1200 1728 numerum
1229 1689 1462 1739 portionum.

217 1747 322 1798 Quid
363 1750 479 1798 igitur
523 1754 582 1786 est
622 1747 742 1795 illud,
775 1747 880 1798 quod
921 1752 1063 1786 metam
1102 1749 1212 1798 ponit
1252 1758 1411 1786 numero
1452 1747 1712 1797 aspectuum?
1756 1751 1794 1784 et
1832 1757 1900 1785 cur

101 1806 232 1849 nullus
262 1807 573 1856 semiquadratus
605 1806 669 1844 vel
700 1807 837 1854 octilis,
869 1805 1000 1844 nullus
1032 1805 1165 1844 deeilis
1197 1806 1257 1843 vel
1291 1805 1493 1853 tridecilis‚
1526 1806 1600 1842 nisi
1630 1810 1780 1844 tantum
1810 1810 1900 1854 post

102 1865 304 1915 principia,
335 1864 622 1904 introducitur?
654 1876 721 1903 cur
751 1863 986 1914 sesquadrus
1018 1865 1167 1902 musica
1188 1866 1418 1913 cognatione
1438 1863 1671 1902 nobilitatus
1697 1863 1759 1902 vel
1782 1864 1900 1901 omit-

104 1923 197 1961 titdr
226 1922 291 1961 vel
321 1923 410 1961 vilis
441 1923 620 1971 habetur,
652 1923 895 1970 semisextus,
928 1924 967 1960 in
982 1924 1132 1961 musica
1163 1924 1404 1973 peregrinus,
1432 1933 1508 1960 non
1529 1923 1708 1960 inseritur
1737 1926 1898 1970 tantum,

105 1981 174 2021 sed
205 1986 244 2020 et
274 1982 372 2020 inter
402 1983 547 2031 primos
580 1980 824 2019 ostentatur?
885 1980 987 2029 Quia
1017 1992 1093 2019 non
1125 1981 1273 2019 musica
1302 1981 1443 2018 format
1472 1985 1669 2029 aspectus,
1702 1978 1770 2018 sed
1801 1990 1900 2028 geo-

104 2041 242 2078 metria
271 2044 477 2089 utrumque
508 2050 651 2089 genus,
693 2039 781 2077 aliis
823 2043 951 2077 tamen
990 2038 1142 2088 legibus
1183 2035 1331 2085 illam,
1357 2038 1445 2077 aliis
1484 2039 1567 2076 hos.
1630 2038 1699 2076 Est
1728 2038 1899 2076 enimet
1941 2074 1944 2078 .

105 2098 370 2137 harmonicum
409 2100 449 2134 in
478 2098 645 2146 musica,
689 2102 727 2135 et
756 2096 890 2135 efficax
930 2098 968 2133 in
999 2098 1198 2144 meteoris,
1243 2096 1426 2146 quicquid
1457 2102 1516 2135 est
1559 2108 1582 2134 a
1611 2095 1735 2145 figura
1764 2095 1898 2144 nobili,

50 2189 60 2195 ,,
107 2168 207 2206 quae
238 2156 450 2205 singularia
480 2156 613 2205 aliqua
643 2156 761 2194 habet
791 2157 828 2192 in
850 2157 1064 2204 geometria
1084 2154 1303 2205 privilegia.
1363 2154 1441 2192 Sed
1471 2159 1559 2192 sunt
1581 2153 1756 2193 diversae
1778 2154 1901 2192 veluti

106 2220 255 2265 gentes,
286 2214 567 2264 meteorologia
598 2218 636 2252 et
665 2213 824 2259 musica,
856 2212 903 2252 ex
936 2213 1071 2251 eadem
1102 2215 1229 2262 patria
1258 2213 1472 2262 geometria
1502 2206 1706 2261 oriundae,
1739 2218 1901 2262 quarum
1951 2209 1960 2218 '

107 2273 248 2320 altera,
287 2273 362 2312 hoc
403 2278 460 2311 est
498 2272 767 2323 proportiones
803 2271 1048 2309 harmonicae
1084 2271 1150 2309 lib.
1182 2271 1264 2319 III,
1307 2273 1472 2320 patriam
1515 2270 1672 2320 quidem
1716 2270 1900 2309 circulum

107 2332 330 2370 fatebantur
361 2332 474 2381 eique
506 2343 617 2369 suam
648 2331 835 2379 originem
856 2329 1031 2368 ferebant
1053 2334 1264 2378 acceptam,
1295 2340 1372 2367 non
1393 2331 1520 2367 minus
1541 2341 1658 2379 quam
1680 2329 1742 2367 hic
1761 2340 1900 2379 aspec—

107 2395 182 2437 tus,
215 2389 283 2428 sed
314 2395 444 2428 tamen
475 2389 566 2428 illae
598 2400 777 2438 egressae
809 2387 918 2426 velut
947 2399 994 2426 ex
1025 2387 1180 2435 circulo,
1213 2386 1404 2426 coloniam
1435 2389 1630 2438 propriam
1661 2387 1901 2426 deduxerunt

107 2449 268 2497 suisque
308 2447 461 2497 legibus
495 2448 679 2497 degentes
716 2458 802 2485 sese
841 2450 1126 2496 propagarunt3
1169 2451 1350 2494 aspectus
1381 2447 1481 2483 intra
1512 2444 1695 2484 circulum
1735 2447 1901 2495 patriam

107 2517 220 2546 suam
262 2512 485 2554 manentes,
531 2505 682 2554 legibus
727 2516 803 2542 non
851 2504 937 2542 aliis
980 2508 1158 2552 utuntur,
1207 2515 1322 2552 quam
1371 2515 1467 2552 quas
1512 2503 1643 2542 circuli
1682 2503 1899 2542 rotunditas

108 2560 202 2616 ipsis
242 2565 486 2615 praescribit,
533 2564 730 2602 desumtas
771 2574 818 2600 ex
859 2562 991 2611 figuris
1030 2561 1157 2612 planis
1195 2561 1435 2610 regularibus
1469 2563 1647 2612 congruis
1690 2566 1728 2600 et
1759 2560 1899 2600 circulo

108 2622 368 2673 inscriptisffi)

223 2681 325 2720 Nam
354 2682 393 2718 in
426 2681 575 2719 musica
603 2679 902 2729 septemviratus
940 2676 1008 2714 ille
1039 2678 1253 2715 sectionum
1286 2678 1531 2715 constituitur
1568 2688 1616 2716 ex
1645 2678 1900 2715 matrimoniis

111 2740 246 2788 certis,
285 2741 490 2779 accensitis
528 2739 646 2777 etiam
684 2737 847 2776 feminis.
910 2735 1030 2773 Verbi
1061 2746 1202 2782 causa,
1245 2735 1431 2773 subtensa
1470 2736 1594 2773 tribus
1636 2736 1787 2774 octavis
1829 2746 1900 2774 seu

111 2797 226 2836 stella
264 2797 524 2848 octangularis
566 2808 613 2835 ex
653 2795 803 2833 civibus
843 2792 998 2842 quidem
1038 2798 1098 2831 est
1137 2794 1175 2830 in
1206 2795 1418 2843 geometria
1458 2799 1496 2832 et
1526 2793 1649 2832 classe
1689 2793 1900 2842 figurarum

111 2855 362 2905 regularium,
395 2861 436 2894 at
472 2856 703 2905 praecipuae
746 2852 962 2891 nobilitatis
1003 2863 1080 2889 non
1123 2856 1193 2889 cst.
1253 2852 1299 2889 In
1337 2853 1485 2889 musica
1528 2861 1622 2889 vero
1662 2862 1773 2890 arcus
1815 2851 1899 2900 eJus

114 2912 213 2967 (tres
245 2919 407 2954 octavae
438 2914 588 2963 circuli)
618 2913 748 2952 locum
777 2913 836 2950 est
866 2914 1014 2957 nactus,
1049 2911 1140 2958 quia
1171 2914 1286 2948 natus
1317 2914 1375 2948 est
1406 2921 1453 2948 ex
1475 2909 1682 2957 connubio,
1713 2921 1791 2958 quo
1812 2909 1899 2959 ple-

217 3040 246 3075 ⁸‘)
266 3041 343 3066 Hine
363 3041 477 3072 corrige
496 3041 570 3066 libro
590 3040 625 3066 de
645 3038 741 3065 Stella
757 3036 856 3068 Nova,
882 3042 945 3069 cap.
965 3035 1018 3061 IX.
1038 3035 1090 3061 fol.
1109 3034 1143 3062 38
1162 3037 1192 3061 et
1211 3034 1244 3061 40
1263 3034 1314 3068 (11.
1335 3035 1414 3068 644),
1445 3035 1552 3077 quippe
1572 3042 1609 3061 ex
1627 3035 1682 3060 hoe
1701 3035 1793 3065 libro,
1814 3041 1899 3067 quem

114 3074 278 3143 33:¹02&ss
293 3074 378 3145 ἐξὲξ)
397 3076 481 3103 vides
509 3077 698 3108 promissum.
735 3072 813 3099 Hine
841 3072 929 3099 etlam
957 3071 1064 3103 supple
1082 3072 1113 3097 in
1130 3078 1195 3098 meo
1216 3071 1317 3097 Tertio
1339 3072 1561 3098 Inter-veniente
1579 3077 1731 3097 numerum
1749 3069 1817 3096 mx
1843 3069 1898 3101 sub
