1988 3276
807 104 1110 150 edam
1796 110 1858 152 -33

471 225 498 265 li
530 238 623 274 vero
650 225 925 266 ἀειιιοιιιιιιιίο
951 226 1071 276 longe
1096 232 1156 266 est
1174 226 1265 267 alia.
1322 226 1423 266 Nam
1440 226 1722 276 baecnmper
1739 238 1783 266 se
1801 226 1861 265 iili

76 284 291 334 obnuit„
306 282 378 325 sod
411 285 538 334 quasi
553 295 623 334 per
651 283 844 324 accidens.
896 283 1082 325 scribitur
1111 286 1217 323 enim
1241 283 1344 323 latus
1380 284 1564 335 trianguli
1591 284 1662 322 ΔΕ
1691 286 1860 334 partium

81 343 166 386 uo
218 347 263 383 nt
285 342 474 385 mntem
513 341 663 391 duabus
686 343 840 391 quintis
869 341 960 390 AF,
996 344 1166 392 partium
1197 343 1296 389 144,
1338 343 1389 380 ab
1418 342 1578 381 eodem
1576 344 1779 396 principio
1809 343 1859 383 A.

336 399 402 439 EF
433 407 493 438 est
520 401 686 450 partium
717 401 785 447 24,
815 411 917 449 quae
948 407 1009 438 εει
1034 399 1281 450 quindecima
1308 411 1399 450 pars
1420 401 1562 439 circuli.
1611 399 1735 439 Vides
1762 402 1859 440 mis-
1919 438 1926 445 ,

78 458 158 499 cui
168 457 445 507 mnactioiiem
475 463 515 496 ει
536 457 876 507 ιμίιιίεεειίοιιειιι-
929 457 1069 507 Itaque
1098 455 1201 496 latus
1231 457 1529 508 quindecanguii
1563 457 1683 498 habet
1710 470 1859 509 acqua-

78 510 223 556 tionem
250 526 340 557 cum
367 514 555 555 diametro
594 514 816 564 longissime
846 516 1020 565 petitam.
1081 514 1244 566 Oportet
1272 517 1375 554 enim
1415 515 1596 566 trianguli
1631 516 1860 566 aequilateri

75 579 228 616 unere
252 573 610 624 perpendicularem
639 572 736 621 AR,
765 574 822 612 sic
850 574 1032 623 trianguli
1063 573 1407 624 quinquangularis
1429 573 1533 612 AFP
1563 574 1859 624 perpendicula-

74 641 160 673 m
189 629 275 679 AS,
305 641 515 681 eorumque
544 629 799 670 differentiam
828 630 892 670 Rs
922 630 986 670 vel
1014 630 1106 681 '1¹83
1155 643 1306 671 rursum
1335 631 1537 671 semilatus
1577 631 1860 682 trianguliER

78 693 120 729 et
144 687 348 737 tonilum
376 689 658 739 quinquanguii
687 688 749 728 FS
785 700 994 739 eorumque
1023 689 1277 729 differentiam
1306 687 1384 728 ΕΤ.
1444 689 1503 728 Ex
1541 691 1715 740 potentia
1743 692 1860 741 igitur

80 744 149 785 ΕΤ
179 752 220 794 et
246 745 316 787 ΤΕ
344 747 587 797 componitur
615 748 789 796 potentia
820 747 895 787 EF.

182 802 243 846 (In
265 802 379 847 marg.)
426 802 514 837 Cum
538 805 677 837 ceterae
700 808 821 847 partes
846 813 868 837 a
890 802 1043 848 primum
1067 801 1151 837 dato
1174 806 1310 847 puncto
1331 801 1365 837 A
1388 802 1507 847 inepte
1530 801 1684 838 describi
1706 803 1858 848 possint,

78 846 352 898 qnindocanguii
373 851 472 889 latus
493 850 549 889 vel
573 863 678 889 arcus
701 853 844 893 minime
868 858 999 898 potest.
1036 853 1178 899 Scripto
1203 854 1297 890 enim
1312 854 1493 900 triangulo
1518 860 1554 891 ει
1578 854 1857 900 quinquangulo,

77 902 184 941 areu
207 904 482 952 quindei-sangui
505 911 571 951 per
593 905 759 942 accidens
783 905 877 941 ultro
901 905 1053 941 resultat
1076 910 1111 941 ει
1133 905 1170 941 in
1187 911 1308 951 partes
1332 906 1456 943 circuli
1485 906 1593 953 longe
1616 907 1705 942 alias
1729 906 1857 942 evadit.

76 956 168 994 Μ
190 959 390 994 amm
411 958 567 1003 partium
582 961 703 993 rectae
724 956 823 1002 prius
847 957 1027 994 habentur
1050 969 1157 1003 quam
1181 967 1296 993 arcus.
1338 959 1453 994 Arcus
1478 958 1572 993 enim
1595 968 1641 994 ex
1663 964 1771 995 recta.
1812 959 1861 994 At

77 1009 358 1056 §andoenus-li
381 1014 481 1046 reeta
505 1010 679 1046 subtensa
698 1010 854 1046 habetur
877 1021 922 1046 ex
946 1021 1031 1046 arcu
1065 1017 1102 1047 ει
1123 1016 1207 1056 post
1230 1012 1412 1047 eum.1n
1435 1022 1591 1047 summa:
1621 1022 1727 1047 arcus
1752 1013 1794 1048 15
1817 999 1860 1047 fi‘t

76 1061 137 1099 3.
154 1062 195 1101 ὅ.
239 1061 371 1107 inque
393 1055 717 1107 quindecangulnm
740 1072 811 1097 non
835 1067 893 1097 est
915 1063 971 1098 sni
994 1062 1128 1108 ipsius,
1153 1064 1218 1100 sed
1241 1064 1372 1109 partim
1395 1065 1579 1109 trianguli,
1605 1065 1735 1110 partim
1758 1064 1858 1109 quin·

79 1113 263 1160 qnnnflh
309 1114 448 1159 scitur,
471 1125 545 1150 non
566 1119 747 1160 qnatenus
768 1114 885 1159 ipsum
909 1120 966 1151 est
987 1115 1110 1160 aliqua
1133 1116 1260 1162 figura,
1294 1116 1358 1152 sed
1379 1121 1557 1161 qnatenus
1579 1121 1636 1152 est
1658 1115 1859 1152 differentia

82 1166 235 1205 durum
255 1165 463 1210 figurarum.

195 1215 255 1255 Ex
286 1216 371 1259 bae.
391 1217 504 1256 unica
532 1215 751 1265 obJectione
780 1216 941 1266 ejusque
969 1216 1164 1257 solutione
1193 1223 1312 1268 patet,
1344 1217 1421 1257 duo
1444 1220 1643 1269 superiora
1661 1218 1858 1256 axiomata

79 1273 197 1324 paulo
225 1274 424 1312 limitatius
453 1273 706 1321 informanda,
736 1273 891 1323 adjecta
920 1275 1110 1325 particula
1128 1278 1352 1326 proprie,
1383 1288 1483 1326 quae
1504 1279 1603 1316 inter
1623 1278 1733 1314 initia
1763 1287 1857 1314 con-

78 1327 270 1371 monem
298 1337 382 1370 crat
409 1334 594 1382 paritura,
625 1333 757 1381 itaque
786 1333 962 1371 omittere
991 1332 1099 1372 illam
1118 1334 1237 1382 volui,
1268 1336 1497 1385 praesertim
1519 1341 1606 1374 cum
1626 1335 1741 1374 unica
1760 1334 1857 1373 baec

76 1390 131 1429 sit
158 1385 338 1440 objectio.
395 1389 441 1428 In
477 1391 613 1429 ceteris
643 1389 821 1429 omnibus
851 1390 982 1430 valent
1010 1394 1212 1442 oppositae
1234 1404 1350 1432 voces
1379 1395 1653 1444 geometricum
1672 1398 1712 1432 et
1739 1390 1856 1444 ἀγεω-

78 1461 286 1498 patenter.
334 1445 554 1486 Notandum
592 1459 684 1486 vero
722 1453 799 1495 est,
828 1452 1104 1511 geometricum
1144 1462 1229 1489 esse
1268 1451 1332 1489 bic
1367 1463 1443 1490 non
1483 1458 1631 1490 tantum
1667 1466 1712 1491 το
1742 1447 1858 1503 (Sutor

78 1519 187 1556 μηιει
215 1504 278 1544 vel
306 1510 482 1554 ὄνιαμει,
520 1505 591 1544 sed
621 1508 737 1544 etiam
776 1521 821 1546 w
850 1504 990 1558 ‹iio-sor
1019 1507 1181 1557 ejusque
1211 1508 1379 1547 infinitas
1416 1511 1568 1559 specics
1595 1521 1642 1549 ex
1672 1508 1770 1548 libro
1799 1508 1854 1547 X.

80 1561 253 1602 Euclidis
288 1563 573 1614 propagandas.
633 1563 799 1611 Contra,
839 1566 912 1603 etsi
942 1576 1041 1614 quae
1079 1574 1169 1604 sunt
1197 1564 1483 1617 ἀγιωμετρητα,
1525 1579 1573 1606 ea
1609 1572 1700 1605 sunt
1739 1569 1857 1606 etiam

81 1616 222 1672 ἄλογα,
251 1626 379 1659 tamen
408 1619 532 1674 ‹iio-sa
570 1622 643 1659 nisi
672 1622 713 1658 iu
740 1620 823 1660 lato
853 1622 1071 1671 significatu
1109 1624 1185 1662 dici
1215 1635 1293 1662 non
1323 1624 1547 1663 debuerunt.
1604 1625 1705 1663 Nam
1740 1624 1855 1675 plane

57 1675 190 1716 'nulla
216 1683 277 1717 eet
303 1692 379 1718 tm
405 1676 703 1730 ἀμωμετρητωτ
731 1676 788 1730 (ιιι
816 1678 948 1718 lateris
977 1680 1207 1730 septanguli,
1238 1682 1459 1732 nonangn1i‚
1486 1682 1755 1732 undecanguli,
1777 1688 1856 1722 tre-

83 1728 301 1786 decanguli)
327 1737 509 1783 scientia,
550 1747 628 1774 non
652 1741 812 1774 tantum
852 1736 1004 1776 defectu
1040 1744 1195 1777 nostrae
1224 1741 1406 1793 notitiaej,
1446 1739 1515 1779 sed
1548 1742 1665 1779 etiam
1703 1740 1856 1780 deiectu

84 1793 208 1843 ipsius
236 1798 397 1833 naturae
425 1805 551 1833 rerum
578 1795 907 1843 geometricarum.

32 1899 37 1902 ι
86 1858 90 1860 “
194 1849 246 1889 Ει
273 1850 497 1898 notandum,
526 1850 631 1900 quod
658 1851 755 1889 baec
782 1849 1048 1919 ἁγεωμετρητιι
1078 1854 1116 1890 in
1132 1853 1310 1906 solidum
1344 1861 1574 1906 respuantur
1600 1856 1652 1895 ab
1680 1857 1850 1905 auribus,

84 1907 326 1959 quindecima
364 1920 455 1948 vcro
491 1921 580 1958 pars
618 1909 747 1947 circuli
779 1921 854 1948 non
893 1912 932 1948 in
960 1911 1146 1959 solidum,
1188 1914 1280 1962 quia
1313 1925 1439 1963 neque
1467 1912 1751 1965 ἀγεωμειρητος
1779 1920 1850 1963 est,

83 1965 154 2005 sed
181 1968 452 2017 geometricam
482 1966 588 2016 (iicet
618 1968 862 2017 impropriam
891 1974 930 2007 et
950 1969 1172 2019 longissime
1191 1973 1371 2020 petitam)
1398 1971 1693 2022 descriptionem
1721 1972 1850 2012 habet.

83 2022 171 2062 Hoc
198 2031 327 2063 autem
356 2025 530 2075 probabo
560 2036 606 2062 ex
637 2026 860 2075 anticipato.
917 2026 1022 2065 Infra
1052 2029 1154 2066 enim
1183 2029 1417 2078 ostendetur,
1448 2037 1597 2079 partem
1620 2022 1851 2069 sedecimam
1885 2064 1888 2074 ,

86 2093 172 2132 cnm
200 2086 283 2121 toto
312 2084 544 2121 constituere
575 2088 740 2132 quatuor
770 2090 941 2133 octavas,
971 2086 1054 2124 sive
1083 2100 1255 2137 τετρακις
1280 2091 1342 2126 δια
1368 2102 1512 2127 naam.
1564 2088 1643 2127 Sed
1672 2087 1729 2144 ¹5}
1757 2100 1850 2138 pro-

87 2128 239 2179 babitur
267 2151 354 2179 esse
383 2141 627 2180 semitonium
655 2140 881 2190 legitimum,
912 2148 950 2181 et
978 2169 1035 2197 Π-
1062 2149 1152 2182 sunt
1186 2150 1350 2194 quatuor
1380 2152 1553 2187 octavae.
1611 2146 1714 2196 Ergo
1755 2148 1850 2186 sub-

86 2197 271 2236 tractione
299 2192 510 2244 (divisione),
529 2198 643 2246 sacta,
671 2225 728 2253 Π
767 2206 826 2239 est
855 2201 1098 2239 intervalium
1139 2217 1310 2253 τετρακις
1345 2207 1407 2243 δια
1435 2219 1568 2244 naam
1611 2207 1738 2243 minus
1771 2216 1849 2243 uno

86 2255 301 2294 semitonio.
356 2254 478 2294 Porro
508 2261 658 2295 tantum
686 2259 807 2305 abest,
840 2263 882 2297 ιιι
900 2257 1196 2298 discordantiam
1227 2263 1340 2299 unius
1359 2263 1552 2300 semitonii
1572 2262 1723 2312 fugiant
1743 2274 1850 2301 com-

47 2334 49 2336 ·
85 2314 274 2363 ponistae,
305 2317 347 2351 nt
372 2312 513 2363 potius,
543 2316 578 2352 si
604 2314 706 2353 hanc
735 2316 828 2367 ipsis
849 2316 1145 2356 discordantiam
1166 2319 1316 2368 eripias,
1348 2330 1499 2358 omnem
1521 2327 1655 2359 cantus
1672 2322 1848 2370 gratiam,

17 2406 35 2413 ,
86 2371 311 2421 praesertim
337 2370 539 2420 pathetici,
570 2378 767 2422 erepturus
794 2374 860 2413 sis.

199 2427 299 2467 Ecce
328 2438 443 2477 quam
471 2436 648 2469 accurate
680 2430 832 2480 depicta
860 2432 911 2470 sit
938 2431 1035 2470 haec
1053 2444 1115 2471 res
1144 2434 1183 2471 in
1211 2434 1508 2485 quindecanguli
1526 2436 1849 2476 demonstratione

89 2484 343 2525 accidentaria
371 2490 487 2536 atque
516 2488 829 2528 extraordinaria.
886 2490 936 2527 Et
963 2490 1061 2529 haec
1087 2490 1139 2529 ad
1169 2492 1462 2542 explicationem
1491 2493 1542 2533 ΙΙ.
1576 2501 1614 2534 ει
1642 2495 1713 2533 III.
1737 2496 1849 2534 axio-

89 2545 214 2583 nafis.

199 2599 271 2639 1v.
302 2601 509 2640 Axioma
537 2602 690 2641 videtur
709 2616 734 2642 a
753 2606 942 2643 communi
961 2606 1098 2643 notitia
1117 2607 1401 2647 accersendum
1449 2609 1629 2648 Nondum
1656 2611 1756 2648 enim
1788 2611 1849 2647 vi-

89 2656 178 2699 «lere
207 2660 337 2709 potui,
369 2659 436 2708 qni
477 2657 726 2699 demonstrari
755 2664 895 2712 possit:
939 2665 972 2700 si
1003 2669 1106 2701 totus
1142 2665 1305 2704 circulus
1335 2668 1373 2703 in
1402 2666 1478 2705 duo
1508 2668 1622 2706 abeat
1651 2674 1850 2717 segmenta

16 2742 30 2750 ,.
49 2749 58 2757 ,
90 2717 254 2755 invicem
283 2714 565 2764 concordantia,
594 2729 754 2766 quorum
782 2731 900 2758 unum
930 2720 1135 2759 concordat
1164 2734 1251 2761 cum
1280 2729 1374 2771 toto,
1402 2724 1590 2774 reliquum
1620 2726 1735 2763 etiam
1764 2736 1851 2764 cnm

91 2778 172 2812 toto
202 2774 448 2812 consonabit.
480 2779 518 2812 et
546 2776 579 2811 si
608 2785 698 2825 ergo
728 2779 845 2816 totius
875 2784 1073 2828 segmenta
1103 2790 1189 2818 cum
1218 2786 1299 2819 toto
1320 2782 1473 2831 singula
1493 2782 1734 2841 concordant,
1765 2785 1850 2833 ipsa

93 2831 191 2870 inter
219 2842 261 2870 se
290 2831 534 2871 concordent.

34 2923 35 2926 ,
204 2887 324 2927 Parce
352 2887 500 2939 loquor,
532 2894 574 2926 ut
603 2897 806 2938 appareat:
836 2904 912 2931 non
943 2891 1039 2941 dico,
1072 2905 1322 2945 quaecunque
1344 2895 1419 2934 dno
1449 2908 1535 2935 cum
1556 2898 1667 2935 tertio
1688 2908 1849 2937 concor-

28 2946 38 2998 ἒξ
70 2943 197 2992 aaut,
225 2946 324 2984 inter
351 2957 394 2986 se
423 2945 674 2986 concordant:
703 2948 772 2987 sed
799 2950 900 2991 addo
930 2953 1159 3000 cautionem,
1190 2959 1232 2991 ut
1262 2965 1307 2992 ex
1327 2954 1448 2992 tribus
1479 2954 1555 2993 duo
1576 2960 1741 3004 aequent
1769 2962 1849 3000 ter-

26 3011 38 3062 ,⁵
70 2999 200 3052 'tinm‚
238 3014 310 3043 nec
336 3008 487 3043 tantum
522 3009 708 3054 aequent,
749 3006 819 3045 sed
847 3013 890 3046 ut
918 3010 1069 3047 tertium
1110 3011 1235 3060 ipsum
1274 3015 1423 3051 constet
1452 3023 1499 3050 ex
1531 3011 1691 3051 duobus.
1749 3013 1848 3052 Nam

34 3076 38 3105 ζ
95 3073 215 3113 aeque
243 3062 283 3100 in
311 3061 398 3101 aliis
425 3063 595 3102 scientiis
624 3061 740 3111 valet,
768 3068 812 3102 ut
838 3066 878 3103 in
901 3065 1010 3114 jure:
1046 3066 1236 3107 Henricus
1264 3069 1380 3108 frater
1406 3080 1514 3108 meus
1544 3074 1622 3119 est,
1658 3070 1848 3110 Sebaldus

162 3134 284 3168 muri
301 3134 449 3187 oper-lv,
1626 3137 1646 3172 3
