1994 3276
645 88 755 133 ma
774 89 837 133 m.
862 87 1047 144 mmm
1068 86 1214 143 ponem
1257 56 1263 65 ’
1696 101 1709 154 2
1746 90 1828 143 ist

70 230 79 246 ··
100 225 106 243 ¹
157 213 344 267 Reliqua
359 216 467 254 artis
496 217 790 266 compositoriae
820 191 972 266 regulas
1002 214 1215 254 artificibus
1236 214 1331 266 ipsis
1357 213 1537 266 relinquo
1564 217 1827 268 comproban-

47 272 118 313 das
156 279 224 313 ant
263 275 452 313 rationem
493 285 624 312 earnm
661 273 906 313 reddendam.
963 273 1063 312 Mihi
1104 274 1207 312 euim
1245 285 1347 324 quae
1387 273 1587 325 hucusque
1627 273 1826 327 disputavi

43 330 198 372 mnes
225 331 433 380 afficiunt,
464 343 552 370 cum
581 331 633 371 ad
660 339 838 371 naturam
867 337 1003 370 cantus
1034 330 1322 380 illmtraudam,
1352 333 1486 382 primis
1515 332 1654 375 saltem
1682 340 1722 373 et
1750 346 1824 384 ge·

43 386 242 429 natalibus
268 389 354 441 ejus
382 389 644 429 fundamentis
674 391 713 428 in
742 397 881 429 natura
908 391 1161 435 monstratis,
1193 395 1276 429 tum
1305 392 1471 430 maxime
1509 390 1561 429 ad
1589 390 1828 443 speculatio-
1895 424 1899 430 ⁴

45 459 115 487 nes
141 447 231 488 libri
256 447 310 488 .V.
339 450 550 498 sequentis,
580 448 690 498 cujus
718 447 807 487 libri
835 449 999 487 materia
1028 447 1122 486 mihi
1152 449 1288 487 unicus
1325 449 1363 485 iu
1394 454 1477 487 toto
1507 452 1623 500 opere
1651 447 1738 489 finis
1769 456 1829 490 est

42 508 279 556 propositus.
337 507 596 545 Astronomus
632 508 734 545 enim
773 517 846 556 ego
881 508 983 544 sicut
1021 505 1069 544 de
1097 505 1231 555 figuris
1267 506 1511 556 regularibus
1553 507 1708 558 disputo
1749 519 1827 548 non

43 569 124 603 tam
151 565 382 614 geometrice
412 561 509 617 (nisi
552 565 616 602 ubi
654 564 722 603 illa
758 564 886 603 adhuc
922 563 1156 613 incompleta
1198 565 1283 603 visa
1311 561 1392 617 est)
1423 575 1539 614 quam
1569 568 1827 607 astronomica

42 627 83 661 et
108 621 392 673 nemiuem,
432 624 488 661 sic
518 623 635 661 etiam
672 621 720 661 de
757 629 893 661 cantus
931 621 1244 672 proportionibus
1276 623 1403 661 scribo
1443 634 1520 661 non
1562 630 1642 662 tam
1679 627 1826 664 musice

42 691 159 729 quam
187 681 431 730 geometrice,
462 680 636 730 physice,
666 680 832 730 denique
862 688 905 718 nt
925 682 1044 730 prius,
1073 682 1328 720 astronomiee
1353 686 1399 719 et
1421 681 1704 732 metaphysice:
1735 684 1828 733 qnia

42 739 144 777 sicut
172 738 395 788 corporibus
437 740 606 788 quinque
636 738 877 789 regularibus
913 749 960 776 ex
989 739 1222 788 geometria,
1263 740 1320 777 sic
1356 736 1483 777 ctiam'
1510 741 1826 790 proportionibus

42 802 202 846 totoque
241 802 434 846 apparatu
476 797 700 835 harmonico
738 809 785 836 ex
824 797 974 835 musica
1016 807 1114 846 opus
1152 796 1278 835 habeo
1318 795 1377 836 ad.
1400 796 1648 848 explicandas
1689 809 1828 838 causas

43 855 301 904 proportionis
339 854 489 893 orbium
533 854 757 893 coelestium
792 854 1195 904 eccentricitatnmque
1236 860 1274 893 et
1316 860 1491 893 motuum
1530 857 1568 892 in
1610 856 1826 906 apsidibus.

41 912 176 955 Artem
206 923 299 952 vero
328 911 583 964 componendi
614 919 762 960 cautus,
793 923 894 962 quae
923 914 1054 962 praxis
1083 921 1141 951 est
1162 914 1322 959 musica,
1352 924 1600 963 nequaqnam
1629 914 1823 964 profiteor,

41 981 158 1021 quam
186 981 235 1009 ex
263 971 411 1010 Amisii
440 982 556 1022 supra
586 970 677 1008 dicti
707 982 830 1020 exque
860 970 969 1009 Sethi
1000 970 1179 1019 Calvisii,
1210 972 1324 1009 amici
1354 970 1549 1020 quondam
1579 973 1667 1022 mei,
1699 972 1820 1020 libris,

41 1027 90 1067 de
119 1033 203 1068 arte
232 1030 505 1078 compositoria
535 1034 670 1067 cantus
699 1028 825 1075 editis,
856 1029 997 1067 rectius
1028 1030 1095 1078 qui
1126 1028 1231 1067 volet
1260 1034 1388 1079 petet3
1419 1040 1518 1079 quos
1548 1031 1653 1080 ipsos
1682 1035 1824 1079 tamen,

42 1097 121 1126 uon
149 1085 255 1136 quod
284 1088 452 1137 optimos
481 1092 635 1137 putem,
665 1086 734 1125 sed
763 1088 855 1136 quia
885 1086 983 1126 alios
1014 1098 1089 1125 non
1121 1086 1223 1135 vidi,
1254 1088 1424 1126 nomino.

372 1205 436 1275 De
475 1230 622 1276 tribus
660 1230 983 1276 medietatibus
1021 1229 1246 1285 digressio
1287 1229 1485 1288 politica.

75 1331 80 1336 ·
152 1323 255 1361 Folio
277 1325 335 1361 29.
360 1325 455 1361 linea
478 1327 510 1362 9.
537 1328 584 1371 (p.
613 1327 674 1362 147
704 1326 763 1362 lin.
790 1327 846 1376 29)
875 1326 1124 1371 paragraphus
1157 1335 1311 1371 sequens
1343 1325 1423 1361 loco
1455 1337 1522 1362 suo
1552 1325 1720 1362 exclusus
1756 1330 1823 1369 est,

40 1375 138 1420 quod
160 1385 291 1421 operae
323 1376 412 1413 folia
442 1378 656 1423 exemplaris
686 1378 829 1414 incaute
859 1377 1126 1415 distribuissent
1171 1405 1181 1412 .
1227 1404 1236 1412 .
1283 1378 1430 1424 (quippe
1464 1379 1536 1424 Um)
1584 1405 1822 1415 .....

153 1437 289 1488 Neque
319 1445 447 1478 tamen
485 1441 536 1478 ob
568 1439 607 1477 id
637 1439 941 1491 reprehendendi
973 1446 1062 1478 sunt
1083 1446 1271 1487 auctores,
1305 1441 1369 1490 qui
1396 1441 1664 1490 proportiones
1684 1439 1823 1490 hujus-

40 1494 145 1541 modi
174 1495 287 1535 titulo
316 1495 622 1535 harmoniearum
652 1503 690 1534 in
722 1510 838 1548 remp.
870 1500 1070 1548 recipiunt.
1095 1503 1194 1543 (Vide
1219 1503 1326 1534 locum
1350 1503 1605 1543 pulcherrimum
1635 1504 1670 1534 in
1695 1503 1822 1535 Bodino

41 1557 81 1589 do
97 1551 255 1599 Republ.)
284 1553 384 1593 Nam
414 1557 485 1593 etsi
514 1567 660 1605 paucae
698 1568 745 1593 ex
776 1557 832 1595 sic
870 1556 1042 1595 formatis
1070 1567 1195 1594 meras
1231 1556 1450 1594 harmonias
1481 1554 1685 1604 definiunt,
1730 1556 1823 1595 reli-

41 1610 141 1661 quae
171 1622 303 1651 omnes
338 1613 389 1651 ab
419 1613 626 1651 harmoniis
657 1614 807 1652 alienae
837 1620 946 1661 sunt,
989 1625 1121 1652 omues
1165 1620 1293 1652 tamen
1332 1612 1447 1662 hujus
1487 1612 1720 1652 definitionis
1748 1614 1824 1653 hoc

38 1668 204 1718 habent,
245 1665 353 1719 quod>
380 1677 688 1721 contemperatae
727 1677 815 1709 sunt
857 1682 903 1709 ex
932 1671 1122 1710 ambabus
1153 1670 1482 1720 proportionibus,
1513 1670 1756 1710 arithmetica
1784 1678 1824 1711 et

40 1728 294 1777 geometrica3
326 1740 373 1767 cx
403 1740 481 1778 qna
511 1731 861 1780 contemperatione
892 1731 992 1767 inest
1023 1728 1100 1767 illis
1131 1728 1227 1766 haec
1255 1729 1293 1764 in
1314 1726 1411 1776 Rep.
1442 1727 1631 1776 aptitudo.
1691 1727 1823 1768 Vicis-

41 1786 115 1824 sim
146 1797 236 1824 vero
267 1787 305 1823 in
323 1785 422 1837 Rep.
453 1788 485 1824 si
517 1789 671 1836 quavis
701 1793 758 1824 est
787 1787 1111 1833 harmonicarum,
1149 1792 1190 1824 ut
1218 1785 1480 1830 harmonicae,
1512 1796 1639 1836 neque
1669 1793 1847 1835 nostrae

41 1842 266 1883 medietates
295 1843 539 1883 harmonicae
569 1846 697 1894 sperni
718 1851 909 1894 poterunt,
941 1857 1037 1894 quas
1059 1845 1193 1882 laxiori
1215 1842 1434 1881 definitione
1462 1844 1518 1880 sic
1539 1843 1667 1882 trado:
1707 1844 1824 1895 Quod

39 1902 89 1939 sit
117 1913 234 1940 omne
261 1901 321 1950 id,
352 1902 460 1952 quod
486 1902 690 1941 intercedit
720 1906 824 1941 inter
841 1902 943 1941 duas
964 1914 1074 1940 voces
1085 1906 1355 1948 consonarum,
1386 1912 1609 1940 consonans
1635 1907 1672 1941 et
1690 1905 1821 1953 ipsum

40 1971 131 1998 cum
159 1958 320 1998 marum
347 1965 532 2011 utraque.
592 1960 638 1999 In
667 1961 901 1999 sectionibus
932 1962 1046 2010 igitur
1076 1964 1147 1997 etc.

159 2016 359 2056 Hactenus
400 2021 554 2057 omissa.
616 2018 712 2058 Cum
736 2024 882 2062 ,autem
912 2017 1051 2057 Bodini
1088 2016 1347 2055 meminissem
1381 2016 1542 2066 jamque
1581 2016 1691 2056 finito
1720 2017 1820 2057 libro

41 2071 153 2113 tertio
183 2080 222 2113 et
251 2075 384 2114 addito
415 2078 601 2127 superiori
638 2076 895 2126 paragrapho,
933 2078 1027 2114 satis
1059 2080 1259 2124 operatum
1293 2086 1379 2113 esse
1415 2074 1699 2114 mathematicis
1727 2087 1819 2127 spe-

41 2132 299 2172 culationibus
330 2136 580 2182 censuissem,
624 2135 732 2172 finita
774 2134 846 2173 hac
875 2135 1033 2183 spinosa
1071 2133 1250 2174 materia,
1291 2132 1437 2182 placuit
1476 2144 1524 2171 ex
1552 2134 1637 2182 ipso
1667 2133 1820 2172 Bodino

0 2241 5 2247 .
41 2190 249 2243 praecipua
278 2190 550 2242 disputationis
580 2192 694 2242 hujus
724 2192 904 2242 politicae
937 2193 1064 2240 capita
1093 2191 1376 2238 transscribere,
1407 2191 1536 2229 verbis
1557 2196 1595 2229 et
1615 2190 1748 2230 ordine
1778 2197 1822 2230 ut

41 2247 247 2298 plurimum
283 2260 331 2287 ex
359 2261 445 2289 meo
484 2250 559 2288 loci
588 2250 690 2288 illius
722 2257 836 2300 captu
878 2250 1145 2295 conformatis,
1185 2254 1227 2285 ut
1265 2255 1304 2286 et
1331 2248 1430 2286 lucis
1459 2248 1607 2297 aliquid
1645 2249 1819 2288 afferrem

0 2301 21 2319 *⁰
41 2305 129 2345 loco
158 2317 226 2357 per
256 2318 298 2345 se
329 2307 504 2356 obscuro,
535 2309 677 2358 quippe
707 2307 879 2345 Bodinns
911 2319 956 2345 ex
989 2306 1271 2345 mathematicis
1302 2305 1514 2355 disciplinis
1543 2317 1620 2344 non
1641 2308 1736 2345 satis
1765 2306 1817 2346 ad

22 2362 142 2404 hanc
171 2363 473 2414 speculationem
503 2366 686 2416 praesidii
716 2364 868 2415 attulit,
905 2372 943 2402 et
975 2371 1015 2402 nt
1046 2363 1218 2402 taedium
1255 2375 1492 2402 morosarum
1524 2362 1821 2403 demonstratio-

43 2433 133 2460 num
173 2422 551 2471 mathematiearum,
604 2423 743 2473 quibus
785 2428 889 2460 totns
929 2422 1027 2460 liber
1067 2426 1239 2468 constat,
1289 2421 1581 2470 interpositione
1622 2421 1821 2472 popularis

13 2475 236 2530 'iucundae
274 2481 457 2519 materiae
496 2481 654 2519 lenirem
694 2492 863 2530 ususque
901 2479 985 2529 ejus
1026 2490 1099 2517 non
1145 2478 1288 2516 nullius
1333 2480 1372 2515 in
1414 2479 1682 2528 cognoscenda
1720 2479 1818 2529 Rep.

44 2540 202 2587 gustum
237 2538 468 2577 exhiberem.
525 2538 712 2588 Incipiam
751 2544 879 2576 autem
918 2537 967 2576 ab
999 2535 1255 2586 explicatione
1296 2537 1350 2575 rei
1380 2536 1652 2577 mathematica
1689 2538 1822 2577 fusiori

46 2588 174 2646 adque
203 2595 360 2636 lectoris
389 2607 466 2633 non
498 2596 755 2634 mathematici
785 2601 941 2645 captum
971 2594 1320 2633 accommodatiori.

161 2652 326 2702 Quando
356 2654 522 2692 numeris
542 2652 702 2703 aliquot,
732 2665 808 2691 non
830 2657 978 2692 attenta
1007 2664 1138 2691 eornm
1156 2652 1434 2703 magnitudine,
1465 2651 1657 2691 adduntur
1674 2664 1821 2702 aequa-

46 2704 120 2759 lia,
148 2706 243 2749 tunc
272 2716 331 2750 est
360 2712 555 2762 proportio
585 2711 834 2749 arithmetica.
894 2709 964 2750 Ut:

184 2801 216 2846 3,
286 2801 320 2843 9,
390 2802 422 2843 5,
493 2799 548 2842 10,
621 2800 673 2843 17,
744 2800 799 2834 36.
962 2799 1142 2842 Quantum
1164 2799 1257 2834 enim
1280 2799 1301 2834 6
1324 2799 1438 2843 maj0r
1460 2804 1517 2834 est
1538 2809 1644 2843 quam
1667 2800 1708 2844 3,
1742 2804 1821 2837 tan-

39 2844 151 2882 ,Adue
186 2848 219 2891 3,
289 2848 322 2890 3,
392 2846 424 2890 3,
518 2846 550 2889 3,
580 2885 582 2887 r
642 2846 676 2888 3,
769 2846 800 2880 3.
872 2850 947 2881 tum
981 2845 1147 2889 ttotidem
1181 2846 1258 2880 scil.
1285 2845 1498 2889 unitatibus)
1538 2846 1580 2881 12
1616 2851 1672 2881 est
1706 2847 1821 2892 major

185 2906 217 2947 e,
265 2906 320 2948 12,
389 2905 423 2948 8,
496 2904 549 2947 13,
621 2903 677 2946 20,
719 2892 813 2938 Τι.
876 2902 981 2936 quam
1006 2893 1038 2928 9·

163 2977 272 3016 Haec
300 2978 495 3027 proportio
536 2976 575 3012 in
606 2974 681 3012 hoc
711 2975 885 3026 exemplo
915 2981 973 3015 est
1005 2975 1213 3025 disjuncta:
1254 2984 1344 3023 ergo
1381 2975 1577 3024 proportio
1617 2962 1820 3024 coniuncta

1526 3041 1612 3080 13*
