1994 3276
124 20 210 60 360
228 21 231 24 ⁴
320 13 334 20 “
811 13 1012 51 Ptolemaei
1033 14 1242 52 Harmonia.

124 144 229 171 omne
252 132 351 179 quod
375 132 533 178 canitur,
568 130 606 166 in
631 133 806 181 quantum
838 135 896 168 est
919 142 1016 168 unus,
1046 136 1083 168 et
1107 132 1261 179 simplex
1284 138 1427 180 cantus,
1462 132 1646 179 semitoriia
1674 135 1813 175 tantum
1837 138 1921 183 duo,

123 198 191 224 nec
215 197 259 223 ea
283 186 476 231 deinceps,
503 185 567 221 sed
590 184 680 220 locis
706 185 815 220 certis
839 184 1033 222 distributa
1057 186 1316 231 complectitur.

237 239 335 275 Nota
359 238 402 273 V.
450 238 493 272 In
517 238 637 273 animo
661 241 746 272 sunt
767 236 853 272 ista:
881 239 914 280 1)
941 238 1098 274 essentia
1121 239 1241 281 animi,
1273 240 1307 283 2)
1333 240 1494 276 diversae
1518 241 1551 287 ej
1617 240 1818 287 parte8‚'ut
1837 245 1922 280 Pto-

122 292 281 328 lemaeus
312 290 487 336 appellat,
525 300 591 325 nos
623 288 817 326 facultates
843 290 1005 335 dicimus,
1031 295 1068 326 et
1085 291 1293 336 ,cujuslibet
1317 291 1500 330 facultatis
1531 298 1648 331 cetae
1672 297 1830 343 species,
1855 308 1921 334 nos

124 344 341 390 generaliter
365 343 590 389 appellamus
623 342 804 388 potentias
828 343 1031 386 naturales,
1071 344 1106 389 3)
1132 344 1282 379 virtutes
1306 344 1531 391 habituales,
1583 350 1860 395 ontemplativae
1886 356 1923 388 et

122 398 348 444 operativae,
384 399 418 443 4)
445 396 701 443 dispositiones
726 400 981 441 temporaneae
1006 405 1071 432 seu
1095 396 1258 432 affectus.
1306 397 1422 442 Igitur
1451 409 1529 446 cap.
1574 428 1582 436 .
1615 400 1774 439 animum
1804 405 1923 452 ipsum

122 452 345 496 comparavit
368 449 599 486 harmonicae
622 448 787 484 facultati
811 449 1039 500 generaliter⁷
1066 461 1145 495 cap.
1165 452 1195 486 5.
1221 451 1415 488 facultates
1441 464 1527 489 cons
1574 455 1693 500 antiis,
1718 461 1760 493 ut
1783 460 1923 504 species

123 515 189 540 seu
214 503 395 548 potentias
421 507 458 539 et
480 501 626 539 habitus
652 501 760 537 animi
785 501 976 547 speciebus
1003 503 1320 539 consonantiarum
1345 505 1504 541 earunde
1560 506 1723 552 diversis,
1749 515 1784 546 et
1807 515 1923 547 totum

124 561 282 604 systema
305 556 518 592 facultatum
543 555 651 590 animi
676 555 745 602 toti
769 554 957 600 systemati
974 556 1309 601 consonantiarum,
1336 567 1411 602 cap.
1433 557 1466 594 6.
1483 559 1516 592 v'
1533 561 1649 595 tutum
1667 571 1802 605 genera
1816 570 1923 608 gene-

120 609 220 646 ribus
246 614 391 654 cantus3
429 609 489 643 hic
514 618 600 653 ergo
631 617 710 652 cap.
736 607 769 642 7.
795 611 980 652 comparat
1011 608 1130 644 studia
1154 609 1301 654 publica
1336 613 1373 644 et
1400 608 1547 655 affectus
1579 607 1802 656 singulorum
1826 615 1923 651 tonis

122 674 187 700 seu
211 662 339 698 modis.
390 660 678 706 Comparationis
704 663 916 704 argumenta
939 670 1032 705 pene
1057 660 1200 705 singula
1222 662 1259 696 in
1284 661 1435 708 singulis
1458 660 1579 700 iisunt
1602 658 1730 701 verbis.

240 715 400 750 Primum
426 718 504 749 erat
527 714 564 748 in
589 723 677 748 voce
701 717 910 756 consuetae,
947 712 1101 749 alterum
1132 714 1168 749 in
1192 725 1280 750 voce
1304 715 1473 865 mutat?
1509 716 1655 752 tertium
1678 729 1774 755 nunc
1806 725 1862 756 est
1886 721 1922 756 in

121 769 325 805 identitate.
373 766 570 802 Intervalla
595 765 799 809 systematis
824 769 861 800 et
886 765 998 801 series
1023 776 1147 801 eorum
1171 771 1346 803 consueta
1359 779 1437 803 com
1462 772 1613 805 arantur
1634 772 1817 807 consuetis
1834 777 1922 809 tem-

121 832 251 866 porum
277 820 543 857 conditionibus
577 823 613 854 et
636 819 749 854 veluti
773 818 931 854 motibus
955 829 1075 854 rerum
1099 820 1342 864 publicarum:
1373 825 1414 857 ut
1459 821 1532 856 uod
1556 822 1719 860 Romana
1751 824 1923 861 bellicosa

120 875 200 917 fuit,
223 875 444 910 Venetorum
477 872 703 908 mercatoria.
750 872 907 907 Mutatio
942 877 1070 909 cantus
1097 873 1141 910 de
1165 878 1252 916 tono
1276 874 1313 910 in
1337 870 1459 923 tonpt'm
1483 881 1711 920 comparatur
1733 877 1923 914 mutationi

121 928 359 974 reipublicae,
397 931 433 962 et
468 937 549 962 cum
582 924 646 961 illa
676 924 783 959 etiam
815 924 1016 960 studiorum
1046 925 1275 971 publicorum
1308 926 1352 963 de
1377 926 1471 964 statu
1495 928 1647 973 pacifico
1682 929 1720 964 in
1744 929 1922 970 bellicum,

121 980 207 1025 quia
230 992 304 1016 non
329 980 447 1016 minus
472 980 598 1015 crebro
623 978 714 1014 haec
737 977 889 1012 invicem
915 977 1114 1014 succedunt
1129 977 1164 1012 in
1183 979 1387 1029 republicas
1399 990 1507 1025 quam
1522 980 1586 1017 illa
1601 982 1638 1017 in
1655 988 1776 1020 cantu.
1817 984 1921 1020 Iden-

118 1034 205 1069 titas
230 1043 314 1067 vero
339 1043 511 1078 generum
535 1036 663 1067 cantus
687 1031 725 1066 in
750 1030 901 1067 diversis
926 1031 1021 1066 tonis
1046 1032 1266 1068 assimilatur
1293 1031 1472 1068 identitati
1505 1033 1686 1070 virtutum.
1738 1036 1807 1071 Est
1836 1047 1921 1073 vero

115 1085 258 1131 justitia
281 1085 317 1120 iu
342 1094 450 1130 pace,
484 1088 539 1119 est
564 1088 600 1119 et
625 1083 747 1128 aliqua
777 1083 812 1118 in
838 1083 954 1131 bello;
989 1085 1052 1120 sed
1084 1086 1181 1123 aliud
1207 1086 1285 1131 ejus
1309 1083 1484 1129 obiectum
1516 1090 1572 1121 est
1603 1086 1691 1131 illic,
1725 1087 1820 1124 aliud
1851 1089 1920 1135 hic,

118 1149 186 1175 nec
210 1138 305 1174 idem
330 1138 409 1183 ejus
436 1136 647 1173 exercitium
664 1136 845 1181 utrinque.
893 1137 936 1172 In
953 1149 1044 1183 pace
1060 1150 1165 1175 suum
1182 1140 1312 1184 cuique
1328 1138 1565 1184 tribuendum,
1591 1141 1698 1176 etiam
1718 1141 1921 1186 peregrino,

119 1191 156 1226 in
181 1190 277 1227 bello
303 1202 375 1226 non
400 1190 527 1227 tribuit
559 1201 663 1225 suum
689 1190 845 1234 patriae,
881 1190 949 1234 qui,
971 1192 1088 1236 parcit
1120 1192 1235 1236 hosti,
1269 1194 1328 1228 aut
1360 1193 1423 1236 qui
1447 1193 1598 1239 rigidam
1632 1194 1922 1232 distributionem

119 1256 240 1281 rerum
263 1245 358 1280 inter
383 1245 480 1281 cives
506 1245 615 1280 etiam
639 1245 691 1281 sic
715 1247 837 1292 urget,
871 1249 912 1278 ut
937 1255 980 1281 ea
1003 1245 1144 1281 bellicis
1170 1240 1442 1282 necessitatibus
1475 1246 1730 1291 impedimento
1755 1249 1814 1283 sit.
1866 1249 1923 1284 Ita

120 1298 225 1335 fortis
253 1309 333 1334 esse
357 1302 480 1344 potest
504 1297 632 1342 aliquis
657 1298 693 1334 in
718 1311 819 1346 pace,
845 1299 951 1334 fortis
976 1299 1083 1334 etiam
1107 1299 1144 1333 in
1169 1298 1264 1334 bello
1272 1296 1289 1349 χ’
1306 1303 1344 1333 at
1367 1298 1484 1334 minor
1507 1301 1679 1336 memoria
1702 1300 1922 1338 fortitudinis

119 1352 193 1388 illic
218 1352 490 1397 obscuriorque,
523 1350 584 1386 hic
616 1363 700 1388 vero
731 1353 849 1398 major
879 1357 916 1388 et
940 1352 1139 1388 necessitas
1172 1355 1208 1386 et
1240 1350 1352 1398 gloria
1375 1351 1486 1393 hujus
1517 1353 1670 1389 virtutis.
1719 1354 1814 1389 Tota
1837 1366 1922 1391 vero

118 1406 190 1442 ista
214 1406 492 1451 comparationis
517 1417 602 1452 pars
626 1405 828 1442 rhetoricae
852 1405 989 1451 figurae
1014 1404 1139 1440 similis
1165 1404 1553 1449 est,!pr0babilitatem
1579 1406 1757 1451 sequitur,
1783 1417 1922 1453 geome-

119 1459 249 1495 tricum
273 1459 363 1494 nihil
388 1459 494 1505 sapit,
520 1470 588 1495 nec
612 1470 723 1496 causa
746 1459 894 1495 alterius
919 1457 1087 1493 similium
1113 1457 1315 1494 continetur
1338 1457 1375 1492 in
1394 1458 1519 1503 altero,
1545 1459 1642 1503 quod
1659 1459 1753 1495 hanc
1773 1459 1923 1504 primam

120 1511 249 1557 capitis
273 1518 414 1557 partem
439 1513 577 1548 attinet.

235 1564 334 1600 Nota
357 1566 418 1601 VI.
467 1565 560 1602 Erat
592 1566 768 1601 hactenus
801 1565 899 1601 nuda
930 1563 1169 1610 comparati03
1198 1566 1298 1598 ‘nunc
1332 1566 1368 1598 et
1393 1573 1522 1599 causas
1547 1563 1692 1609 attingit
1725 1565 1922 1612 naturales,

121 1629 215 1665 quae
240 1618 301 1655 alii
324 1623 412 1654 tono
444 1618 534 1654 alias
559 1619 728 1654 conciliat
759 1617 1010 1663 proprietates.
1061 1614 1238 1659 Paulatim
1272 1615 1367 1650 enim
1399 1617 1529 1651 transit
1559 1617 1605 1652 ad
1640 1617 1792 1653 alterum
1815 1629 1947 1666 mem--

119 1672 234 1717 brum,
261 1672 308 1708 ad
332 1671 429 1716 quod
455 1671 528 1707 ista
551 1672 664 1715 magis
690 1674 867 1717 spectant.
917 1669 1050 1706 Modus
1076 1670 1167 1704 enim
1191 1668 1350 1703 musicus
1375 1678 1442 1712 per
1466 1679 1504 1704 se
1528 1668 1607 1713 ipse
1631 1679 1704 1704 non
1728 1675 1783 1705 est
1806 1681 1923 1716 neque

121 1726 302 1762 excitatus
327 1734 445 1770 neque
470 1729 649 1767 moestus,
676 1723 740 1759 sed
765 1726 806 1759 ut
829 1723 932 1769 ipsae
955 1734 1086 1759 vocum
1112 1722 1327 1758 Graecarum
1351 1721 1623 1757 terminationes
1648 1721 1833 1769 judicant,
1871 1723 1923 1759 sic

122 1778 253 1815 dicitur
276 1779 322 1814 ab
348 1777 511 1812 efficacia
545 1787 611 1812 sua
634 1778 671 1812 in
696 1776 834 1811 animis.
883 1776 1037 1811 Videtur
1067 1779 1184 1810 autem
1210 1774 1439 1810 Ptolemaeus
1468 1775 1528 1810 hic
1559 1779 1666 1811 tonos
1700 1776 1779 1811 sola
1803 1775 1922 1811 altitu-

123 1831 208 1867 dine
233 1823 474 1875 (sistinguerm
500 1840 581 1865 cum
606 1834 758 1874 asserat,
784 1829 880 1865 idem
904 1828 1018 1864 melos
1044 1826 1122 1872 cani
1146 1836 1256 1871 posse
1285 1826 1322 1861 in
1348 1827 1497 1864 diversis
1521 1829 1630 1864 tonis.
1679 1828 1798 1874 Atque
1815 1829 1923 1864 etiam

121 1884 194 1920 situ
219 1882 398 1919 semitonii
424 1881 603 1925 differunt,
630 1887 667 1917 et
691 1882 784 1918 serie
808 1882 948 1926 reliqua
973 1881 1226 1917 concinnorum
1252 1883 1288 1914 et
1311 1880 1459 1924 reliquis
1484 1881 1609 1926 rebus,
1637 1891 1730 1925 quae
1754 1886 1838 1917 sunt
1861 1891 1922 1916 ex-

120 1935 276 1981 plicatae
301 1935 460 1980 cap.“14.
489 1934 570 1970 libri
594 1935 664 1970 mei
687 1935 752 1970 ΙΙΙ.
800 1935 929 1980 Itaque
953 1933 1142 1971 facultates
1174 1932 1266 1967 istae
1298 1933 1343 1967 ad
1379 1934 1574 1970 movendos
1606 1934 1744 1971 animos
1774 1945 1846 1970 non
1870 1934 1922 1969 in—
1988 1936 1992 1939 ’

122 1991 207 2023 sunt
228 1987 318 2033 ipsis
343 1990 483 2024 tantum
507 1993 660 2032 propter
683 1982 909 2023 altitudinem
935 1985 1065 2023 eorum
1080 1985 1115 2019 in
1141 1989 1335 2030 systemate
1359 1985 1533 2030 perfecto,
1559 1987 1623 2022 sed
1640 1986 1753 2022 multo
1770 1988 1924 2024 maxime

121 2044 271 2086 propter
294 2049 408 2084 genus
433 2046 470 2075 et
494 2041 654 2076 ordinem
680 2040 810 2084 cuique
835 2051 939 2076 suum
965 2038 1219 2077 continuorum
1244 2038 1523 2075 intervallorum.

238 2094 336 2130 Nota
359 2095 438 2130 VII.
486 2093 716 2129 Ptolemaeus
748 2093 809 2129 lib.
835 2094 898 2128 III.
934 2105 1012 2138 cap.
1037 2093 1090 2127 10.
1128 2091 1267 2126 dorium
1296 2092 1383 2127 facit
1414 2091 1602 2128 altitudine
1632 2093 1808 2140 medium,
1839 2095 1923 2131 inde

122 2158 248 2184 versus
284 2152 392 2183 acuta
416 2148 618 2193 phrygium,
652 2146 810 2192 lydium,
851 2147 1095 2183 acutissimum
1124 2144 1374 2190 mixolydium,
1409 2150 1446 2179 et
1477 2156 1601 2181 versus
1638 2148 1776 2192 gravia:
1810 2147 1922 2193 hypo·

124 2201 271 2247 lydium,
299 2199 600 2246 hypophrygium,
627 2198 885 2244 hypodorium3
925 2193 1024 2243 qup'si
1050 2198 1172 2232 dorius
1197 2197 1376 2232 obtineret
1401 2198 1536 2234 clavem
1557 2200 1590 2236 G'
1613 2200 1649 2234 in
1674 2201 1788 2245 molli,
1813 2202 1921 2246 phry-

125 2254 205 2298 gius
239 2253 290 2297 A,
323 2252 443 2298 lydius
468 2252 524 2295 H,
560 2251 776 2297 mixolydius
812 2251 858 2293 G,
894 2250 1107 2300 hypolydius
1140 2250 1299 2285 vicissim
1330 2249 1381 2293 F,
1419 2250 1691 2298 hypophrygius
1715 2252 1773 2297 Ε,
1809 2253 1920 2299 hypo-

125 2306 246 2342 dorius
270 2306 319 2341 D.
366 2306 444 2340 Hac
470 2304 614 2350 quidem
638 2305 675 2339 in
700 2302 1078 2349 dispositione:differt
1102 2301 1329 2338 Ptolemaeus
1354 2303 1400 2337 ab
1426 2303 1633 2339 auctoribus
1658 2305 1798 2340 ceteris.

242 2358 487 2394 Communiter
520 2358 613 2394 enim
651 2357 696 2393 ab
721 2357 932 2393 auctoribus
953 2356 1180 2392 celebrantur
1211 2360 1285 2390 tres
1309 2354 1421 2390 veluti
1444 2355 1541 2390 modi
1574 2365 1639 2392 seu
1670 2356 1767 2392 toni:
1799 2356 1920 2393 dorius

125 2411 242 2455 gravis
268 2416 304 2447 et
326 2411 530 2456 modestus,
555 2410 728 2456 phrygius
753 2409 872 2444 mollis
897 2408 930 2446 et
956 2409 1149 2444 deliciosus
1184 2413 1220 2443 et
1253 2406 1499 2451 effeminatus,
1525 2408 1642 2453 lydius
1667 2408 1861 2445 bellicosus
1885 2415 1923 2446 et

125 2463 320 2499 iracundus
346 2468 382 2498 et
405 2463 604 2507 masculus,
631 2463 728 2507 quod
754 2473 820 2507 ego
847 2467 989 2499 secutus
1015 2473 1094 2497 sum
1119 2471 1197 2505 cap.
1227 2461 1279 2496 15.
1308 2460 1390 2495 libri
1413 2460 1482 2496 mei
1506 2461 1571 2497 111.
1619 2462 1773 2498 Nomina
1801 2468 1920 2498 traxe-

124 2520 208 2552 rant
236 2527 258 2551 a
283 2517 449 2562 gentibus
480 2527 621 2550 morum
651 2516 895 2551 consimilium.
943 2516 1059 2550 Dores
1092 2515 1187 2550 enim
1217 2514 1387 2557 antiquae
1412 2513 1583 2548 Graeciae
1617 2514 1774 2559 populus
1798 2519 1918 2558 erant,
1968 2531 1972 2534 ·

123 2569 286 2613 magistri
309 2569 432 2614 optimi
455 2569 724 2604 formandarum
748 2567 1102 2610 rerumpublicarum,
1129 2577 1279 2609 quarum
1304 2565 1402 2600 salus
1426 2565 1463 2600 in
1486 2566 1757 2605 conservatione
1780 2577 1919 2602 morum

125 2621 352 2667 antiquorum
386 2621 570 2665 consistit,
606 2619 763 2666 Phrygia
796 2619 902 2655 Asiae
931 2619 1040 2654 beata
1067 2618 1250 2664 provincia
1283 2617 1408 2653 molles
1440 2618 1615 2664 populos,
1651 2619 1767 2664 Lydia
1796 2624 1920 2656 contra

124 2673 317 2710 bellicosos
341 2673 528 2710 educabat.
1499 2693 1501 2695 -

241 2739 338 2775 Nota
361 2739 459 2774 VIII.
506 2739 671 2775 Alterum
710 2741 746 2774 et
776 2736 1007 2783 praecipuum
1041 2735 1169 2780 capitis
1206 2734 1403 2771 membrum
1434 2735 1503 2771 hoc
1533 2741 1605 2781 est,
1648 2737 1745 2781 quod
1774 2737 1916 2783 quidem

127 2792 330 2835 generalius
356 2796 392 2827 et
416 2791 557 2837 plenius
582 2797 660 2827 erat
677 2789 919 2833 tractandum
947 2788 1044 2833 quod
1060 2792 1148 2833 puto
1167 2788 1412 2824 Ptolemaeum
1424 2789 1535 2825 fuisse
1552 2789 1740 2834 facturum,
1766 2790 1796 2825 si
1813 2801 1916 2836 opus,

128 2843 225 2888 quod
251 2849 388 2880 certum
413 2849 469 2880 est
493 2844 740 2889 imperfectum
766 2842 808 2879 ab
832 2842 912 2887 ipso
936 2841 1118 2886 relictum,
1143 2846 1180 2876 et
1203 2842 1432 2886 perduxisset
1463 2842 1508 2878 ad
1535 2841 1771 2886 colophonem
1802 2847 1838 2877 et
1859 2852 1916 2877 re·
1978 2862 1982 2866 -

127 2895 277 2931 vidisset
302 2896 466 2940 denique.
515 2897 607 2932 Nam
632 2901 668 2931 et
691 2907 763 2933 non
786 2895 885 2930 solae
910 2899 995 2930 sunt
1010 2894 1225 2930 mutationes
1250 2896 1447 2939 modorum,
1474 2894 1533 2939 qui
1552 2893 1701 2929 affectus
1717 2894 1914 2929 animorum
1968 2910 1969 2913 ¹

128 2948 367 2991 transferunt,
404 2955 440 2984 et
472 2949 542 2995 ipsi
571 2950 667 2986 modi
696 2948 858 2995 pluribus
889 2947 994 2982 etiam
1023 2947 1305 2992 proprietatibus
1336 2958 1444 2993 quam
1475 2946 1638 2982 acumine
1671 2950 1707 2980 et
1742 2944 1914 2991 gravitate

128 2999 222 3035 inter
245 3011 284 3037 se
309 3000 487 3046 differunt,
511 3006 548 3039 ct
571 3012 703 3040 causae
725 3000 880 3045 denique
903 3002 988 3035 sunt
1011 2998 1211 3035 evidentius
1235 2999 1480 3046 explicandae,
1506 3009 1570 3034 cur
1590 2998 1661 3034 ista
1682 2996 1823 3044 possint
1837 3006 1913 3032 mu·
