1988 3276
184 107 187 110 ἱ
270 153 291 172 ο
559 135 568 144 ’
752 141 789 178 iu
812 138 1044 178 amonim
1065 138 1204 176 Mundi.
1845 139 1871 178 5

98 262 307 304 affluet.
363 260 427 301 Ad
454 261 532 302 boe
555 260 763 313 plurimum
791 258 832 298 id
857 258 1035 308 valebat,
1067 255 1181 309 'quod
1200 257 1370 316 ‘obtrusa
1398 255 1717 309 astrohgicarum
1745 267 1871 297 rerum

98 320 226 362 suffia
258 331 348 360 cum
380 331 478 359 sana
510 322 638 359 mente
671 317 919 359 reconciliare
955 317 1040 356 sive
1073 314 1322 367 astrologiam
1357 316 1414 354 ita
1442 314 1647 356 defendere
1675 314 1870 363 studebat,

98 384 159 428 ut,
180 389 304 430 -quae
351 383 593 418 astrommus
635 381 676 416 et
720 375 975 428 philosophus
1019 375 1104 425 ipse
1155 374 1231 413 sibi
1290 372 1528 423 objurgaret,
1583 373 1871 425 quodammodo

97 436 270 477 mmet.
335 435 423 477 Hoc
450 436 561 475 illum
589 436 716 485 egisse
744 447 792 474 ex
821 433 955 473 libello
985 432 1033 472 de
1062 431 1341 471 Fundamentis
1371 430 1619 482 Astrologiae
1647 434 1690 480 sl.
1712 434 1782 470 417
1794 434 1870 480 sa),

96 506 145 535 ex
172 492 410 534 Calendariis
438 495 486 541 (1.
508 495 635 532 392ss.
658 496 726 532 453
738 495 816 540 ss),
847 503 895 532 ex
924 491 1074 541 seriptis
1102 490 1288 530 adversus
1317 487 1523 528 Roslinum
1550 492 1591 536 (L
1609 492 1694 536 503)
1723 494 1763 529 et
1790 488 1870 528 Fe-

94 552 233 593 selium
261 555 303 600 (1.
328 555 410 599 549)
444 555 485 591 et
512 562 559 590 ex
587 550 688 590 libro
718 549 766 590 de
794 549 920 590 Stella
945 549 1060 588 Nova
1089 551 1147 596 (Π.
1170 550 1268 596 575),
1305 548 1416 587 vario
1445 546 1562 586 modo
1592 547 1731 587 elucet.
1788 547 1872 587 Nee

78 612 221 660 ,minus
249 621 298 650 ex
325 609 458 667 multis
484 609 646 660 privatis
675 608 807 658 literis,
836 609 1004 647 maxime
1032 606 1110 645 illis
1139 605 1189 645 ad
1208 611 1404 656 pastorem
1423 605 1617 645 Davidem
1637 605 1870 654 Fabricium,

94 669 163 720 qui
179 669 330 708 somnia
348 667 581 718 astrologica
597 667 741 718 pressis
759 667 939 706 manibus
956 665 1124 713 tenebat,
1154 663 1255 704 datis
1274 673 1487 714 cognoscas
1506 663 1666 714 Kepleri
1687 662 1870 712 studium,

96 737 197 778 quae
230 727 471 778 ineptissima
503 714 747 764 somniabant
784 723 969 774 astrologi
1005 722 1223 770 refellendi,
1265 733 1478 773 cognoscas
1506 723 1617 761 varia
1646 722 1870 771 tentamina,

96 796 163 824 eas
191 784 427 834 astrologiae
455 788 595 834 partes,
641 795 738 834 quas
781 781 999 832 astrologus
1032 780 1287 820 Caesarianus
1321 791 1398 819 non
1433 784 1586 831 poterat
1626 791 1705 819 non
1728 785 1869 828 tenere,

97 855 144 882 ex
171 853 270 882 sana
297 846 424 882 mente
451 840 723 892 interpretandi
752 846 793 881 et
819 841 860 879 in
888 841 1075 879 rationem
1104 844 1144 879 et
1172 837 1411 889 disciplinam
1444 838 1639 889 quandam
1666 837 1869 878 referendi-

236 900 314 940 Pro
342 899 589 939 fundamento
618 899 723 938 illius
753 898 979 950 disciplinae
1007 897 1178 948 Keplero
1206 897 1304 936 baec
1332 898 1451 936 statui
1480 907 1597 948 posse
1625 896 1869 937 videbantur.

95 957 427 1008 Quemadmodum
455 957 571 996 homo
585 957 717 996 cultus
737 962 776 997 et
793 956 960 996 incultus
978 955 1210 996 harmonicis
1238 955 1345 994 sonis
1375 955 1476 994 laete
1505 959 1701 1003 movetur,
1733 966 1870 1005 qnem-

96 1016 302 1057 admodum
330 1016 464 1056 oculos
492 1016 652 1055 suavius
681 1020 844 1066 tangunt
871 1015 1016 1054 formae
1050 1015 1217 1054 numeris
1244 1015 1325 1053 suis
1358 1014 1562 1064 perfectae,
1594 1025 1711 1064 quam
1744 1014 1872 1052 minus

96 1075 298 1126 perlectae,
326 1076 384 1114 sic
411 1074 576 1113 hominis
603 1075 849 1124 suspicientis
879 1075 1047 1112 animum
1078 1072 1216 1120 sidera,
1245 1073 1277 1110 si
1308 1072 1423 1111 sitnm
1452 1071 1599 1111 babent
1626 1073 1724 1111 inter
1752 1083 1794 1111 se
1825 1083 1872 1111 ex

95 1134 337 1183 geometricis
373 1132 526 1183 iegibus
563 1132 796 1180 ordinatum,
837 1132 982 1181 majore
1012 1132 1052 1168 vi
1082 1130 1239 1178 feriunt,
1269 1141 1386 1180 quam
1415 1132 1450 1169 si
1478 1131 1576 1168 situs
1605 1129 1671 1168 ille
1701 1141 1778 1168 non
1808 1131 1871 1168 sit.

94 1190 243 1230 Natura
278 1201 403 1230 rerum
437 1190 598 1229 creatrix
634 1190 880 1229 multifariam
910 1189 960 1228 ad
991 1189 1030 1226 id
1058 1189 1129 1227 niti
1158 1188 1329 1236 videtur,
1368 1193 1413 1227 ut
1448 1188 1592 1227 formas
1630 1188 1872 1239 geometricis

94 1248 260 1299 legibus,
282 1248 416 1299 quales
434 1248 627 1288 humanae
646 1250 765 1288 menti
782 1249 832 1287 ab
847 1249 958 1287 initio
978 1247 1117 1286 insitae
1134 1251 1236 1295 sunt,
1257 1247 1441 1296 aequales
1459 1251 1655 1297 procreet3
1677 1246 1872 1298 crystalla,

97 1308 177 1355 nix,
206 1307 332 1356 flores,
361 1318 541 1346 numerus
572 1311 611 1345 et
640 1307 732 1346 ordo
761 1306 937 1346 soliomm
964 1306 1230 1355 fructuumque
1248 1304 1384 1354 forma,
1414 1316 1532 1355 apum
1551 1303 1673 1344 cellae
1694 1310 1733 1343 et
1751 1304 1874 1344 multa

95 1363 174 1404 alia
188 1365 268 1404 vim
279 1366 393 1404 istam
406 1366 638 1415 genetricem
654 1364 872 1404 ostendunt.
902 1363 975 1403 Ille
990 1375 1115 1403 rerum
1129 1363 1235 1412 ordo,
1257 1362 1457 1402 harmonia
1473 1363 1541 1402 illa
1556 1364 1595 1401 vi
1610 1362 1873 1413 inexplicabili

96 1434 209 1462 aures
227 1422 378 1472 ter-iens,
409 1423 638 1462 documento
656 1429 727 1472 est,
758 1423 902 1463 mundo
922 1424 1048 1462 inesse
1067 1423 1148 1460 vim
1165 1421 1407 1472 geometricis
1425 1421 1577 1472 legibus
1605 1426 1743 1469 actam,
1772 1433 1872 1471 quae

96 1482 307 1520 animantia
327 1485 367 1522 et
384 1483 555 1520 inanima
567 1484 735 1529 moveat,
757 1482 907 1521 etiamsi
927 1491 975 1520 ne
996 1481 1207 1519 animantia
1224 1478 1379 1530 quidem
1395 1491 1481 1519 eam
1499 1480 1639 1519 sentire
1655 1477 1871 1519 videantur.

98 1538 211 1578 Illam
250 1541 332 1578 vim
377 1551 558 1579 arcanam
594 1539 786 1590 Keplerus
825 1551 911 1578 cum
951 1539 1116 1577 hominis
1154 1539 1284 1577 animo
1322 1542 1522 1589 comparat
1558 1548 1776 1587 nomenque
1814 1537 1871 1576 illi

98 1596 206 1636 addit
233 1608 400 1648 aequum
433 1599 608 1647 „animae
637 1597 811 1637 mundi“.
871 1597 982 1636 Haec
1010 1596 1143 1635 mundi
1173 1597 1303 1634 anima
1333 1596 1489 1644 iisdem,
1531 1596 1672 1646 quibus
1706 1595 1873 1635 hominis

98 1655 266 1703 unimus,
293 1654 445 1705 legibus
472 1657 628 1706 regitur.
686 1655 763 1704 Qui
793 1660 838 1694 ut
867 1656 973 1695 sonis
990 1654 1233 1693 harmonicis
1263 1659 1303 1692 et
1331 1654 1554 1693 harmonico
1584 1654 1751 1693 siderum
1780 1655 1871 1702 situ,

96 1711 293 1763 quomodo
321 1712 362 1750 id
391 1713 458 1751 fiat
485 1715 658 1761 nescius,
697 1718 885 1762 movetur,
926 1713 982 1751 ita
1010 1712 1071 1751 his
1101 1714 1219 1751 etiam
1248 1712 1380 1750 mundi
1411 1714 1540 1751 anima
1569 1712 1697 1761 agitur
1725 1715 1765 1751 et
1792 1723 1872 1750 nou

98 1769 227 1820 modo,
257 1781 354 1821 quas
385 1770 569 1819 diximus,
609 1772 751 1810 formas
779 1771 976 1821 regulares
1003 1775 1198 1821 procreat,
1228 1769 1298 1809 sed
1328 1771 1444 1810 etiam
1475 1770 1526 1809 ad
1554 1771 1635 1809 vim
1663 1771 1703 1808 in
1733 1781 1872 1821 corpus

98 1838 230 1877 sumu,
270 1828 444 1875 Terram,
486 1828 734 1868 exserendam
772 1840 896 1880 aeque
935 1829 1072 1879 agitur,
1112 1833 1230 1879 atque
1266 1827 1363 1867 illud
1392 1828 1436 1867 fit
1462 1829 1502 1866 in
1532 1830 1660 1868 animo
1689 1828 1868 1867 hominis.

98 1885 194 1926 Inde
234 1888 472 1936 tempestatis
492 1889 737 1934 mutationes,
770 1892 941 1926 meteora
968 1892 1007 1925 et
1037 1886 1133 1935 alia,
1175 1885 1265 1925 inde
1304 1887 1422 1926 etiam
1462 1888 1522 1926 vis
1562 1891 1790 1938 aspectuum
1829 1888 1869 1924 in

99 1945 268 1984 animum
294 1943 460 1983 hominis
489 1945 549 1984 his
577 1945 891 1996 praevalentibus
919 1946 1015 1983 nati.

241 2001 334 2041 Illas
371 2005 582 2042 sententias
611 2003 802 2054 Keplerus
839 2002 1005 2054 explicat
1042 2003 1081 2040 in
1123 2001 1284 2049 libellis,
1328 2012 1426 2051 quos
1454 2013 1572 2052 supra
1612 2001 1792 2051 diximus,
1831 2006 1871 2042 et

97 2059 180 2110 iam
208 2060 247 2098 in
276 2061 399 2110 primo
428 2061 592 2100 intendit
619 2062 758 2100 librum
788 2062 1013 2111 ampliorem
1041 2060 1205 2111 posthac
1233 2059 1440 2107 edendum,
1477 2059 1743 2099 Harmoniam.

236 2117 406 2157 Primum
431 2119 514 2168 jam
542 2119 732 2170 Keplerus
762 2119 801 2158 id
832 2121 922 2169 egit,
953 2124 996 2157 ut
1025 2118 1250 2168 explicaret,
1282 2129 1348 2157 cur
1375 2123 1555 2168 aspectus
1584 2119 1634 2157 ab
1664 2117 1870 2168 astrologis

102 2175 314 2225 antiquitus
343 2176 474 2215 traditi
502 2178 558 2216 ita
586 2177 780 2226 valerent,
818 2182 862 2216 ut
901 2179 940 2214 in
976 2177 1197 2227 praemissis
1225 2178 1309 2226 ipse
1338 2180 1543 2224 statuerat,
1586 2181 1625 2216 et
1653 2177 1870 2226 inquireret,

101 2244 193 2271 num
213 2234 330 2272 etiam
348 2234 427 2283 alii,
458 2246 573 2284 quam
593 2237 659 2285 qui
689 2235 815 2274 adhuc
844 2239 951 2274 eraut
980 2234 1121 2281 traditi,
1151 2234 1394 2284 planetarum
1413 2235 1511 2272 inter
1530 2245 1572 2273 se
1592 2235 1688 2272 situs
1709 2234 1870 2273 eandem

101 2292 180 2328 vim
224 2290 420 2330 habereut.
495 2292 604 2341 Quae
647 2295 892 2343 quaestiones
941 2305 1028 2332 eum
1070 2292 1121 2331 ad
1166 2292 1393 2331 divisionem
1438 2291 1590 2340 circuli,
1636 2291 1686 2330 ad
1729 2292 1871 2343 figuras

101 2347 295 2398 regulares
323 2354 362 2388 et
391 2361 562 2399 corpora,
593 2350 642 2390 ad
672 2362 788 2390 sonos
818 2351 1060 2390 harmonicos
1088 2349 1330 2389 reduxerunt.
1379 2349 1444 2388 Ad
1464 2349 1504 2387 id
1525 2354 1675 2389 veteres
1697 2349 1871 2390 recolere

94 2407 241 2457 coepit,
272 2417 358 2445 cum
385 2407 676 2447 mathematicos
705 2409 916 2457 Euclidem,
947 2409 1137 2457 Proclum,
1169 2407 1440 2458 Apollonium,
1473 2407 1759 2457 Archimedem,
1790 2413 1871 2446 tum

102 2463 319 2503 Ptolomaei
348 2467 511 2504 maxime
538 2466 802 2512 Harmoniam,
832 2466 1007 2505 Platonis
1036 2466 1250 2514 Timaeum,
1283 2465 1527 2504 Aristotelem
1557 2465 1745 2516 aliosque.
1794 2465 1870 2504 Sed

102 2521 307 2572 plurimum
336 2524 518 2572 temporis
547 2526 811 2564 astronomicis
848 2524 984 2563 studiis
1018 2525 1231 2573 insumens,
1271 2524 1470 2563 intermitti
1501 2523 1568 2562 illa
1597 2535 1870 2573 nonnunquam

102 2591 260 2619 necesse
289 2580 381 2628 suit,
421 2592 651 2631 quamquam
680 2594 756 2620 non
785 2594 941 2632 prorsus
971 2584 1111 2622 omisit.
1169 2582 1214 2619 Iu
1245 2582 1423 2620 omnibus
1453 2581 1608 2631 quidem
1638 2582 1720 2631 eJus
1750 2581 1870 2628 libris,

104 2639 211 2676 etin
249 2639 308 2686 iis,
352 2649 449 2688 quos
490 2650 605 2689 supra
645 2639 822 2688 diximus,
866 2644 905 2679 et
943 2641 983 2678 in
1021 2638 1178 2690 O'ptica,
1222 2640 1262 2676 in
1303 2639 1401 2678 libro
1440 2639 1487 2678 de
1527 2639 1664 2678 Martis
1702 2639 1871 2677 motibus

106 2696 339 2745 conscripto,
380 2697 419 2733 in
449 2696 763 2745 Ephemeridibus
802 2697 983 2747 aliisque,
1025 2699 1063 2735 in
1091 2697 1286 2735 literarum
1318 2699 1544 2736 commercio
1581 2699 1729 2743 insunt,
1771 2708 1870 2746 quae

106 2757 290 2791 testentur
310 2754 395 2803 ejus
412 2754 592 2802 studium,
621 2757 860 2806 propositum
888 2756 1002 2795 finem
1032 2754 1273 2805 assequendi,
1306 2767 1405 2804 quae
1436 2756 1571 2794 eadem
1601 2755 1869 2802 demonstrent,

10 2816 18 2823 ⁴
56 2859 59 2861 Β
107 2810 311 2860 quomodo,
343 2823 442 2861 quae
472 2811 623 2860 viderit,
661 2826 746 2852 eum
774 2815 855 2852 suis
884 2815 1083 2853 sententiis
1113 2814 1377 2851 astronomicis
1407 2812 1610 2851 conciliare
1641 2816 1678 2850 et
1710 2811 1867 2862 „leges“

31 2907 34 2908 γ
107 2879 198 2906 suas
227 2871 502 2908 astronomicas
532 2869 721 2919 adjunctis
750 2871 971 2910 harmoniae
999 2871 1149 2921 legibus
1169 2872 1209 2907 vi
1231 2876 1266 2909 et
1288 2872 1515 2909 auctoritate
1545 2868 1709 2919 quadam
1738 2875 1872 2909 sancta

108 2937 250 2983 augere
287 2930 325 2964 et
364 2939 497 2966 ornare
535 2927 641 2966 velit.
699 2928 790 2967 Jam
820 2941 921 2968 anno
955 2930 1077 2968 1605.
1107 2928 1298 2978 Keplerus
1329 2928 1457 2978 Anglo
1486 2926 1681 2978 Haydono
1719 2929 1869 2966 scribit:

10 2982 40 3002 ’·
111 2982 244 3031 „Deus
281 2996 343 3022 me
383 2997 430 3024 ex
466 2986 700 3024 astronomia
736 2986 932 3037 expediat,
971 2991 1015 3025 ut
1051 2985 1101 3025 ad
1140 2998 1269 3025 curam
1309 2987 1433 3035 operis
1468 2986 1543 3023 mei
1582 2984 1630 3024 de
1658 2985 1872 3024 Harmonia

107 3038 244 3079 Mundi
265 3045 504 3091 convertar«,
536 3048 574 3082 et
603 3042 722 3090 addit,
752 3046 877 3082 animo
908 3056 949 3083 se
979 3045 1170 3090 statuisse,
1200 3043 1275 3082 hoc
1299 3054 1395 3092 opus
1414 3042 1566 3081 Jacobo
1589 3043 1754 3093 Angliae
1772 3043 1872 3092 Regi

111 3097 299 3138 dedicare.
370 3099 456 3139 Hac
491 3100 656 3151 epistola
693 3100 856 3151 aliisque
892 3102 1001 3141 affert
1039 3101 1229 3151 quaedam
1259 3099 1306 3139 de
1335 3104 1559 3150 argumento
1587 3101 1703 3151 hujus
1732 3103 1870 3152 operis,
