1988 3276
823 131 1098 169 de'Harmonia.
1797 132 1848 171 61

74 252 265 302 quaestio.
320 249 509 302 Epilogus
539 252 665 302 capite
692 249 748 290 X.
779 249 933 290 videtur
961 251 1217 290 attentionem
1244 254 1441 298 moturus3
1478 246 1633 299 qualem
1660 247 1701 285 in
1729 246 1851 286 Terra

72 320 217 361 ponam
250 308 475 349 heultatem
511 307 736 356 animalem,
783 309 846 349 cui
883 314 1109 348 concreatus
1147 309 1350 347 instinctus
1393 304 1632 358 percipiendi
1668 310 1851 356 aspectus

73 369 157 408 aina
185 366 383 416 discursu,
427 366 469 406 id
498 379 547 407 ex
573 367 672 407 libro
700 365 771 406 IV.
802 371 924 418 patet.
983 366 1077 406 Jam
1106 365 1356 407 harmonicae
1385 376 1496 405 meae
1518 368 1611 404 sunt
1640 363 1740 403 inter
1767 374 1855 402 mo·-

72 431 138 465 tus
162 425 426 477 planetarum,
466 429 656 476 quatenus
684 424 742 463 illi
771 437 819 465 ex
847 424 939 464 Sole
969 430 1171 476 apparent,
1208 428 1299 464 sunt
1339 425 1456 474 igitur
1484 422 1655 470 solares,
1691 426 1731 461 et
1758 420 1852 460 har-

71 485 248 524 monicae
273 485 358 523 sine
385 490 513 523 mente
541 495 620 524 non
648 488 750 532 sunt,
780 482 918 522 saltem
946 494 1024 522 non
1054 485 1137 522 sine
1167 484 1363 530 instinctu,
1395 481 1531 520 similis
1560 479 1618 519 illi
1647 481 1688 518 in
1707 479 1851 518 Terrae

73 541 230 582 animali
258 541 454 590 facultate,
485 543 553 592 qui
581 543 711 582 anima
738 540 872 580 mundi
900 540 976 580 dici
996 545 1136 592 potest,
1168 540 1216 580 de
1237 552 1315 591 qua
1344 540 1461 579 etiam
1482 540 1520 577 in
1540 537 1639 578 libro
1662 537 1709 576 de
1730 536 1855 577 Stella

71 598 197 639 Nova.
255 600 336 639 Aut
366 599 474 639 Deus
505 600 560 639 ibi
587 601 671 651 ipse
701 599 938 639 domicilium
967 598 1097 648 habet,
1129 603 1198 638 aut
1226 603 1375 639 mentes
1395 597 1565 648 aliquae,
1597 595 1733 646 quales
1763 601 1854 634 sunt

75 664 274 697 creaturae
301 659 455 708 generis
482 657 641 697 humani
678 659 720 696 in
749 657 891 697 Terris.
952 656 1158 708 Objectum
1198 659 1300 696 enim
1329 656 1566 696 Harmoniae
1601 665 1678 693 non
1714 653 1854 693 frustra

71 715 216 755 tactum
231 720 324 765 est,
354 715 424 756 sed
453 715 505 755 ad
533 715 765 756 movendam
794 715 966 767 aliquam
995 722 1211 756 creaturam
1243 714 1436 754 idoneam.
1494 713 1582 752 Deo
1612 722 1703 751 vero
1732 715 1851 751 natu-
1897 760 1902 766 .

70 771 153 813 rale
179 772 302 813 veluti
331 779 370 813 et
399 773 635 814 ordinarium
664 774 881 814 adscribere
910 774 948 811 in
971 773 1063 814 Sole
1086 773 1333 822 domicilium,
1365 777 1498 812 contra
1519 770 1634 810 fidem
1653 774 1729 819 est,
1762 770 1854 821 quia

73 832 107 870 is
135 831 301 883 ubique,
330 833 371 870 in
401 831 510 872 coelo
539 844 633 873 vero
662 838 745 872 toto
773 831 1006 883 generaliter
1034 844 1103 883 per
1130 831 1296 883 gloriam
1334 836 1374 871 et
1401 830 1659 880 majestatem.
1718 827 1854 868 Relin-

73 890 222 940 quitur,
265 895 308 929 ut
336 890 509 941 aliquam
538 891 767 931 rationalem
797 892 838 929 in
867 889 986 942 globo
1015 889 1117 930 Solis
1148 895 1362 929 creaturam
1391 888 1559 928 incolam
1592 886 1731 927 saltem
1760 897 1855 926 con-

70 945 312 998 jecturaliter
339 960 625 1000 supponamus,
656 960 757 1000 quae
787 954 916 989 tamen
946 959 1023 987 non
1052 950 1104 988 sit
1134 948 1270 988 eadem
1297 959 1385 987 cum
1413 947 1603 992 humana,
1632 944 1702 985 sed
1730 946 1855 995 magis

72 1005 286 1046 intellectui
314 1006 481 1059 simplici
510 1006 658 1057 similis,
690 1019 808 1058 quam
837 1007 977 1046 rationi
1006 1007 1271 1056 ratiocinanti,
1302 1011 1346 1045 ut
1373 1005 1475 1045 solet
1501 1004 1628 1053 homo,
1659 1004 1752 1054 quia
1779 1003 1855 1042 ho-

73 1064 167 1102 mini
193 1069 322 1104 motus
353 1064 497 1106 Terrae
528 1077 678 1105 annuus
717 1067 819 1105 circa
848 1065 979 1105 Solem
1015 1076 1085 1116 pro
1114 1064 1243 1104 medio
1274 1070 1335 1104 est
1363 1064 1638 1103 astronomiam
1678 1060 1853 1102 discendi

73 1132 143 1172 per
169 1121 404 1171 discursum,
441 1135 518 1174 quo
549 1123 677 1163 medio
716 1124 864 1163 solares
894 1128 1043 1172 carent,
1083 1123 1134 1163 ob
1164 1122 1267 1163 Solis
1297 1124 1466 1174 quietem
1496 1123 1535 1160 in
1566 1125 1706 1160 centro.
1767 1119 1854 1159 An—

74 1178 183 1230 gelos
213 1180 396 1230 dicerem,
436 1181 504 1221 sed
533 1181 591 1220 illi
636 1192 714 1220 non
743 1181 888 1222 habent
924 1182 963 1219 in
992 1181 1136 1221 mundo
1173 1181 1252 1221 tale
1282 1186 1427 1221 certum
1463 1178 1720 1227 domicilium,
1763 1179 1855 1229 quia

73 1242 165 1277 sunt
191 1237 366 1290 deputati
394 1239 445 1279 ad
475 1241 739 1279 ministerium.
796 1240 868 1279 Est
897 1241 1012 1290 igitur
1040 1244 1200 1279 naturae
1221 1238 1354 1291 aliqua
1373 1250 1475 1290 pars,
1504 1237 1666 1288 alligata
1684 1235 1780 1285 Soli,
1813 1241 1855 1276 ut

73 1295 249 1336 homines
278 1296 420 1337 Terrae
448 1299 599 1338 ratione
626 1309 850 1349 corporum,
891 1310 992 1348 quae
1021 1299 1056 1338 si
1086 1298 1217 1338 Solem
1248 1297 1482 1346 desererent,
1523 1296 1732 1336 harmoniis
1763 1294 1851 1343 illis,

75 1354 127 1393 ob
157 1365 256 1405 quas
284 1355 381 1395 talia
408 1356 631 1406 introduco,
662 1367 741 1396 non
769 1357 994 1395 fruerentur.
1052 1356 1134 1395 Nec
1163 1355 1306 1395 sufficit
1336 1355 1482 1404 dicere,
1519 1354 1739 1394 harmonias
1769 1353 1857 1393 illas

75 1423 163 1452 esse
198 1419 355 1465 propter
384 1413 594 1465 Keplerum
632 1419 673 1454 et
709 1416 777 1465 qui
813 1420 903 1465 post
941 1413 1050 1453 illum
1087 1413 1223 1454 lecturi
1264 1418 1354 1453 sunt
1390 1413 1467 1453 hoc
1501 1424 1612 1464 opus.
1668 1411 1770 1451 Nam
1807 1423 1856 1450 ne

75 1474 255 1521 upectns
284 1471 440 1522 quidem
482 1474 522 1511 in
551 1472 680 1512 Terris
709 1471 879 1512 siderum
910 1478 1000 1512 sunt
1038 1478 1195 1524 propter
1224 1472 1330 1512 solos
1359 1477 1620 1520 astronomos,
1660 1470 1731 1510 sed
1759 1470 1856 1508 insi-

74 1534 198 1568 nnant
225 1541 269 1570 se
295 1530 526 1580 generaliter
555 1531 757 1579 omnibus,
796 1532 914 1570 etiam
943 1532 1115 1580 rusticis,
1154 1542 1222 1582 per
1255 1529 1447 1570 occultum
1477 1530 1721 1578 instinctum;
1760 1528 1857 1566 haec

77 1587 179 1626 enim
207 1592 268 1627 est
298 1590 358 1627 vis
387 1591 600 1640 genesium.
660 1589 819 1629 Interim
848 1589 1050 1639 diligenter
1079 1600 1215 1638 caveo,
1245 1600 1307 1628 me
1336 1588 1613 1639 intelligentias
1642 1587 1750 1626 Deos
1779 1597 1856 1625 non

79 1644 333 1695 introducere,
362 1657 435 1686 nec
463 1646 681 1697 theurgicas
709 1648 1002 1698 superstitiones
1031 1646 1221 1696 stabilire,
1252 1646 1323 1686 sed
1352 1646 1399 1685 de
1428 1645 1489 1685 his
1520 1645 1710 1697 conjicere
1738 1648 1782 1683 ut
1811 1643 1858 1683 de

76 1707 186 1753 parts
214 1708 388 1753 naturae,
420 1703 585 1754 denique
615 1710 764 1744 tantum
795 1703 893 1744 illud
921 1704 1035 1753 velle,
1065 1716 1136 1744 nos
1165 1704 1337 1744 nondum
1357 1715 1489 1744 omnes
1517 1708 1678 1743 naturae
1698 1701 1856 1741 thesau-

77 1771 142 1800 ros
170 1763 352 1812 angustia
382 1763 612 1813 cognitionis
640 1768 796 1802 nostrae
826 1762 1073 1812 exhausisse,
1113 1762 1182 1802 sed
1209 1762 1338 1802 adhuc
1365 1762 1477 1814 plura
1513 1763 1552 1800 in
1582 1759 1726 1800 mundo
1757 1772 1854 1808 esse,

78 1829 178 1868 quae
206 1821 436 1859 nesciamus.
494 1820 608 1868 Dico,
638 1832 716 1859 non
745 1822 894 1869 mirum,
926 1821 959 1859 si
990 1822 1076 1871 quis
1107 1822 1163 1860 ita
1190 1822 1368 1869 somniet,
1398 1819 1495 1859 nihil
1516 1818 1694 1859 absolute
1714 1823 1857 1858 statuo.

76 1874 190 1917 Haec
217 1888 369 1917 summa
398 1882 479 1927 est,
510 1883 553 1917 tu
582 1879 615 1917 si
645 1880 777 1918 statim
806 1880 1069 1930 rescripseris,
1106 1880 1250 1930 poteris
1278 1890 1396 1930 super
1423 1878 1498 1918 hac
1525 1890 1567 1918 re
1597 1889 1658 1918 me
1689 1882 1859 1928 tempore

77 1945 256 1985 monere;
294 1937 360 1974 vix
398 1937 500 1976 enim
529 1941 618 1976 ante
659 1938 685 1975 4
713 1933 952 1988 septimanas
992 1936 1044 1976 ad
1079 1936 1190 1976 illum
1225 1936 1353 1976 locum
1393 1938 1552 1977 venient
1588 1947 1748 1987 operae,
1792 1939 1859 1974 aut

76 1998 207 2043 potest
233 1995 351 2032 etiam
381 2006 459 2033 una
488 1997 631 2046 pagina
660 1998 810 2035 mutari.
867 1995 929 2034 De
958 1994 1202 2035 Harmonicis
1231 1995 1438 2044 hactenus3
1468 1995 1618 2033 initium
1647 1994 1723 2033 hoc
1752 1993 1859 2032 fece-

78 2061 163 2089 ram
193 2049 345 2090 dicendi
387 2052 435 2092 de
467 2055 710 2092 cunctatione
739 2065 827 2093 mea
864 2054 903 2091 in
936 2054 1139 2104 operibus,
1183 2065 1281 2104 quae
1322 2054 1395 2092 sub
1424 2053 1605 2092 manibus
1635 2051 1774 2091 habeo.
1805 2073 1860 2080 -

79 2106 169 2139 Haec
190 2112 372 2148 sequuntur
395 2111 623 2142 excusationes
648 2112 883 2154 cunctationis,
916 2120 997 2150 quas
1021 2121 1122 2152 supra
1146 2111 1300 2144 diximus.
1350 2109 1526 2142 Conclusio
1552 2113 1663 2141 autem
1685 2110 1858 2141 literarum

79 2159 162 2190 haee
195 2163 260 2192 ost:
289 2156 425 2205 Mitto,
457 2169 570 2207 quem
599 2159 716 2208 petis,
746 2158 887 2197 librum
917 2158 965 2197 de
994 2158 1116 2198 Stella
1144 2158 1274 2207 Nova,
1305 2159 1478 2198 invenies
1511 2160 1551 2196 in
1581 2168 1627 2196 eo
1656 2158 1758 2195 vivis
1790 2167 1858 2195 co-

31 2263 41 2268 ·
78 2211 226 2252 loribus
265 2213 457 2265 depictum
486 2215 541 2254 M.
571 2215 783 2254 Antonium
811 2216 859 2256 de
888 2216 1068 2256 Dominis
1097 2221 1140 2262 (Ι.
1157 2219 1249 2266 659),
1281 2218 1347 2266 qni
1387 2217 1438 2262 si,
1482 2220 1526 2254 ut
1566 2216 1757 2264 scribitur,
1789 2226 1858 2253 oc-

81 2269 191 2320 cidit,
222 2271 451 2312 annihilavit
479 2280 519 2312 et
547 2279 708 2313 conatus
738 2285 831 2313 suos
860 2286 1023 2325 magnos
1053 2268 1092 2314 et
1119 2286 1247 2313 meum
1276 2275 1577 2325 prognosticum.

194 2329 307 2368 Finio
335 2330 491 2370 tandem
520 2342 692 2382 rogoque
721 2332 782 2371 Ill.
814 2332 930 2383 Dign.
963 2332 1108 2382 Tuam,
1146 2334 1260 2382 aequi
1290 2332 1459 2382 bonique
1490 2330 1666 2370 consulat
1694 2331 1860 2368 rustica-

85 2396 157 2425 nos
187 2390 227 2426 et
255 2386 405 2427 literam
435 2394 474 2428 et
503 2401 639 2429 sensus
667 2401 893 2441 moresque;
922 2389 1012 2441 plus
1033 2390 1212 2441 equidem
1241 2391 1276 2430 ei
1297 2390 1559 2429 venerationis
1576 2388 1711 2437 debeo,
1743 2400 1860 2438 quam

80 2443 162 2483 ulla
190 2444 331 2484 calami
360 2447 612 2486 verborumve
642 2447 834 2498 elegantia
861 2454 1058 2499 praestare
1087 2460 1258 2500 possum,
1291 2458 1415 2498 eoque
1432 2447 1634 2487 consilium
1664 2459 1689 2485 a
1720 2445 1860 2497 despe-

81 2503 228 2570 ratium
259 2504 343 2554 cepi
374 2515 600 2555 omnemque
640 2512 817 2545 ornatum
847 2518 1057 2557 omnesque
1096 2507 1301 2546 verborum
1338 2507 1575 2545 ceremonias
1603 2506 1779 2555 seposni,
1819 2509 1862 2541 ut

81 2562 470 2660 zmssuaepgqosme
509 2563 781 2614 impedimento
824 2564 1097 2615 depromerem.
1156 2563 1269 2604 Vale.
1329 2565 1484 2603 Dabam
1514 2563 1637 2602 Lincii
1678 2563 1742 2601 13.
1776 2561 1860 2600 Cal.

197 2689 411 2722 Blanehus
435 2691 621 2731 respondit:
653 2692 703 2724 De
728 2695 819 2724 motu
843 2691 978 2730 Terrae,
1009 2694 1186 2733 postquam
1217 2690 1323 2722 divini
1352 2691 1403 2721 tui
1434 2689 1559 2728 ingenii
1589 2688 1744 2720 felicitate
1767 2686 1863 2727 plura

85 2732 281 2773 disseruisti,
304 2740 457 2768 maneant
481 2738 607 2778 omnia,
628 2747 735 2779 neque
759 2748 818 2778 ego
842 2739 878 2770 in
903 2738 1010 2778 capite
1033 2741 1090 2769 aut
1112 2739 1148 2768 in
1173 2737 1260 2769 calce
1284 2737 1393 2778 operis
1417 2734 1516 2766 aliam
1540 2735 1580 2766 de
1603 2743 1655 2765 me
1678 2732 1767 2773 apud
1790 2742 1861 2764 cre·

86 2778 180 2812 dulos
211 2786 244 2813 et
273 2783 443 2824 imperitos
474 2784 611 2816 facerem
645 2786 899 2816 excusationem.
946 2784 1197 2815 Dissimularem
1226 2783 1376 2822 silentio,
1408 2791 1493 2824 quae
1515 2783 1607 2812 tanto
1631 2780 1755 2811 Romae
1784 2782 1861 2810 sunt

85 2828 157 2857 aeta
179 2837 318 2861 rumore.
363 2830 453 2862 Satis
477 2834 526 2862 est
549 2839 723 2874 superque,
748 2840 878 2863 eausam
902 2839 996 2861 suam
1020 2834 1150 2862 coactos
1173 2830 1344 2861 sustinere.
1391 2828 1451 2860 Sin
1476 2826 1667 2868 disputandi
1690 2828 1862 2866 contemp-

84 2871 241 2915 hndique
263 2875 403 2908 facultas
427 2878 467 2908 ab
491 2876 682 2908 hominibus
704 2878 842 2917 tollitur,
865 2877 1018 2908 voluntas
1041 2885 1173 2918 quoque
1197 2880 1230 2907 et
1253 2877 1361 2906 anima
1386 2874 1532 2905 deleatur
1555 2873 1705 2904 humana.
1751 2871 1861 2912 Dege-

46 2956 53 2962 ,
85 2917 162 2950 bam
182 2920 315 2961 Romae,
339 2932 413 2954 cum
435 2925 646 2955 monumenta
674 2921 848 2963 Gopernici
871 2923 984 2956 omnia
1007 2924 1143 2964 ejusque
1167 2931 1286 2954 nomen
1310 2929 1424 2961 pamm
1448 2920 1555 2950 abfuit
1578 2927 1620 2949 ne
1643 2916 1860 2950 abolerentur.

85 2961 183 3006 Dixi,
214 2976 300 3009 quae
317 2968 487 3008 Judicibus
519 2969 747 3010 displicerent,
777 2969 895 3011 adini,
929 2977 1013 3010 quae
1035 2969 1203 3007 ignorent,
1236 2977 1334 3009 posse
1365 2966 1518 3007 relinqui.
1565 2964 1650 3003 Ergo
1681 2973 1748 2996 non
1780 2965 1860 2995 adeo

85 3010 211 3050 rigidus
235 3013 298 3055 fui,
322 3017 361 3046 ut
382 3024 527 3058 unquam
552 3015 694 3046 Telluris
716 3018 842 3046 motum
866 3015 1104 3046 affirmantibus
1127 3015 1189 3045 sim
1214 3015 1413 3045 obversatus.
1454 3012 1522 3042 Vix
1544 3019 1678 3051 possum
1702 3011 1863 3042 contineri

87 3054 122 3086 it
146 3060 374 3100 exspectandis
397 3064 464 3093 tuis
487 3061 710 3103 Harmonicis‚
744 3064 836 3091 tanta
857 3062 955 3093 ardeo
982 3061 1161 3101 cupiditate
1194 3064 1226 3091 et
1250 3058 1404 3091 studendi
1434 3059 1520 3088 libro
1546 3060 1578 3088 et
1602 3065 1640 3088 ea
1663 3057 1860 3098 excipiendi,

88 3109 172 3144 quae
195 3105 236 3139 de
258 3107 318 3139 illo
343 3109 527 3149 scrupulosi
548 3110 685 3149 possent
707 3107 875 3138 blaterare.
913 3107 975 3138 Per
990 3107 1208 3147 petulantiam
1228 3108 1295 3145 jam
1313 3105 1408 3136 video
1433 3103 1593 3145 quosdam
1616 3104 1743 3135 fortiter
1756 3104 1862 3135 motui
