1988 3276
113 145 166 184 70
615 138 805 185 Epistolae
829 139 977 185 Kepleri
1000 139 1221 185 aliorumque
1244 143 1391 176 mutuae

111 262 296 301 terminos
328 259 529 312 explicem.
569 259 631 298 Tu
661 260 842 309 vicissim,
874 259 943 298 ubi
973 269 1040 298 eos
1069 270 1158 298 mea
1188 269 1304 310 opera
1335 259 1525 309 didiceris,
1555 271 1706 300 mecum
1732 259 1774 297 in
1795 269 1898 298 ‘con-

113 319 405 371 templationem
433 318 634 358 incumbes
664 318 989 369 metaphysicam,
1031 318 1092 356 cui
1121 318 1353 366 geometrica
1382 320 1458 357 ista
1484 317 1706 358 famulatur.
1764 315 1899 356 Nodus

111 379 263 417 solutus
294 381 353 416 est
382 376 634 416 Harmonices
671 376 770 415 libro
801 376 850 415 V.
881 377 922 414 in
951 378 1071 426 marg.
1111 375 1195 413 folii
1226 376 1321 414 218.
1345 383 1428 420 (cap.
1454 380 1511 413 IX.
1535 389 1645 422 propr.
1675 377 1741 423 12).
1799 375 1899 420 Nam

112 438 211 476 inter
242 446 494 487 quascunque
526 435 622 474 duas
652 436 891 485 quantitates
921 438 980 473 est
1009 435 1219 485 proportio,
1252 435 1335 472 sive
1366 432 1527 472 sensiles
1556 433 1622 473 vel
1652 434 1784 484 quasi,
1814 434 1899 473 sive

111 494 322 543 mentales3
355 493 440 533 dico
471 493 536 533 vel
565 494 688 543 quasi,
719 498 762 532 ut
794 492 890 532 duas
920 492 1055 541 lineas,
1089 491 1186 530 duas
1217 491 1449 543 superficies,
1482 490 1559 531 duo
1591 502 1770 547 corpora,
1802 490 1900 531 duos

114 555 231 593 etiam
261 563 458 601 numeros,
503 553 596 602 quia
626 553 664 590 in
696 555 882 602 quantum
912 552 941 589 ii
970 554 1240 601 comparantur
1276 551 1462 598 invicem,
1502 551 1670 590 unitates
1705 554 1901 602 ponuntur

111 612 254 651 habere
283 612 380 650 inter
410 622 452 649 se
471 610 670 661 aequales,
702 614 746 649 ut
774 609 909 649 lineas.
949 608 1026 648 Hic
1047 610 1174 660 igitur,
1207 619 1293 647 curn
1317 608 1403 647 dico
1425 609 1709 661 proportionem
1729 607 1899 661 duplam,

111 670 278 722 triplam,
309 668 564 721 sesquiplam‚
601 680 678 708 vox
708 669 904 720 proportio
943 667 1062 707 habet
1091 678 1246 706 sensum
1276 666 1496 706 absolutum
1535 670 1574 706 et
1601 666 1646 706 fit
1670 666 1753 717 jam
1783 668 1901 706 etiam

111 730 198 781 ipsa
228 728 426 779 quantitas
456 727 590 777 aliqua
620 728 659 764 in
690 726 881 766 infinitum
911 725 1087 775 dividua,
1119 725 1187 765 sed
1217 725 1316 764 11300
1346 726 1542 775 quantitas
1572 730 1631 766 est
1660 724 1746 764 sola
1773 728 1901 764 mente

112 785 480 838 comprehensibilis,
522 797 723 836 nunquam
752 796 890 834 sensu,
930 796 979 824 ne
1019 786 1056 822 in
1088 784 1250 824 materia
1280 783 1449 834 quidem.
1510 783 1608 823 Cum
1637 784 1754 834 igitur
1784 784 1900 822 etiam

111 845 209 886 haec
238 845 420 884 absoluta
461 845 659 895 proportio
697 845 747 882 sit
785 843 918 893 aliqua
959 843 1178 893 quantitas,
1215 843 1411 893 accipiens
1442 841 1570 893 majus
1600 846 1639 881 et
1667 842 1814 880 minus:
1845 841 1900 888 fit,

111 908 155 944 ut
184 903 302 943 etiam
332 901 433 941 duae
463 901 560 941 tales
591 902 860 954 proportiones
890 902 988 940 inter
1016 913 1058 940 80
1089 901 1238 952 possint
1268 901 1503 952 comparari3
1532 899 1623 940 hinc
1651 900 1781 939 existit
1809 911 1902 950 pro-

112 962 237 1014 portio
268 962 560 1012 proportionum
592 964 631 1000 et
661 959 708 999 de
735 959 809 999 hac
837 959 978 1010 loquor
1008 970 1080 1009 ego
1111 959 1198 998 loco
1230 958 1414 1009 allegato.
1460 960 1568 1003 (Quas
1602 965 1785 1006 sequuntur
1815 963 1901 994 rere-

112 1026 215 1058 renda·
239 1027 316 1056 sunt
339 1024 384 1054 ad
407 1024 604 1064 Epitomen.)

229 1074 276 1131 3)
308 1076 461 1115 Musica
481 1075 660 1115 coelestis
680 1087 758 1114 non
779 1087 826 1115 ex
846 1075 954 1127 praxi
974 1075 1136 1114 canendi
1157 1076 1316 1126 agnosci
1337 1073 1462 1124 debet,
1494 1073 1562 1114 sed
1582 1085 1630 1113 ex
1648 1073 1809 1124 theoria,
1841 1075 1901 1114 cui

113 1136 249 1175 musici
279 1136 365 1174 soni
404 1138 442 1173 et
481 1133 674 1173 distinctio
705 1145 888 1184 generum
919 1137 1055 1173 cantus
1096 1133 1180 1172 duri
1220 1137 1258 1173 et
1286 1133 1415 1172 mollis
1446 1134 1660 1172 innituntur
1689 1137 1728 1172 et
1759 1132 1900 1173 sufficit

113 1192 416 1234 monochordum
445 1193 502 1231 sic
533 1191 721 1244 divisum,
762 1196 806 1230 ut
833 1192 933 1231 libro
964 1191 1036 1231 III.
1070 1191 1253 1231 dividitur
1282 1192 1402 1231 semel
1431 1193 1471 1230 in
1503 1193 1551 1238 2,
1591 1190 1761 1231 secundo
1791 1192 1831 1229 in
1863 1193 1901 1238 3,

114 1254 227 1292 tertio
257 1253 297 1290 in
328 1253 366 1300 4,
399 1255 536 1301 quarto
567 1252 605 1288 in
639 1251 677 1299 5,
708 1252 842 1300 quinto
873 1252 912 1288 in
945 1251 982 1298 6,
1014 1249 1054 1288 id
1085 1255 1143 1289 est
1174 1261 1241 1302 pro
1274 1251 1452 1289 omnibus
1476 1251 1498 1288 5
1531 1249 1682 1289 vicibus
1711 1249 1832 1290 semel
1863 1250 1902 1288 in

118 1312 189 1350 60:
223 1315 266 1349 ut
295 1309 442 1348 scilicet
473 1321 520 1348 ex
550 1309 770 1361 pulsatione
800 1309 923 1348 totius
951 1313 989 1348 et
1011 1310 1178 1359 partium
1207 1308 1444 1360 singularum
1474 1307 1699 1348 harmonica
1729 1313 1903 1349 contem-

115 1371 263 1421 peratio
294 1369 446 1406 aurium
471 1366 620 1417 judicio
653 1367 893 1418 comprobari
923 1369 1059 1418 possit.

234 1426 448 1477 Apotomas
470 1430 507 1465 et
526 1426 710 1474 binomia,
743 1437 765 1464 o
796 1426 909 1475 bone,
939 1426 1081 1464 frustra
1110 1427 1148 1463 in
1178 1425 1293 1464 rebus
1324 1425 1529 1464 sensilibus
1549 1435 1759 1475 agnoscere
1787 1424 1903 1465 labo-

115 1497 198 1533 ras3
229 1485 305 1523 hoc
339 1485 439 1523 enirn
469 1484 626 1535 perinde
658 1488 727 1531 est,
759 1495 805 1522 ac
836 1485 869 1522 si
900 1495 1121 1523 enumerare
1142 1484 1329 1532 nitereris,
1362 1495 1461 1533 quae
1483 1487 1572 1521 sunt
1592 1484 1900 1523 innumerabilia.

116 1543 218 1582 Sane
249 1543 390 1582 sentire
422 1541 521 1588 εἶδος
550 1543 797 1592 quantitatis,
837 1546 896 1581 est
926 1542 1010 1592 ejus
1040 1543 1208 1580 unitates
1238 1540 1524 1592 quodammodo
1554 1552 1795 1591 enumerare,
1835 1547 1905 1582 aut

115 1614 194 1641 non
226 1603 412 1641 sentietur
443 1615 486 1640 το
519 1600 636 1648 εἶδος,
678 1599 747 1639 sed
787 1600 913 1638 solum
953 1599 1152 1639 materiale
1194 1601 1432 1650 quantitatis.
1492 1599 1712 1652 Apotomae
1743 1604 1781 1640 01
1809 1601 1904 1640 talia

117 1664 208 1699 sunt
237 1659 462 1707 ineffabilia,
493 1657 639 1711 ἀλογα,
679 1664 787 1696 muta
817 1670 941 1708 eoque
972 1664 1010 1697 et
1041 1657 1239 1697 insensilia
1269 1657 1430 1708 solaque
1459 1664 1586 1697 mente
1617 1658 1903 1711 comprehensi-

116 1718 211 1757 bilia
241 1723 278 1757 et
309 1717 383 1756 hoc
412 1718 566 1755 nomine
599 1718 753 1755 omnino
787 1718 937 1768 λογικα,
970 1721 1103 1755 0011113
1134 1728 1250 1767 11113111
1279 1716 1382 1755 131118
1415 1715 1635 1767 septanguli
1667 1720 1763 1767 etc.,
1796 1717 1903 1768 quod

117 1788 194 1816 non
226 1781 375 1815 tantum
405 1787 483 1814 non
514 1776 729 1820 enunciari,
770 1774 838 1813 sed
868 1786 916 1813 ne
947 1779 1074 1814 mente
1105 1774 1261 1825 quidem
1291 1774 1562 1827 comprehendi
1593 1780 1744 1828 potest,
1785 1787 1902 1827 quam

116 1835 278 1884 longum
307 1835 358 1873 sit
388 1845 489 1872 nexu
519 1833 651 1884 aliquo
684 1845 731 1873 ex
762 1833 949 1872 diametro
982 1833 1113 1873 circuli
1143 1832 1326 1884 pendens.
1388 1833 1546 1872 Rectius
1578 1833 1762 1883 dixisses,
1799 1834 1903 1874 latus

118 1892 337 1943 septanguli
368 1903 453 1931 0880
482 1903 560 1930 11011
590 1896 740 1930 1311111111
770 1891 1154 1931 incommensurabile
1185 1891 1393 1940 diametro,
1436 1890 1504 1930 sed
1535 1893 1570 1930 ei
1609 1891 1723 1942 plane
1753 1893 1904 1932 incom-

117 1949 371 1994 municabile,
411 1961 537 1999 neque
580 1950 696 1988 effatu
735 1960 861 1999 neque
901 1949 1121 1989 definitione
1161 1949 1332 1989 mentali.
1392 1949 1474 1987 Etsi
1505 1960 1658 2000 propos.
1692 1950 1760 1990 45.
1793 1951 1905 2001 primi

119 2008 375 2047 Harmonices
406 2008 589 2058 probavi,
631 2019 680 2046 ne
718 2006 824 2046 illam
855 2006 1011 2057 quidem
1043 2008 1448 2052 communicationem,
1489 2018 1589 2057 quae
1629 2012 1688 2046 est
1714 2008 1904 2047 linearum

118 2066 433 2117 septangularum
463 2066 623 2104 seorsim
652 2067 751 2104 inter
782 2077 846 2110 se,
878 2065 1051 2104 sufficere
1082 2064 1132 2103 ad
1163 2063 1461 2104 construendum
1493 2065 1766 2116 septangulum
1797 2071 1905 2106 extra

120 2125 321 2164 circulum:
363 2128 406 2162 ut
442 2124 497 2162 sic
536 2123 644 2162 nulla
683 2123 750 2162 fiat
779 2123 919 2173 injuria
949 2122 1201 2174 septangulo‚
1243 2124 1278 2161 si
1315 2134 1392 2161 non
1430 2127 1581 2162 tantum
1618 2124 1811 2164 adimatur
1848 2124 1905 2163 illi

121 2183 416 2223 communicatio
449 2193 534 2220 cum
567 2181 767 2229 diametro,
799 2180 867 2220 sed
898 2182 1014 2220 etiam
1045 2182 1167 2220 omnis
1199 2181 1354 2220 omnino
1378 2182 1502 2232 λογικη
1531 2193 1601 2220 seu
1631 2183 1810 2222 mentalis
1840 2194 1904 2222 es-

120 2243 258 2287 sentia,
290 2245 398 2281 extra
419 2239 599 2279 circulum
621 2239 874 2288 considerata,
905 2244 948 2278 ut
968 2241 1089 2291 ipsius
1120 2251 1196 2278 esse
1216 2238 1482 2289 qualecunque
1512 2243 1662 2279 tantum
1691 2242 1744 2280 sit
1771 2243 1903 2290 inesse,

120 2300 236 2351 idque
266 2298 514 2338 materialiter
545 2302 705 2346 tantum,
737 2309 814 2336 non
830 2298 1052 2337 formaliter.
1093 2297 1249 2336 Infinita
1279 2302 1338 2336 est
1367 2297 1636 2349 symbolisatio
1666 2300 1785 2338 totius
1815 2299 1904 2350 phi-

119 2358 320 2410 losophiae
351 2358 391 2395 in
421 2356 480 2395 his
511 2356 812 2405 mathematicis,
855 2368 955 2406 quae
993 2356 1064 2395 tibi
1095 2359 1267 2394 occurret
1296 2367 1439 2406 magna
1469 2357 1600 2407 copia,
1643 2358 1711 2397 ubi
1740 2358 1904 2409 primum

121 2416 268 2456 aditum
307 2415 540 2466 perruperis,
581 2413 631 2453 ad
671 2413 898 2465 capiendum
933 2414 999 2453 lib.
1032 2414 1063 2453 Ι.
1095 2413 1361 2453 Η311110111008.
1423 2413 1627 2463 Quomodo
1666 2427 1758 2455 vero
1788 2420 1904 2455 notae

120 2475 234 2514 nobis
275 2474 422 2524 species
460 2472 662 2524 planorum
699 2473 959 2511 ordinatorum
999 2474 1038 2510 in
1080 2472 1221 2511 circulo
1262 2470 1377 2524 (quae
1413 2477 1503 2510 sunt
1540 2467 1732 2523 quaedam
1762 2473 1904 2514 εἰδωλα

121 2533 260 2572 mentis
292 2531 404 2570 oculo
435 2529 606 2584 sensilia)
637 2530 844 2570 exhibeant
873 2532 982 2569 varia
1012 2530 1187 2582 exempla
1214 2530 1351 2569 horum
1382 2530 1651 2580 ineffabilium,
1684 2543 1807 2582 eaque
1837 2543 1904 2584 per

122 2592 228 2642 ipsas
259 2601 395 2629 causas
426 2600 614 2639 geneseos
645 2600 758 2637 suae,
791 2588 829 2626 id
860 2594 953 2640 puto
983 2589 1039 2628 810
1060 2600 1144 2628 esse
1167 2588 1399 2639 explicatum
1429 2588 1496 2628 lib.
1518 2589 1550 2628 Ι.
1570 2589 1903 2639 Harmonicorum,

125 2654 169 2688 ut
200 2661 246 2688 ex
277 2648 355 2687 alio
388 2647 659 2686 commentario
691 2648 864 2696 conquiri
894 2658 965 2686 nec
996 2646 1162 2686 debeant
1190 2658 1262 2685 1100
1292 2647 1452 2697 possint.
1498 2647 1547 2687 Et
1576 2648 1667 2698 quia
1695 2647 1758 2687 hic
1786 2648 1904 2688 limen

123 2709 309 2757 focusque
341 2705 713 2745 characterisationis
743 2707 880 2743 mentis
909 2705 1101 2744 humanae
1140 2706 1335 2754 totiusque
1373 2710 1533 2745 naturae
1570 2706 1721 2745 animae
1758 2705 1904 2746 forma-

125 2777 285 2815 rumque
322 2776 346 2803 a
386 2768 514 2802 mente
554 2763 704 2802 divina:
749 2762 929 2801 adhortor
965 2767 1020 2812 10,
1062 2767 1105 2801 111
1147 2764 1302 2802 enitaris
1340 2763 1391 2801 ad
1428 2764 1495 2803 illa
1534 2763 1902 2814 comprehendenda.

123 2824 376 2862 Numerorum
406 2826 552 2861 attactu
583 2820 646 2861 vel
675 2822 899 2872 parcissimo
931 2821 994 2860 vel
1023 2820 1136 2872 plane
1167 2821 1272 2860 nullo
1305 2826 1363 2861 est
1400 2834 1519 2874 opus,
1559 2823 1781 2873 praesertim
1819 2821 1900 2870 illo,

126 2893 202 2930 quo
234 2882 418 2920 cossistae
448 2883 617 2919 utuntur.
676 2879 828 2926 Precor,
861 2879 968 2918 Deus
999 2884 1092 2918 vota
1122 2891 1208 2918 mea
1237 2884 1387 2919 tantum
1416 2879 1613 2929 secundet,
1643 2884 1686 2919 ut
1716 2883 1902 2931 quantum

125 2941 308 2989 temporis
338 2940 376 2977 in
408 2939 566 2978 cossicis
598 2941 656 2977 est
684 2937 873 2988 perditum
904 2949 927 2975 a
956 2936 1142 2989 plurimis,
1174 2942 1323 2977 tantum
1353 2939 1390 2975 in
1410 2938 1694 2989 perceptionem
1723 2938 1902 2978 mentalis

124 2995 275 3034 illarum
305 3008 428 3036 rerum
458 2997 649 3036 essentiae
679 2995 929 3046 impendatur.
980 2994 1044 3034 Sic
1075 2997 1175 3035 enim
1193 2996 1460 3049 philosophiae
1489 2995 1678 3036 culturam
1705 2996 1900 3048 publicam

128 3058 281 3094 auctum
311 3056 355 3093 iri
386 3066 578 3107 sperarem
608 3055 827 3095 accessione
856 3064 932 3092 non
963 3054 1250 3095 contemnenda.
1282 3077 1337 3085 —
