1994 3276
119 98 203 141 368
805 65 1003 134 Ptolemaei
1026 95 1233 136 Harmonia.

115 214 152 251 in
175 213 403 260 aequinoctio
427 213 536 260 facta,
561 214 773 260 aequaverit
795 213 1023 275 longitudine
1053 214 1123 251 hoc
1146 215 1377 252 intervallum
1402 217 1613 264 systematis
1632 221 1749 255 totum
1772 229 1795 254 a
1817 228 1919 265 pros-

116 267 388 304 lambanomeno
413 266 460 302 ad
483 271 609 312 neten,
643 272 708 304 aut
732 269 763 304 si
787 268 968 315 chartam,
1001 268 1038 303 in
1076 278 1147 313 qua
1181 269 1301 314 pictae
1336 270 1388 306 sic
1413 276 1498 308 sunt
1529 271 1686 308 chordae
1716 264 1920 317 quindecim

116 325 259 362 erectae
282 319 498 366 parallelae,
530 325 791 366 contorqueas,
825 321 877 357 sic
901 325 942 356 ut
965 321 1003 356 in
1028 331 1067 357 se
1098 325 1223 357 mutuo
1249 328 1447 368 congruant
1475 325 1860 371 proslambanomenos
1884 329 1921 360 et

116 384 230 419 mese,
254 378 342 409 tunc
367 378 408 409 ut
431 373 537 410 Aries
560 373 703 420 Librae,
730 375 781 410 sic
806 374 898 410 duae
921 374 1014 410 istae
1040 378 1222 410 extremae
1246 375 1317 421 ipsi
1340 387 1438 413 mese
1463 383 1710 424 opponentur;
1741 378 1918 414 subintel-

115 426 206 470 tige:
233 430 270 462 et
292 426 498 472 apparebit,
523 426 621 471 quod
646 432 729 463 ante
754 427 900 473 dictum,
927 427 1107 473 quomodo
1133 428 1273 474 species
1297 429 1473 475 diapason
1504 430 1665 477 undique
1691 431 1770 466 sine
1794 430 1920 467 discri-

115 478 212 514 mine
235 479 404 524 principii
427 482 464 514 et
487 478 569 515 finis
593 479 630 514 in
655 479 724 516 hoc
749 480 883 516 circulo
909 480 1139 525 systematico
1165 481 1347 527 designari
1368 483 1523 528 possint.

232 531 328 567 Nota
352 531 451 566 XIII.
500 531 637 567 Probat
667 533 774 568 tertio
805 532 1109 578 comparationem
1140 533 1236 569 hanc
1273 536 1479 580 systematis
1510 547 1592 572 cum
1628 536 1794 582 zodiaco,
1835 537 1920 582 quia

113 583 218 619 valde
241 584 439 629 probabilis
464 584 511 620 sit
534 584 597 621 illa
619 585 701 630 ipsa
724 586 963 630 oppositionis
988 585 1092 630 ratio,
1117 596 1211 630 quae
1236 589 1412 634 sequitur,
1438 589 1468 625 si
1493 588 1714 635 diagramma
1745 594 1918 636 systema-

114 638 162 673 tis
188 637 283 673 dicto
314 636 420 671 modo
446 636 588 681 redigas
612 637 650 672 in
675 637 859 673 circulum.
908 639 1019 674 Vides
1043 643 1182 684 autem,
1214 640 1461 678 Ptolemaeum
1493 653 1565 678 non
1587 642 1750 688 profiteri
1775 643 1919 679 demon-

115 690 325 735 strationes,
364 688 429 725 sed
453 689 582 725 saltem
605 690 893 736 probabilitates
941 691 1034 736 Etsi,
1069 701 1162 736 quae
1184 692 1261 737 jam
1286 693 1446 739 attingit,
1483 694 1800 730 demonstrationis
1824 695 1922 740 leges

114 743 220 779 facile
243 718 442 788 pati’untur.
491 737 681 789 oppositio
707 744 928 780 diametralis
953 749 1009 780 est
1032 746 1207 781 terminus
1232 746 1483 792 astrologicus,
1510 746 1606 783 idem
1629 746 1727 793 quod
1750 751 1919 793 aspectus

115 795 318 842 oppositus.

229 849 327 885 Nota
349 849 443 884 XIV.
491 849 633 895 Potest,
666 849 800 895 inquit,
833 850 929 886 circa
963 855 1150 896 aspectum
1182 851 1389 897 oppositum
1421 851 1562 897 concipi
1586 852 1773 897 proportio
1806 823 1918 898 dupla

113 902 208 938 inter
231 906 347 937 totum
373 900 546 937 circulum
576 905 613 937 et
635 902 812 937 utrumvis
838 902 1165 947 semicirculorum,
1193 915 1285 949 quos
1313 904 1542 950 distinguunt
1572 905 1667 941 iuter
1691 914 1731 940 se
1753 905 1921 961 planetae

115 955 292 1002 oppositi;
329 953 516 990 subsume:
555 954 650 991 sicut
681 954 1063 999 proslambanomenos
1095 966 1214 992 meses
1247 957 1284 993 in
1317 957 1389 992 hoc
1420 956 1651 1002 systematico
1677 957 1814 995 circulo
1847 954 1919 994 sibi

115 1008 323 1055 oppositae,
357 1017 455 1043 mese
481 1018 567 1043 vero
592 1013 696 1043 netes
722 1007 835 1053 dupla
859 1013 916 1044 est
939 1008 976 1044 in
1001 1009 1166 1045 tensione
1199 1019 1266 1055 per
1290 1019 1414 1045 omnes
1439 1009 1600 1054 aequali,
1631 1014 1668 1046 et
1693 1013 1919 1060 generaliter,

116 1063 209 1099 sicut
234 1061 402 1105 chordae,
427 1060 523 1096 inter
546 1071 638 1106 quas
664 1065 720 1096 est
745 1061 932 1107 diapason,
958 1073 1072 1107 aeque
1089 1067 1217 1098 tensae
1242 1068 1327 1098 sunt
1343 1063 1439 1098 inter
1457 1073 1496 1098 se
1513 1064 1756 1108 proportionis
1773 1066 1918 1112 duplae.

233 1116 330 1152 Nota
353 1115 429 1149 XV.
480 1115 570 1149 Prae
596 1114 725 1149 ceteris
750 1115 1094 1160 configurationibus
1119 1116 1312 1161 plurimum
1338 1119 1394 1151 est
1412 1116 1641 1160 aequalitatis
1666 1117 1702 1153 in
1718 1121 1919 1166 configura-

114 1169 214 1204 tione
239 1167 457 1213 diametrali3
485 1167 677 1204 subsume:
704 1166 798 1202 sicut
822 1168 931 1203 etiam
955 1168 1050 1203 inter
1075 1177 1184 1204 sonos
1208 1167 1578 1214 proslambanomeni,
1611 1180 1729 1207 meses
1754 1177 1791 1208 et
1815 1179 1918 1212 netes

117 1222 295 1268 quaedam
319 1221 418 1257 velut
441 1220 642 1266 aequalitas
675 1224 732 1254 est
756 1228 820 1255 seu
845 1220 1035 1266 identitas,
1071 1231 1154 1256 nam
1178 1221 1414 1257 intermediae
1441 1220 1603 1257 chordae
1626 1223 1843 1262 altrinsecus
1868 1227 1919 1262 di-

114 1276 301 1312 versisone
332 1278 534 1311 consonant
569 1277 632 1310 aut
662 1272 769 1318 plane
805 1271 1003 1308 dissonant.
1051 1272 1263 1317 Aequalitas
1295 1279 1465 1319 aspectus
1491 1275 1649 1320 oppositi
1672 1276 1763 1313 haec
1786 1283 1844 1315 est
1874 1290 1920 1316 ex

115 1327 208 1364 libro
233 1338 313 1364 meo
338 1328 401 1363 ΠΙ.
435 1327 495 1362 fol.
522 1328 568 1362 17
592 1326 707 1372 (139),
741 1326 826 1370 quia
855 1336 922 1370 per
955 1325 1169 1361 diametrum
1207 1331 1307 1362 totus
1344 1327 1500 1363 circulus
1533 1328 1704 1364 dividitur
1733 1329 1773 1367 in
1795 1335 1918 1376 partes

115 1381 206 1419 duas
230 1382 325 1417 inter
347 1391 388 1417 se
413 1380 596 1426 aequales,
619 1383 741 1416 cetera
764 1379 931 1424 figuralia
953 1379 1069 1416 latera
1093 1379 1260 1416 dividunt
1282 1380 1319 1415 in
1336 1379 1552 1427 inaequalia,
1576 1385 1617 1416 ut
1639 1375 1736 1418 latus
1753 1385 1920 1429 quadrati

114 1434 152 1470 in
177 1445 287 1470 unum
312 1438 349 1470 et
373 1433 442 1469 tria
466 1437 532 1469 etc.

229 1487 326 1523 Nota
350 1485 444 1522 XVI.
495 1484 647 1530 Quando
673 1485 829 1521 circulus
854 1495 919 1530 per
942 1484 1078 1530 figuras
1109 1485 1280 1522 dividitur
1304 1485 1341 1521 in
1365 1490 1506 1532 partes,
1539 1492 1772 1534 quotcunque
1795 1495 1919 1536 partes

113 1539 282 1585 aequales
306 1538 399 1574 fiunt
422 1548 466 1572 ex
491 1537 637 1582 circulo,
662 1537 814 1574 totidem
837 1537 946 1572 rectis
966 1538 1149 1573 subtensis
1168 1538 1356 1583 peragitur
1371 1535 1578 1586 inscripti03
1608 1545 1645 1576 et
1665 1552 1746 1577 cum
1764 1543 1918 1580 circulus

111 1592 149 1628 in
174 1592 264 1627 duas
291 1590 461 1636 aequales
494 1595 618 1636 partes
644 1595 700 1626 est
725 1590 958 1634 dividendus,
990 1589 1049 1625 hic
1081 1601 1151 1625 non
1187 1590 1296 1626 etiam
1321 1590 1462 1627 duabus
1487 1592 1616 1637 rectis,
1650 1595 1714 1631 sed
1744 1606 1816 1632 una
1841 1597 1919 1633 sola

112 1656 180 1691 per
205 1649 368 1681 centrum
393 1643 502 1680 ducta
527 1654 620 1689 opus
646 1649 712 1690 est,
739 1654 832 1688 quae
856 1643 1011 1689 repetita
1033 1643 1071 1678 in
1096 1654 1136 1679 se
1153 1644 1268 1688 ipsam
1289 1643 1459 1679 coincidit
1482 1644 1596 1691 fitque
1615 1651 1798 1692 potestate
1816 1649 1919 1698 duae

113 1702 198 1734 actu
227 1708 310 1733 una.
361 1695 615 1742 Subintellige·
648 1700 684 1731 et
716 1696 768 1732 sic
803 1696 911 1731 etiam
936 1706 975 1732 se
999 1706 1058 1732 res
1085 1695 1196 1731 habet
1220 1706 1301 1730 cum
1326 1696 1441 1741 sonis,
1476 1696 1652 1743 diapason
1684 1699 1918 1749 facientibus3

113 1761 195 1785 nam
219 1753 303 1795 post
327 1749 458 1785 multas
484 1748 725 1784 diversisonas
751 1748 1019 1794 consonantias,
1046 1758 1140 1808 quae
1165 1753 1250 1784 sunt
1267 1750 1312 1784 ab
1331 1749 1495 1796 unisono,
1521 1751 1667 1787 tandem
1685 1752 1920 1789 consonantia
1982 1739 1987 1752 ³

115 1803 288 1848 diapason
312 1801 355 1836 fit
377 1801 535 1837 identica
559 1801 841 1846 quodammodo;
868 1811 981 1837 sonus
1011 1801 1105 1836 enim
1135 1804 1264 1837 acutus
1299 1812 1380 1836 cum
1411 1802 1512 1846 gravi
1541 1803 1580 1838 in
1603 1803 1705 1840 idem
1722 1805 1851 1841 recidit
1882 1809 1920 1840 et
1986 1823 1991 1826 -

114 1854 377 1900 quodammodo
403 1854 526 1889 unitur
551 1854 594 1888 ei.

228 1919 328 1955 Nota
351 1918 464 1954 XVII.
511 1918 591 1953 Hoc
616 1917 703 1953 dicit
727 1927 807 1952 esse
831 1917 982 1962 primam
1008 1927 1155 1954 causam
1188 1929 1252 1955 seu
1276 1919 1491 1971 principium
1517 1921 1747 1966 aequalitatis
1770 1922 1917 1968 figurae.

113 1972 192 2007 Hoc
205 1971 326 2007 multis
343 1971 458 2006 modis
471 1975 595 2016 potest
606 1970 769 2016 intelligi,
793 1971 850 2006 vel
867 1970 1093 2016 generaliter,
1120 1971 1248 2016 quod'
1230 1985 1417 2015 εφαρμοσις
1440 1973 1510 2008 ista
1522 1977 1700 2008 rectarum
1713 1972 1918 2019 planorum-

115 2035 184 2069 que
210 2028 251 2060 ut
275 2029 310 2059 et
334 2023 548 2070 angulorum
580 2023 627 2058 sit
649 2023 865 2068 principium
891 2023 1162 2060 demonstrandi
1193 2025 1448 2069 aequalitatem
1479 2025 1714 2070 figuratarum
1741 2027 1920 2070 quantita-

113 2083 189 2112 tum
214 2077 407 2123 planarum
431 2076 639 2121 praecipue,
665 2075 722 2111 vel
746 2076 783 2110 in
809 2075 929 2120 specie
955 2076 998 2111 de
1023 2076 1144 2120 lineis,
1177 2078 1273 2122 quod
1299 2088 1343 2112 ex
1369 2082 1493 2112 centro
1524 2077 1569 2115 ad
1594 2077 1918 2114 circumferentiam
1976 2066 1982 2075 ³

115 2134 152 2164 et
185 2129 237 2165 sic
268 2129 374 2165 etiam
407 2129 453 2165 ad
485 2128 654 2174 opposita
678 2132 814 2172 puncta
838 2139 1075 2173 quaecunque
1109 2130 1419 2166 circumferentiae
1456 2136 1578 2166 rectae
1611 2142 1735 2167 omnes
1759 2131 1854 2167 inter
1877 2141 1917 2167 se

114 2182 185 2217 sint
210 2182 459 2227 aequales,‘ut
482 2181 622 2226 figurae
646 2191 772 2216 vocem
798 2182 905 2215 etiam
931 2181 975 2215 de
999 2180 1095 2217 linea
1119 2184 1282 2228 accipiat.
1331 2183 1398 2218 Vel
1417 2183 1479 2228 sic,
1506 2183 1603 2228 quod
1622 2183 1712 2225 haec
1737 2185 1785 2220 sit
1808 2195 1920 2220 causa

115 2239 151 2268 et
174 2234 390 2280 principium
414 2233 648 2278 aequalitatis
674 2233 753 2278 ejus
778 2232 927 2278 figurae,
954 2243 1047 2278 quae
1072 2235 1227 2271 circulus
1246 2235 1395 2280 dicitur,
1421 2236 1638 2281 principium
1656 2236 1810 2282 quidem,
1835 2237 1919 2282 quia
1968 2234 1971 2235 ⁷

115 2287 271 2323 circulus
296 2287 510 2324 describitur
533 2287 753 2332 aequalitate
776 2287 886 2331 hujus
911 2286 1035 2322 lineae.
1083 2287 1151 2323 Vel
1176 2289 1238 2329 sic,
1272 2287 1367 2331 quod
1393 2287 1592 2332 aequalitas
1617 2287 1792 2324 linearum
1819 2289 1917 2335 (qua-

113 2340 158 2376 lis
190 2344 375 2385 spectatur
405 2341 513 2376 etiam
541 2340 636 2376 inter
668 2339 882 2375 diametrum
917 2345 953 2374 et
984 2349 1023 2374 se
1055 2339 1172 2399 ipsam
1195 2340 1399 2385 repetitam)
1432 2340 1479 2374 sit
1513 2340 1770 2386 principiorum
1795 2353 1916 2393 unum

117 2393 247 2438 quibus
272 2393 543 2429 constituuntur
568 2392 738 2453 aequales
763 2392 911 2453 figurae
960 2393 1028 2428 Vel
1053 2392 1115 2436 sic,
1142 2391 1237 2436 quod
1262 2391 1309 2436 id,
1336 2391 1431 2436 quod
1458 2392 1632 2428 diameter
1656 2404 1798 2439 semper
1821 2394 1916 2439 ejus-

116 2446 197 2481 dem
221 2450 277 2481 est
299 2445 553 2491 longitudinis,
591 2446 638 2481 sit
661 2445 876 2491 principium
909 2443 1177 2481 demonstrandi
1207 2443 1361 2488 figuram
1391 2444 1611 2490 regularem,
1645 2456 1738 2492 quae
1772 2446 1916 2482 demon-

116 2499 242 2534 stratio
268 2498 434 2534 consistit
457 2498 493 2534 in
519 2498 741 2542 aequalitate
765 2497 883 2533 lineae
907 2498 963 2532 vel
989 2497 1066 2541 ejus
1091 2497 1275 2543 potentiae
1310 2501 1345 2531 et
1370 2497 1536 2531 similium
1569 2509 1650 2532 cum
1675 2497 1783 2534 certis
1806 2499 1916 2543 parti-

114 2550 182 2586 bus
218 2550 392 2586 diametri.
445 2550 515 2586 Vel
546 2550 703 2594 denique
739 2549 947 2585 referuntur
982 2551 1073 2585 haec
1112 2549 1221 2585 verba
1257 2549 1301 2584 ad
1341 2550 1547 2596 sequentia,
1589 2561 1638 2586 sc.
1674 2551 1770 2595 quod
1798 2550 1915 2588 lineae

115 2608 257 2638 ceterae
280 2613 346 2647 per
369 2603 517 2648 planum
542 2601 667 2637 circuli
689 2601 879 2638 traductae
905 2601 1028 2637 circuli
1053 2601 1196 2646 quidem
1221 2601 1544 2637 circumferentiam
1577 2602 1615 2638 in
1637 2607 1761 2648 partes
1785 2613 1914 2648 aequa-

114 2655 166 2691 les
193 2655 412 2700 distinguere
436 2655 596 2701 possint,
622 2659 660 2690 at
683 2665 755 2690 non
781 2654 885 2690 simul
911 2660 947 2690 et
971 2654 1121 2700 planum
1146 2654 1285 2700 circuli,
1319 2655 1408 2690 haec
1434 2655 1609 2690 diameter
1632 2666 1717 2691 vero
1743 2660 1779 2691 et
1802 2657 1914 2692 circu-

115 2708 190 2743 lum
215 2712 251 2743 et
275 2708 423 2753 planum
447 2707 611 2743 similiter
634 2708 671 2742 in
696 2707 877 2751 aequalia,
910 2711 949 2742 ut
973 2708 1024 2750 ita
1049 2706 1204 2742 circulus
1239 2707 1298 2742 hic
1317 2707 1394 2751 jam
1419 2717 1529 2742 causa
1564 2707 1619 2743 sui
1644 2707 1752 2753 plane
1776 2707 1915 2744 dicatur

116 2760 241 2806 figura,
268 2765 304 2796 et
327 2760 466 2806 figurae
490 2759 691 2805 aequalitas
717 2759 764 2794 sit
787 2759 878 2794 haec
901 2759 980 2803 eJ'us
1005 2759 1156 2794 bisectio
1182 2759 1219 2794 in
1243 2759 1314 2794 duo
1338 2759 1446 2804 plana
1471 2759 1770 2796 semicircularia'.v

230 2814 326 2850 Nota
350 2813 483 2849 XVIII.
533 2812 670 2857 Quarta
694 2820 804 2847 causa
828 2810 1106 2856 comparationis
1132 2814 1187 2845 est
1203 2810 1312 2846 haec:
1339 2812 1376 2846 in
1393 2810 1530 2846 musica
1545 2812 1816 2847 consonantiam
1840 2810 1912 2847 dia-

115 2876 247 2910 pason.
272 2866 389 2912 qualis
415 2869 471 2900 est
494 2865 589 2900 inter
612 2874 734 2900 mesen
760 2866 797 2900 et
821 2867 1020 2907 extremas,
1046 2863 1083 2898 in
1108 2863 1304 2907 astrologia
1328 2873 1412 2898 vero
1437 2862 1756 2907 configurationem
1780 2863 1912 2899 diame-

114 2918 260 2962 tralem,
298 2917 414 2963 qualis
446 2921 503 2954 est
533 2917 628 2952 inter
651 2920 788 2962 puncta
819 2915 1112 2959 aequinoctialia,
1145 2926 1210 2960 pro
1245 2915 1452 2951 fortissimis
1478 2916 1635 2960 agnosci.
1682 2915 1911 2951 Ptolemaeus

115 2967 209 3004 hanc
230 2981 303 3005 non
327 2974 368 3005 ut
392 2968 537 3005 causam
562 2970 731 3015 proponit
754 2967 1044 3013 comparationiS,
1070 2967 1133 3002 sed
1158 2968 1227 3002 hoc
1243 2967 1361 3012 ipsum
1386 2977 1452 3002 ceu
1470 2968 1730 3003 consectarium
1747 2978 1792 3002 ex
1807 2975 1910 3011 prae-

115 3021 234 3057 missis
259 3023 495 3068 geometricis,
521 3023 634 3058 veluti
659 3021 778 3057 causis
804 3018 1053 3064 archetypicis,
1081 3019 1237 3055 deducit.
1286 3020 1387 3054 Haec
1403 3019 1514 3064 igitur
1539 3025 1594 3055 est
1609 3018 1764 3063 genuina
1786 3020 1910 3052 textus

116 3071 327 3110 Ptolemaici
349 3076 539 3122 sententia,
563 3076 600 3111 in
625 3086 707 3120 qua,
733 3078 906 3119 quantum
930 3072 1052 3108 favore
1077 3077 1245 3108 conatum
1268 3072 1467 3109 Ptolemaei
1490 3073 1527 3108 in
1544 3081 1675 3116 genere
1697 3080 1907 3116 prosequor,
