1994 3276
607 93 844 132 Harmoniae.
889 93 1000 132 Liber
1011 92 1078 131 ΙΙΙ.
1102 94 1220 140 caput
1234 92 1300 130 11.
1761 93 1842 145 lu

61 224 147 263 nus,
177 217 221 253 ut
248 218 390 255 octava
415 221 572 266 propter
600 214 841 257 identitatem
868 218 1220 266 repraesentaretur
1249 225 1275 252 a
1302 213 1429 264 prima
1443 211 1612 264 ⁴syllaba
1631 209 1693 249 Bo
1706 239 1721 263 ,
1748 207 1845 260 quid

62 283 211 323 quaeso
239 271 432 312 desiderat
458 273 498 310 in
526 273 661 312 literis
677 285 724 322 a,
766 273 814 324 b,
842 284 892 322 ο,
933 271 982 321 ά,
1011 285 1053 322 e,
1079 272 1124 323 t,
1158 284 1210 324 9,
1242 271 1325 322 iam
1355 269 1500 310 dudum
1529 271 1570 309 in
1598 268 1702 308 hunc
1730 278 1845 307 usum

61 329 257 383 receptis?

0 423 1 426 ,
177 387 275 429 Cum
310 389 427 438 igitur
463 387 539 428 hoc
568 387 684 428 modo
719 389 799 428 sint
834 392 951 428 natas
987 396 1056 427 sex
1084 386 1262 439 syllabae
1301 391 1460 438 propter
1501 384 1693 436 triplicem
1720 387 1845 423 tetra-

63 445 195 486 chordi
231 445 437 496 tormam,-
454 446 543 486 inde
581 452 674 487 nata
713 452 773 486 est
808 445 983 486 doctrina
1018 447 1279 485 mutationum
1325 457 1395 496 per
1437 444 1583 483 scalam
1619 441 1848 507 musicalem

63 503 296 552 modernam,
330 516 432 555 quae
462 505 637 545 doctrina
663 503 906 544 solummodo
936 506 1038 543 circa
1066 503 1240 556 syllabas
1269 503 1343 542 has
1355 532 1368 554 ,
1406 503 1528 542 literis
1566 494 1744 553 superins
1775 511 1846 540 ex-

66 562 220 614 plicatis
249 562 459 614 aptandas,
503 569 736 616 occupatur,
768 562 1012 613 ostenditque
1049 562 1263 614 superfluas
1291 560 1466 613 syllabas
1496 559 1591 608 Sol,
1627 561 1671 599 la
1709 559 1849 608 aequi-

64 620 209 672 pollere
238 620 428 661 interdum
456 622 589 672 primis
617 626 686 671 ut,
723 633 786 670 re,
830 620 1022 660 interdum
1061 619 1359 660 succedentibus
1372 648 1382 667 ‚
1423 630 1489 668 re,
1527 620 1605 667 mi,
1645 622 1688 656 ut
1721 617 1846 669 possit

62 678 251 719 interdum
280 685 389 719 extra
418 680 590 720 ordinem
619 685 659 719 et
685 680 769 718 sine
798 681 1012 719 mutatione
1042 684 1131 730 post
1159 678 1239 726 sol,
1270 679 1313 717 la
1343 677 1473 717 inferri
1499 677 1561 727 Ια.

1296 754 1626 782 attonita-t

275 805 311 840 1.
370 804 405 840 2.
452 805 487 840 3.
541 805 576 840 4.
623 806 656 841 5.
703 805 736 840 s.
798 805 832 839 τ.
895 804 928 839 e.
1065 817 1652 864 ῌ-,ἯΘὉ-

267 850 851 906 U‘mwwefssmwfflwfss
893 813 1652 925 Q

268 897 770 943 Ut,re‚m'‚ut,re‚m'‚
799 898 856 942 fa,
888 897 946 932 ni.

1089 942 1614 972 utramifasollafal·

174 1004 245 1044 Est
273 1015 367 1045 vero
397 1010 436 1044 et
463 1005 543 1045 alia
571 1004 764 1057 quaedam
785 1003 982 1044 dissimilis
1001 1006 1212 1046 similitudo
1240 1003 1585 1053 tetrachordorum,
1615 1002 1849 1043 fundamen-

2 1070 9 1080 ’
62 1068 144 1101 tum
173 1062 464 1103 assimilationis
494 1063 733 1103 diversarum
761 1061 1070 1104 modulationum
1098 1065 1199 1104 inter
1217 1075 1260 1103 se
1287 1063 1584 1111 concinentium,
1615 1072 1715 1112 quas
1733 1060 1850 1110 sugas

64 1128 103 1159 et
129 1119 359 1171 phantasias
386 1121 513 1161 solent
541 1122 751 1174 appellare.
809 1120 909 1160 Nam
939 1122 973 1159 si
1003 1134 1135 1163 sumas
1165 1120 1410 1162 tetrachorda
1440 1122 1626 1170 contigua
1662 1118 1850 1168 nulloque

63 1178 268 1218 intervallo
297 1191 323 1219 a
350 1191 393 1219 se
421 1181 588 1220 invicem
618 1180 835 1231 disjuncta,
874 1179 931 1218 sic
951 1184 1002 1219 ut
1030 1187 1147 1220 tonus
1176 1181 1302 1230 major
1337 1181 1506 1230 supersit
1535 1178 1586 1218 ad
1616 1176 1851 1229 implendam

64 1242 243 1276 octavam
271 1249 389 1289 supra
417 1238 482 1277 vel
511 1239 627 1288 infra,
668 1243 840 1278 occurret
883 1238 920 1274 in
953 1241 1067 1278 certis
1098 1238 1332 1290 quibusdam
1371 1243 1536 1277 octavae
1572 1235 1852 1288 systematibus

65 1323 131 1335 .—
657 1316 864 1337 ——-⁴——-0-
923 1299 1101 1348 utrinque
1129 1299 1249 1337 series
1279 1296 1416 1336 eadem
1448 1294 1741 1334 intervallorum
1770 1291 1852 1331 ele·

64 1309 865 1444 W
923 1358 1173 1403 memmium,
1209 1355 1285 1395 hoc
1318 1359 1378 1394 est
1413 1354 1725 1401 semitoniorum,
1767 1350 1852 1390 die-

681 1397 865 1425 t-—-
924 1416 1024 1453 sium
1054 1420 1094 1454 et
1121 1414 1365 1462 lemmatum3
1404 1418 1443 1452 et
1473 1413 1683 1451 assumitur
1711 1409 1763 1449 ad
1791 1408 1853 1447 al-

190 1460 349 1539 {sginum
388 1461 515 1517 'Toum
539 1485 724 1525 adjunctus
925 1478 1048 1511 teram
1085 1478 1200 1511 tonus
1229 1472 1371 1521 major,
1414 1475 1458 1510 ut
1492 1481 1565 1520 pro
1596 1473 1738 1519 quarta
1766 1466 1871 1507 effi·-

226 1511 399 1587 ὃῶῒω,
927 1532 1048 1568 ciatur
1068 1532 1214 1580 quinta,
1248 1535 1407 1580 quartae
1428 1528 1539 1567 alteri
1566 1524 1862 1577 quodammodo

158 1595 347 1644 ’ἠθικὴ
378 1555 445 1640 ἴτ’
469 1578 587 1611 ¹¹²¹¹¹⁰¹²
619 1555 689 1675 (Ξ
925 1589 1084 1642 similis,
1126 1594 1166 1627 et
1201 1587 1393 1627 melodiae
1430 1587 1550 1634 duae,
1589 1585 1713 1625 altera
1747 1585 1852 1634 prior

181 1627 211 1697 Ξ·
228 1646 455 1680 semitonium.
926 1651 1119 1696 tempore,
1159 1645 1407 1684 intervallum
1447 1644 1629 1694 diapente
1662 1643 1862 1693 superins„

183 1741 206 1760 ο
230 1692 449 1776 {⁶⁰³⁰u·}'1'.
475 1716 593 1758 major
620 1669 679 1756 l
927 1704 1050 1743 altera
1077 1705 1267 1754 posterior
1285 1709 1469 1754 tempore,
1500 1699 1747 1740 intervallum
1767 1699 1854 1738 dia-

183 1762 216 1820 Ξ·
231 1749 408 1832 8:323(
626 1760 627 1763 ’
657 1799 690 1820 m
927 1767 1102 1801 tessarou
1153 1761 1313 1801 iuferius
1360 1764 1606 1812 percurrunt,
1664 1759 1855 1810 posterior

183 1844 216 1871 .··.
232 1833 353 1865 Diesis.
384 1809 439 1877 ἰΤ
475 1818 591 1841 ¹¹¹¹¹²⁰¹²
649 1823 680 1868 ,ξ
927 1821 1096 1871 priorem
1131 1821 1360 1870 insequens,
1401 1824 1442 1858 et
1463 1829 1560 1868 „qua
1595 1816 1707 1865 licet,
1749 1815 1855 1854 illius

184 1862 216 1920 Ξ
231 1879 457 1911 Semitonium.
659 1871 689 1938 Ξ.
927 1884 1063 1929 typum
1093 1878 1203 1917 velut
1232 1878 1337 1916 illius
1367 1875 1523 1916 aemula
1542 1874 1736 1926 quaedam
1765 1875 1856 1911 imi-

185 1937 216 1980 :-
232 1926 357 1958 Semito
338 1928 449 2014 «ηιξΤ.
478 1952 594 1990 major
657 1943 680 1967 μ
928 1942 1029 1974 tans.

821 2166 1008 2235 CAPUT
1043 2159 1113 2212 x1.

570 2262 630 2298 De
666 2268 970 2309 systematum
1006 2261 1352 2307 compositione.

186 2378 271 2417 Etsi
301 2381 417 2418 unius
445 2380 612 2419 hominis
642 2393 720 2420 vox
750 2381 975 2432 plerumque
1005 2383 1104 2420 inter
1134 2381 1250 2418 unius
1281 2384 1445 2418 octavae
1475 2382 1649 2429 systema
1684 2379 1857 2425 vertitur,

73 2436 241 2487 plurium
272 2442 400 2475 tamen
430 2438 682 2477 melodiarum
712 2446 919 2478 concentus
950 2438 1063 2477 docet
1092 2445 1253 2477 octavas
1282 2437 1411 2487 plures
1434 2438 1637 2486 contiguas
1666 2435 1857 2475 ordinare.

75 2494 235 2534 Veteres
275 2496 408 2544 igitur,
447 2508 691 2536 numerorum
729 2498 998 2536 affectionibus
1029 2499 1159 2535 omnia
1188 2495 1433 2541 definientes,
1475 2493 1663 2545 diapason
1705 2493 1858 2544 epidia-

74 2556 188 2601 pente
217 2555 386 2591 numeris
420 2555 460 2599 1,
492 2556 541 2601 2,
573 2556 597 2593 3
629 2560 800 2606 systema
828 2556 1040 2606 perfectum
1071 2555 1347 2603 definiveruut3
1377 2553 1491 2591 nobis
1520 2564 1637 2603 supra
1666 2553 1859 2591 sectiones

73 2609 319 2649 harmonicae
361 2608 536 2659 singulae
575 2613 731 2662 singula
767 2613 1015 2652 reddiderunt
1052 2618 1283 2663 systemata,
1325 2622 1488 2661 quorum
1530 2615 1612 2649 erat
1648 2611 1857 2648 maximum

13 2675 28 2715 ,f
76 2666 581 2721 disdiapasouepidiapente,
612 2672 778 2709 numeris
813 2674 853 2718 l,
888 2672 934 2717 5,
969 2672 1015 2717 6,
1048 2673 1118 2708 etsi
1151 2672 1292 2708 nostris
1323 2670 1591 2719 componistis‚
1628 2675 1673 2705 ut
1701 2673 1859 2719 vocant,

27 2756 29 2763 ,
74 2724 184 2764 limes
212 2726 343 2764 nullus
374 2733 437 2774 est
460 2728 627 2775 positus,
669 2728 761 2766 dum
791 2729 979 2767 melodias
1010 2730 1256 2766 concinentes
1286 2726 1566 2776 multiplicant3
1605 2725 1711 2774 quod
1741 2726 1859 2764 etiam

26 2781 36 2814 ἶ
77 2782 235 2821 Creator
264 2784 371 2822 Deus
401 2786 439 2820 in
471 2788 820 2835 contemperatione
850 2792 1025 2825 motuum
1056 2786 1279 2826 coelestium
1310 2785 1487 2835 praeivit,
1518 2788 1728 2832 systemate
1754 2783 1857 2822 facto

77 2851 124 2878 ex
152 2847 301 2892 septem
332 2842 521 2891 diapason
561 2847 600 2880 et
637 2853 684 2881 eo
724 2843 902 2894 amplius.
962 2844 1226 2882 Veruntamen
1268 2844 1361 2892 quia
1388 2842 1453 2879 hic
1483 2842 1750 2890 componimus
1788 2854 1858 2892 sy-

77 2902 220 2946 stema,
250 2904 294 2936 ut
323 2910 455 2938 omues
485 2901 639 2938 omnino
672 2904 943 2941 consonantias
972 2902 1236 2952 speculemur,
1274 2899 1485 2950 perfectas,
1516 2899 1778 2948 imperfectas,
1807 2900 1858 2938 ad

78 2954 152 2993 hoc
182 2967 279 3007 opus
308 2957 502 2995 sufficiunt
532 2958 644 2995 nobis
675 2957 752 2996 duo
784 2958 972 3010 diapason
1001 2961 1040 2996 in
1070 2971 1189 2998 unum
1220 2958 1435 3008 composita
1465 2955 1723 3004 intervallum,
1753 2958 1859 3007 quod
1941 2998 1950 3009 ⁸

0 3028 1 3039 ¹
37 3030 44 3041 ·
76 3015 192 3053 stiam
221 3014 466 3055 Ptolemaeus
495 3015 705 3065 perfectum
726 3020 894 3067 systema
912 3016 1136 3069 appellavit,
1168 3018 1206 3053 in
1237 3017 1350 3062 hunc,
1383 3015 1449 3064 qui
1470 3014 1655 3064 sequitur,
1685 3014 1856 3054 modum.
