<?xml version="1.0" encoding="UTF-8"?>
<!DOCTYPE html PUBLIC "-//W3C//DTD XHTML 1.0 Transitional//EN"
    "http://www.w3.org/TR/xhtml1/DTD/xhtml1-transitional.dtd">
<html xmlns="http://www.w3.org/1999/xhtml" xml:lang="en" lang="en">
 <head>
  <title>
</title>
<meta http-equiv="Content-Type" content="text/html;charset=utf-8" />
  <meta name='ocr-system' content='tesseract 3.04.00' />
  <meta name='ocr-capabilities' content='ocr_page ocr_carea ocr_par ocr_line ocrx_word'/>
</head>
<body>
  <div class='ocr_page' id='page_1' title='image "./operaomniaedidit05kepluoft_0339.png"; bbox 0 0 1994 3276; ppageno 0'>
   <div class='ocr_carea' id='block_1_1' title="bbox 1811 0 1843 21">
    <p class='ocr_par' dir='ltr' id='par_1_1' title="bbox 1811 0 1843 21">
     <span class='ocr_line' id='line_1_1' title="bbox 1811 0 1843 21; baseline 0 0"><span class='ocrx_word' id='word_1_1' title='bbox 1811 0 1843 21; x_wconf 58' lang='grc' dir='ltr'><strong>Ὁ</strong></span> 
     </span>
    </p>
   </div>
   <div class='ocr_carea' id='block_1_2' title="bbox 762 107 1852 154">
    <p class='ocr_par' dir='ltr' id='par_1_2' title="bbox 762 107 1852 154">
     <span class='ocr_line' id='line_1_2' title="bbox 762 107 1852 154; baseline 0.005 -8"><span class='ocrx_word' id='word_1_2' title='bbox 762 107 876 146; x_wconf 74' lang='lat' dir='ltr'><strong>mer</strong></span> <span class='ocrx_word' id='word_1_3' title='bbox 895 107 946 144; x_wconf 82' lang='lat' dir='ltr'><strong>V.-</strong></span> <span class='ocrx_word' id='word_1_4' title='bbox 963 108 1083 154; x_wconf 69' lang='lat' dir='ltr'><strong>eaput</strong></span> <span class='ocrx_word' id='word_1_5' title='bbox 1103 107 1167 145; x_wconf 81' lang='lat' dir='ltr'><strong>lx.</strong></span> <span class='ocrx_word' id='word_1_6' title='bbox 1769 109 1852 151; x_wconf 76' lang='lat'><strong>321</strong></span> 
     </span>
    </p>
   </div>
   <div class='ocr_carea' id='block_1_3' title="bbox 66 217 1855 398">
    <p class='ocr_par' dir='ltr' id='par_1_3' title="bbox 66 217 1855 392">
     <span class='ocr_line' id='line_1_3' title="bbox 114 217 1855 278; baseline -0.001 -11"><span class='ocrx_word' id='word_1_7' title='bbox 114 249 129 267; x_wconf 59' lang='lat'><strong>2=</strong></span> <span class='ocrx_word' id='word_1_8' title='bbox 181 225 529 278; x_wconf 61' lang='lat' dir='ltr'><strong>Epiphouema</strong></span> <span class='ocrx_word' id='word_1_9' title='bbox 558 225 626 266; x_wconf 78' lang='lat'><strong>11..</strong></span> <span class='ocrx_word' id='word_1_10' title='bbox 685 226 840 265; x_wconf 88' lang='lat' dir='ltr'><strong>Bonum</strong></span> <span class='ocrx_word' id='word_1_11' title='bbox 859 231 953 274; x_wconf 86' lang='lat' dir='ltr'><strong>erat,</strong></span> <span class='ocrx_word' id='word_1_12' title='bbox 975 217 1126 266; x_wconf 83' lang='lat' dir='ltr'><strong>solidas</strong></span> <span class='ocrx_word' id='word_1_13' title='bbox 1151 226 1298 276; x_wconf 83' lang='lat' dir='ltr'><strong>figuras</strong></span> <span class='ocrx_word' id='word_1_14' title='bbox 1326 228 1366 264; x_wconf 90' lang='lat' dir='ltr'><strong>in</strong></span> <span class='ocrx_word' id='word_1_15' title='bbox 1395 227 1531 276; x_wconf 73' lang='lat' dir='ltr'><strong>genesi</strong></span> <span class='ocrx_word' id='word_1_16' title='bbox 1558 225 1855 266; x_wconf 70' lang='lat' dir='ltr'><strong>intervallorum</strong></span> 
     </span>
     <span class='ocr_line' id='line_1_4' title="bbox 66 282 1855 343; baseline 0.002 -21"><span class='ocrx_word' id='word_1_17' title='bbox 66 282 204 327; x_wconf 69' lang='lat' dir='ltr'><strong>cedere</strong></span> <span class='ocrx_word' id='word_1_18' title='bbox 226 284 443 343; x_wconf 67' lang='lat' dir='ltr'><strong>rationibus</strong></span> <span class='ocrx_word' id='word_1_19' title='bbox 473 285 704 324; x_wconf 70' lang='lat' dir='ltr'><strong>harmonicis</strong></span> <span class='ocrx_word' id='word_1_20' title='bbox 733 284 1032 335; x_wconf 78' lang='lat' dir='ltr'><strong>harmoniaeque</strong></span> <span class='ocrx_word' id='word_1_21' title='bbox 1052 285 1231 324; x_wconf 89' lang='lat' dir='ltr'><strong>binorum</strong></span> <span class='ocrx_word' id='word_1_22' title='bbox 1257 285 1426 335; x_wconf 74' lang='lat' dir='ltr'><strong>majores</strong></span> <span class='ocrx_word' id='word_1_23' title='bbox 1454 284 1665 325; x_wconf 85' lang='lat' dir='ltr'><strong>harmoniis</strong></span> <span class='ocrx_word' id='word_1_24' title='bbox 1694 286 1855 326; x_wconf 80' lang='lat' dir='ltr'><strong>univer-</strong></span> 
     </span>
     <span class='ocr_line' id='line_1_5' title="bbox 66 337 1104 398; baseline 0.001 -17"><span class='ocrx_word' id='word_1_25' title='bbox 66 340 216 382; x_wconf 82' lang='lat' dir='ltr'><strong>salibus</strong></span> <span class='ocrx_word' id='word_1_26' title='bbox 238 337 428 398; x_wconf 64' lang='lat' dir='ltr'><strong>crunnum,</strong></span> <span class='ocrx_word' id='word_1_27' title='bbox 458 348 648 392; x_wconf 84' lang='lat' dir='ltr'><strong>quantum</strong></span> <span class='ocrx_word' id='word_1_28' title='bbox 676 342 794 392; x_wconf 79' lang='lat' dir='ltr'><strong>hujus</strong></span> <span class='ocrx_word' id='word_1_29' title='bbox 821 349 905 382; x_wconf 80' lang='lat' dir='ltr'><strong>erat</strong></span> <span class='ocrx_word' id='word_1_30' title='bbox 933 354 1104 382; x_wconf 84' lang='lat' dir='ltr'><strong>necesse.</strong></span> 
     </span>
    </p>
   </div>
   <div class='ocr_carea' id='block_1_4' title="bbox 0 385 1928 568">
    <p class='ocr_par' dir='ltr' id='par_1_4' title="bbox 0 376 1945 568">
     <span class='ocr_line' id='line_1_6' title="bbox 114 385 1854 452; baseline -0.001 -9"><span class='ocrx_word' id='word_1_31' title='bbox 114 430 118 434; x_wconf 89' lang='lat'><em>-</em></span> <span class='ocrx_word' id='word_1_32' title='bbox 169 385 362 443; x_wconf 58' lang='lat' dir='ltr'><strong>Baebio</strong></span> <span class='ocrx_word' id='word_1_33' title='bbox 376 412 472 441; x_wconf 82' lang='lat' dir='ltr'><strong>casu</strong></span> <span class='ocrx_word' id='word_1_34' title='bbox 501 400 552 440; x_wconf 90' lang='lat' dir='ltr'><strong>ad</strong></span> <span class='ocrx_word' id='word_1_35' title='bbox 580 401 786 452; x_wconf 73' lang='lat' dir='ltr'><strong>septenarii</strong></span> <span class='ocrx_word' id='word_1_36' title='bbox 816 400 1048 451; x_wconf 79' lang='lat' dir='ltr'><strong>quadratum</strong></span> <span class='ocrx_word' id='word_1_37' title='bbox 1076 403 1132 440; x_wconf 75' lang='lat'><strong>49</strong></span> <span class='ocrx_word' id='word_1_38' title='bbox 1166 400 1412 449; x_wconf 79' lang='lat' dir='ltr'>devenimus,</span> <span class='ocrx_word' id='word_1_39' title='bbox 1441 405 1486 439; x_wconf 92' lang='grc' dir='ltr'><strong>ιιι</strong></span> <span class='ocrx_word' id='word_1_40' title='bbox 1512 400 1590 440; x_wconf 86' lang='lat' dir='ltr'><strong>hoc</strong></span> <span class='ocrx_word' id='word_1_41' title='bbox 1608 400 1730 440; x_wconf 78' lang='lat' dir='ltr'><strong>veluti</strong></span> <span class='ocrx_word' id='word_1_42' title='bbox 1758 402 1854 441; x_wconf 86' lang='lat' dir='ltr'><strong>sab-</strong></span> 
     </span>
     <span class='ocr_line' id='line_1_7' title="bbox 0 457 1928 510; baseline 0.001 -14"><span class='ocrx_word' id='word_1_43' title='bbox 0 475 12 486; x_wconf 91' lang='lat'><strong>·</strong></span> <span class='ocrx_word' id='word_1_44' title='bbox 67 457 200 497; x_wconf 75' lang='lat' dir='ltr'><strong>batum</strong></span> <span class='ocrx_word' id='word_1_45' title='bbox 229 457 426 509; x_wconf 80' lang='lat' dir='ltr'><strong>quoddam</strong></span> <span class='ocrx_word' id='word_1_46' title='bbox 455 458 651 508; x_wconf 80' lang='lat' dir='ltr'><strong>succedat,</strong></span> <span class='ocrx_word' id='word_1_47' title='bbox 681 461 912 509; x_wconf 81' lang='lat' dir='ltr'><strong>praemissis</strong></span> <span class='ocrx_word' id='word_1_48' title='bbox 930 470 1000 498; x_wconf 86' lang='lat' dir='ltr'><strong>sex</strong></span> <span class='ocrx_word' id='word_1_49' title='bbox 1028 459 1165 498; x_wconf 88' lang='lat' dir='ltr'><strong>solidis</strong></span> <span class='ocrx_word' id='word_1_50' title='bbox 1187 461 1395 498; x_wconf 76' lang='lat' dir='ltr'>octonariis</span> <span class='ocrx_word' id='word_1_51' title='bbox 1425 459 1629 498; x_wconf 80' lang='lat' dir='ltr'><strong>effatorum</strong></span> <span class='ocrx_word' id='word_1_52' title='bbox 1658 459 1708 498; x_wconf 87' lang='lat' dir='ltr'><strong>de</strong></span> <span class='ocrx_word' id='word_1_53' title='bbox 1736 470 1853 510; x_wconf 88' lang='lat' dir='ltr'><strong>opere</strong></span> <span class='ocrx_word' id='word_1_54' title='bbox 1906 484 1928 510; x_wconf 13' lang='grc' dir='ltr'><strong>ιγ,</strong></span> 
     </span>
     <span class='ocr_line' id='line_1_8' title="bbox 65 514 1854 568; baseline 0.002 -14"><span class='ocrx_word' id='word_1_55' title='bbox 65 514 292 560; x_wconf 77' lang='lat' dir='ltr'><strong>coelorum.</strong></span> <span class='ocrx_word' id='word_1_56' title='bbox 330 515 471 555; x_wconf 72' lang='lat' dir='ltr'><strong>Merito</strong></span> <span class='ocrx_word' id='word_1_57' title='bbox 502 520 620 556; x_wconf 86' lang='lat' dir='ltr'><strong>etiam</strong></span> <span class='ocrx_word' id='word_1_58' title='bbox 648 517 906 568; x_wconf 69' lang='lat' dir='ltr'><strong>epiphonema</strong></span> <span class='ocrx_word' id='word_1_59' title='bbox 934 518 1028 565; x_wconf 75' lang='lat' dir='ltr'><strong>ieci,</strong></span> <span class='ocrx_word' id='word_1_60' title='bbox 1069 517 1174 568; x_wconf 89' lang='lat' dir='ltr'><strong>quod</strong></span> <span class='ocrx_word' id='word_1_61' title='bbox 1204 519 1302 556; x_wconf 83' lang='lat' dir='ltr'><strong>inter</strong></span> <span class='ocrx_word' id='word_1_62' title='bbox 1331 518 1531 556; x_wconf 75' lang='lat' dir='ltr'><strong>axiomata</strong></span> <span class='ocrx_word' id='word_1_63' title='bbox 1556 518 1752 568; x_wconf 70' lang='lat' dir='ltr'><strong>praemitti</strong></span> <span class='ocrx_word' id='word_1_64' title='bbox 1777 529 1854 568; x_wconf 88' lang='lat' dir='ltr'><strong>po-</strong></span> 
     </span>
    </p>
   </div>
   <div class='ocr_carea' id='block_1_5' title="bbox 66 574 1851 627">
    <p class='ocr_par' dir='ltr' id='par_1_5' title="bbox 66 574 1851 627">
     <span class='ocr_line' id='line_1_9' title="bbox 66 574 1851 627; baseline 0.001 -14"><span class='ocrx_word' id='word_1_65' title='bbox 66 575 162 614; x_wconf 83' lang='grc' dir='ltr'>ιιιι·</span> <span class='ocrx_word' id='word_1_66' title='bbox 191 575 284 624; x_wconf 85' lang='lat' dir='ltr'><strong>quia</strong></span> <span class='ocrx_word' id='word_1_67' title='bbox 313 576 433 614; x_wconf 85' lang='lat' dir='ltr'><strong>etiam</strong></span> <span class='ocrx_word' id='word_1_68' title='bbox 463 575 571 615; x_wconf 83' lang='lat' dir='ltr'><strong>Deus</strong></span> <span class='ocrx_word' id='word_1_69' title='bbox 596 575 680 624; x_wconf 85' lang='lat' dir='ltr'><strong>jam</strong></span> <span class='ocrx_word' id='word_1_70' title='bbox 710 574 914 615; x_wconf 69' lang='lat' dir='ltr'><strong>defunctus</strong></span> <span class='ocrx_word' id='word_1_71' title='bbox 945 587 1063 626; x_wconf 86' lang='lat' dir='ltr'><strong>opera</strong></span> <span class='ocrx_word' id='word_1_72' title='bbox 1102 577 1309 615; x_wconf 77' lang='lat' dir='ltr'>creationis</span> <span class='ocrx_word' id='word_1_73' title='bbox 1345 575 1446 614; x_wconf 69' lang='lat' dir='ltr'><strong>vidit</strong></span> <span class='ocrx_word' id='word_1_74' title='bbox 1474 577 1628 624; x_wconf 77' lang='lat' dir='ltr'><strong>onmia,</strong></span> <span class='ocrx_word' id='word_1_75' title='bbox 1659 587 1767 626; x_wconf 78' lang='lat' dir='ltr'><strong>quae</strong></span> <span class='ocrx_word' id='word_1_76' title='bbox 1791 577 1851 627; x_wconf 71' lang='lat' dir='ltr'><strong>fo-</strong></span> 
     </span>
    </p>
   </div>
   <div class='ocr_carea' id='block_1_6' title="bbox 3 633 804 681">
    <p class='ocr_par' dir='ltr' id='par_1_6' title="bbox 3 633 804 681">
     <span class='ocr_line' id='line_1_10' title="bbox 3 633 804 681; baseline -0.004 -6"><span class='ocrx_word' id='word_1_77' title='bbox 3 633 804 681; x_wconf 54' lang='grc' dir='ltr'>,οααζάεωεεωιιιυαωεὸοηα</span> 
     </span>
    </p>
   </div>
   <div class='ocr_carea' id='block_1_7' title="bbox 181 689 1851 743">
    <p class='ocr_par' dir='ltr' id='par_1_7' title="bbox 181 689 1851 743">
     <span class='ocr_line' id='line_1_11' title="bbox 181 689 1851 743; baseline -0.001 -10"><span class='ocrx_word' id='word_1_78' title='bbox 181 689 276 733; x_wconf 71' lang='lat' dir='ltr'><strong>Duo</strong></span> <span class='ocrx_word' id='word_1_79' title='bbox 299 696 394 732; x_wconf 81' lang='lat' dir='ltr'><strong>sunt</strong></span> <span class='ocrx_word' id='word_1_80' title='bbox 421 691 734 743; x_wconf 68' lang='lat' dir='ltr'>epiphonematis</span> <span class='ocrx_word' id='word_1_81' title='bbox 762 692 954 738; x_wconf 81' lang='lat' dir='ltr'><strong>membra:</strong></span> <span class='ocrx_word' id='word_1_82' title='bbox 985 692 1152 743; x_wconf 88' lang='lat' dir='ltr'><strong>primum</strong></span> <span class='ocrx_word' id='word_1_83' title='bbox 1172 690 1221 730; x_wconf 88' lang='lat' dir='ltr'><strong>de</strong></span> <span class='ocrx_word' id='word_1_84' title='bbox 1238 690 1481 730; x_wconf 79' lang='lat' dir='ltr'><strong>harmoniis&#39;</strong></span> <span class='ocrx_word' id='word_1_85' title='bbox 1470 703 1510 729; x_wconf 95' lang='grc' dir='ltr'><strong>ιιι</strong></span> <span class='ocrx_word' id='word_1_86' title='bbox 1530 703 1672 742; x_wconf 87' lang='lat' dir='ltr'><strong>genere</strong></span> <span class='ocrx_word' id='word_1_87' title='bbox 1689 693 1749 731; x_wconf 85' lang='lat' dir='ltr'><strong>sic</strong></span> <span class='ocrx_word' id='word_1_88' title='bbox 1778 691 1851 732; x_wconf 84' lang='lat' dir='ltr'><strong>‹le-</strong></span> 
     </span>
    </p>
   </div>
   <div class='ocr_carea' id='block_1_8' title="bbox 67 748 1938 793">
    <p class='ocr_par' dir='ltr' id='par_1_8' title="bbox 67 748 1938 793">
     <span class='ocr_line' id='line_1_12' title="bbox 67 748 1938 793; baseline 0.002 -7"><span class='ocrx_word' id='word_1_89' title='bbox 67 752 318 793; x_wconf 51' lang='lat' dir='ltr'><strong>monsuaturs</strong></span> <span class='ocrx_word' id='word_1_90' title='bbox 343 748 455 788; x_wconf 76' lang='lat' dir='ltr'><strong>Nam</strong></span> <span class='ocrx_word' id='word_1_91' title='bbox 483 750 550 789; x_wconf 89' lang='lat' dir='ltr'><strong>ubi</strong></span> <span class='ocrx_word' id='word_1_92' title='bbox 581 749 754 789; x_wconf 81' lang='lat' dir='ltr'><strong>delectus</strong></span> <span class='ocrx_word' id='word_1_93' title='bbox 783 757 842 789; x_wconf 85' lang='lat' dir='ltr'><strong>est</strong></span> <span class='ocrx_word' id='word_1_94' title='bbox 871 751 969 789; x_wconf 87' lang='lat' dir='ltr'><strong>inter</strong></span> <span class='ocrx_word' id='word_1_95' title='bbox 999 749 1154 789; x_wconf 83' lang='lat' dir='ltr'><strong>diversa</strong></span> <span class='ocrx_word' id='word_1_96' title='bbox 1182 761 1226 788; x_wconf 86' lang='lat' dir='ltr'><strong>se</strong></span> <span class='ocrx_word' id='word_1_97' title='bbox 1255 756 1392 788; x_wconf 89' lang='lat' dir='ltr'><strong>mutuo</strong></span> <span class='ocrx_word' id='word_1_98' title='bbox 1419 760 1497 788; x_wconf 90' lang='lat' dir='ltr'><strong>non</strong></span> <span class='ocrx_word' id='word_1_99' title='bbox 1528 761 1576 788; x_wconf 88' lang='lat' dir='ltr'><strong>ex</strong></span> <span class='ocrx_word' id='word_1_100' title='bbox 1605 762 1694 789; x_wconf 87' lang='lat' dir='ltr'><strong>asse</strong></span> <span class='ocrx_word' id='word_1_101' title='bbox 1723 749 1853 790; x_wconf 76' lang='lat' dir='ltr'><strong>seren-</strong></span> <span class='ocrx_word' id='word_1_102' title='bbox 1900 767 1905 773; x_wconf 79' lang='grc'><em>·</em></span> <span class='ocrx_word' id='word_1_103' title='bbox 1933 752 1938 759; x_wconf 75' lang='grc'><em>“</em></span> 
     </span>
    </p>
   </div>
   <div class='ocr_carea' id='block_1_9' title="bbox 66 806 1853 875">
    <p class='ocr_par' dir='ltr' id='par_1_9' title="bbox 66 806 1853 875">
     <span class='ocr_line' id='line_1_13' title="bbox 66 806 1853 875; baseline 0.001 -30"><span class='ocrx_word' id='word_1_104' title='bbox 66 806 135 852; x_wconf 75' lang='lat' dir='ltr'><strong>t‘n,</strong></span> <span class='ocrx_word' id='word_1_105' title='bbox 163 806 221 846; x_wconf 85' lang='lat' dir='ltr'><strong>ibi</strong></span> <span class='ocrx_word' id='word_1_106' title='bbox 249 807 501 875; x_wconf 65' lang='lat' dir='ltr'><strong>praeferenda</strong></span> <span class='ocrx_word' id='word_1_107' title='bbox 529 819 615 847; x_wconf 88' lang='lat' dir='ltr'><strong>esse</strong></span> <span class='ocrx_word' id='word_1_108' title='bbox 645 810 927 858; x_wconf 72' lang='lat' dir='ltr'><strong>praestantiora</strong></span> <span class='ocrx_word' id='word_1_109' title='bbox 946 807 1288 858; x_wconf 83' lang='lat' dir='ltr'><strong>derogandumque</strong></span> <span class='ocrx_word' id='word_1_110' title='bbox 1318 808 1534 855; x_wconf 75' lang='lat' dir='ltr'><strong>vilioribus,</strong></span> <span class='ocrx_word' id='word_1_111' title='bbox 1563 814 1751 858; x_wconf 85' lang='lat' dir='ltr'><strong>quantum</strong></span> <span class='ocrx_word' id='word_1_112' title='bbox 1780 820 1853 848; x_wconf 92' lang='lat' dir='ltr'><strong>ne-</strong></span> 
     </span>
    </p>
   </div>
   <div class='ocr_carea' id='block_1_10' title="bbox 66 864 1853 975">
    <p class='ocr_par' dir='ltr' id='par_1_10' title="bbox 66 864 1853 975">
     <span class='ocr_line' id='line_1_14' title="bbox 66 864 1853 924; baseline 0 -20"><span class='ocrx_word' id='word_1_113' title='bbox 66 875 175 904; x_wconf 66' lang='lat' dir='ltr'><strong>ecne</strong></span> <span class='ocrx_word' id='word_1_114' title='bbox 216 871 300 913; x_wconf 77' lang='lat' dir='ltr'><strong>est,</strong></span> <span class='ocrx_word' id='word_1_115' title='bbox 339 866 427 915; x_wconf 84' lang='lat' dir='ltr'><strong>ipsa</strong></span> <span class='ocrx_word' id='word_1_116' title='bbox 468 877 544 905; x_wconf 87' lang='lat' dir='ltr'><strong>vox</strong></span> <span class='ocrx_word' id='word_1_117' title='bbox 570 881 644 905; x_wconf 77' lang='grc' dir='ltr'><strong>του</strong></span> <span class='ocrx_word' id='word_1_118' title='bbox 672 881 834 914; x_wconf 67' lang='lat' dir='ltr'><strong>nomme,</strong></span> <span class='ocrx_word' id='word_1_119' title='bbox 906 878 993 905; x_wconf 85' lang='lat' dir='ltr'><strong>uae</strong></span> <span class='ocrx_word' id='word_1_120' title='bbox 1003 873 1215 924; x_wconf 79' lang='lat' dir='ltr'><strong>ornatum</strong></span> <span class='ocrx_word' id='word_1_121' title='bbox 1233 866 1448 917; x_wconf 77' lang='lat' dir='ltr'><strong>significat,</strong></span> <span class='ocrx_word' id='word_1_122' title='bbox 1488 877 1650 915; x_wconf 83' lang='lat' dir='ltr'><strong>arguere</strong></span> <span class='ocrx_word' id='word_1_123' title='bbox 1687 864 1853 905; x_wconf 86' lang='lat' dir='ltr'><strong>videtur.</strong></span> 
     </span>
     <span class='ocr_line' id='line_1_15' title="bbox 68 916 1853 975; baseline 0.002 -14"><span class='ocrx_word' id='word_1_124' title='bbox 68 921 190 972; x_wconf 78' lang='lat' dir='ltr'><strong>Atqui</strong></span> <span class='ocrx_word' id='word_1_125' title='bbox 217 930 363 972; x_wconf 85' lang='lat' dir='ltr'><strong>quanto</strong></span> <span class='ocrx_word' id='word_1_126' title='bbox 395 924 476 963; x_wconf 87' lang='lat' dir='ltr'><strong>vita</strong></span> <span class='ocrx_word' id='word_1_127' title='bbox 504 935 685 975; x_wconf 81' lang='lat' dir='ltr'><strong>corpore,</strong></span> <span class='ocrx_word' id='word_1_128' title='bbox 716 919 839 972; x_wconf 87' lang='lat' dir='ltr'><strong>lorma</strong></span> <span class='ocrx_word' id='word_1_129' title='bbox 867 925 1047 972; x_wconf 86' lang='lat' dir='ltr'><strong>materia,</strong></span> <span class='ocrx_word' id='word_1_130' title='bbox 1078 916 1187 964; x_wconf 75' lang='lat' dir='ltr'><strong>tanto</strong></span> <span class='ocrx_word' id='word_1_131' title='bbox 1196 917 1391 975; x_wconf 73' lang='lat' dir='ltr'><strong>praestat</strong></span> <span class='ocrx_word' id='word_1_132' title='bbox 1418 929 1578 965; x_wconf 84' lang='lat' dir='ltr'><strong>ornatus</strong></span> <span class='ocrx_word' id='word_1_133' title='bbox 1606 924 1853 965; x_wconf 82' lang='lat' dir='ltr'><strong>harmonicus</strong></span> 
     </span>
    </p>
   </div>
   <div class='ocr_carea' id='block_1_11' title="bbox 4 981 1861 2080">
    <p class='ocr_par' dir='ltr' id='par_1_11' title="bbox 66 981 508 1032">
     <span class='ocr_line' id='line_1_16' title="bbox 66 981 508 1032; baseline 0 -13"><span class='ocrx_word' id='word_1_134' title='bbox 66 981 301 1031; x_wconf 77' lang='lat' dir='ltr'><strong>geometrico</strong></span> <span class='ocrx_word' id='word_1_135' title='bbox 330 982 508 1032; x_wconf 85' lang='lat' dir='ltr'><strong>simplici.</strong></span> 
     </span>
    </p>

    <p class='ocr_par' dir='ltr' id='par_1_12' title="bbox 4 1036 1861 2080">
     <span class='ocr_line' id='line_1_17' title="bbox 179 1036 1854 1092; baseline 0.002 -15"><span class='ocrx_word' id='word_1_136' title='bbox 179 1036 282 1078; x_wconf 78' lang='lat' dir='ltr'><strong>Nam</strong></span> <span class='ocrx_word' id='word_1_137' title='bbox 312 1044 355 1077; x_wconf 91' lang='grc' dir='ltr'><strong>ιιι</strong></span> <span class='ocrx_word' id='word_1_138' title='bbox 383 1041 622 1078; x_wconf 76' lang='lat' dir='ltr'><strong>animantum</strong></span> <span class='ocrx_word' id='word_1_139' title='bbox 661 1051 823 1091; x_wconf 85' lang='lat' dir='ltr'><strong>corpora</strong></span> <span class='ocrx_word' id='word_1_140' title='bbox 859 1039 1009 1092; x_wconf 85' lang='lat' dir='ltr'><strong>perficit</strong></span> <span class='ocrx_word' id='word_1_141' title='bbox 1044 1041 1146 1085; x_wconf 85' lang='lat' dir='ltr'><strong>vita,</strong></span> <span class='ocrx_word' id='word_1_142' title='bbox 1190 1041 1285 1090; x_wconf 84' lang='lat' dir='ltr'><strong>quia</strong></span> <span class='ocrx_word' id='word_1_143' title='bbox 1319 1038 1371 1080; x_wconf 83' lang='lat' dir='ltr'><strong>ad</strong></span> <span class='ocrx_word' id='word_1_144' title='bbox 1410 1039 1513 1091; x_wconf 80' lang='lat' dir='ltr'><strong>hanc</strong></span> <span class='ocrx_word' id='word_1_145' title='bbox 1540 1039 1734 1090; x_wconf 77' lang='lat' dir='ltr'><strong>agendam</strong></span> <span class='ocrx_word' id='word_1_146' title='bbox 1761 1045 1854 1080; x_wconf 89' lang='lat' dir='ltr'><strong>sunt</strong></span> 
     </span>
     <span class='ocr_line' id='line_1_18' title="bbox 67 1098 1854 1150; baseline 0.001 -14"><span class='ocrx_word' id='word_1_147' title='bbox 67 1101 188 1136; x_wconf 75' lang='lat' dir='ltr'><strong>natae</strong></span> <span class='ocrx_word' id='word_1_148' title='bbox 217 1101 314 1144; x_wconf 69' lang='lat' dir='ltr'><strong>(vias</strong></span> <span class='ocrx_word' id='word_1_149' title='bbox 346 1100 408 1136; x_wconf 82' lang='lat' dir='ltr'><strong>lib.</strong></span> <span class='ocrx_word' id='word_1_150' title='bbox 433 1103 492 1137; x_wconf 85' lang='lat' dir='ltr'><strong>lv.</strong></span> <span class='ocrx_word' id='word_1_151' title='bbox 516 1102 576 1136; x_wconf 76' lang='lat' dir='ltr'><strong>foi.</strong></span> <span class='ocrx_word' id='word_1_152' title='bbox 600 1100 722 1146; x_wconf 80' lang='lat'>256.)‚</span> <span class='ocrx_word' id='word_1_153' title='bbox 747 1098 852 1149; x_wconf 86' lang='lat' dir='ltr'><strong>quod</strong></span> <span class='ocrx_word' id='word_1_154' title='bbox 882 1110 931 1137; x_wconf 85' lang='lat' dir='ltr'><strong>ex</strong></span> <span class='ocrx_word' id='word_1_155' title='bbox 960 1098 1171 1149; x_wconf 85' lang='lat' dir='ltr'><strong>archetypo</strong></span> <span class='ocrx_word' id='word_1_156' title='bbox 1201 1098 1351 1146; x_wconf 91' lang='lat' dir='ltr'><strong>mundi,</strong></span> <span class='ocrx_word' id='word_1_157' title='bbox 1380 1100 1449 1149; x_wconf 90' lang='lat' dir='ltr'><strong>qui</strong></span> <span class='ocrx_word' id='word_1_158' title='bbox 1478 1103 1539 1137; x_wconf 86' lang='lat' dir='ltr'><strong>est</strong></span> <span class='ocrx_word' id='word_1_159' title='bbox 1565 1100 1656 1150; x_wconf 86' lang='lat' dir='ltr'><strong>ipsa</strong></span> <span class='ocrx_word' id='word_1_160' title='bbox 1682 1101 1854 1138; x_wconf 77' lang='lat' dir='ltr'><strong>essentia</strong></span> 
     </span>
     <span class='ocr_line' id='line_1_19' title="bbox 68 1153 1855 1207; baseline 0.001 -14"><span class='ocrx_word' id='word_1_161' title='bbox 68 1153 217 1203; x_wconf 74' lang='lat' dir='ltr'><strong>diviua,</strong></span> <span class='ocrx_word' id='word_1_162' title='bbox 239 1157 439 1204; x_wconf 77' lang='lat' dir='ltr'><strong>seqnitur,</strong></span> <span class='ocrx_word' id='word_1_163' title='bbox 481 1157 540 1194; x_wconf 85' lang='lat' dir='ltr'><strong>sic</strong></span> <span class='ocrx_word' id='word_1_164' title='bbox 566 1157 748 1205; x_wconf 86' lang='lat' dir='ltr'><strong>regiones</strong></span> <span class='ocrx_word' id='word_1_165' title='bbox 776 1156 943 1206; x_wconf 86' lang='lat' dir='ltr'><strong>planetis</strong></span> <span class='ocrx_word' id='word_1_166' title='bbox 973 1157 1180 1196; x_wconf 87' lang='lat' dir='ltr'><strong>attributas</strong></span> <span class='ocrx_word' id='word_1_167' title='bbox 1208 1162 1351 1205; x_wconf 85' lang='lat' dir='ltr'><strong>motus,</strong></span> <span class='ocrx_word' id='word_1_168' title='bbox 1379 1157 1518 1196; x_wconf 87' lang='lat' dir='ltr'><strong>sideris</strong></span> <span class='ocrx_word' id='word_1_169' title='bbox 1553 1168 1751 1207; x_wconf 85' lang='lat' dir='ltr'><strong>quamque</strong></span> <span class='ocrx_word' id='word_1_170' title='bbox 1780 1158 1855 1206; x_wconf 90' lang='lat' dir='ltr'><strong>sui,</strong></span> 
     </span>
     <span class='ocr_line' id='line_1_20' title="bbox 70 1213 1857 1266; baseline -0.001 -11"><span class='ocrx_word' id='word_1_171' title='bbox 70 1217 261 1262; x_wconf 60' lang='lat' dir='ltr'><strong>mentun</strong></span> <span class='ocrx_word' id='word_1_172' title='bbox 300 1214 408 1262; x_wconf 87' lang='lat' dir='ltr'><strong>qnia·</strong></span> <span class='ocrx_word' id='word_1_173' title='bbox 435 1219 479 1252; x_wconf 92' lang='lat' dir='ltr'><strong>ut</strong></span> <span class='ocrx_word' id='word_1_174' title='bbox 506 1213 615 1252; x_wconf 88' lang='lat' dir='ltr'><strong>sidus</strong></span> <span class='ocrx_word' id='word_1_175' title='bbox 655 1216 805 1253; x_wconf 77' lang='lat' dir='ltr'><strong>nmveri</strong></span> <span class='ocrx_word' id='word_1_176' title='bbox 834 1221 984 1266; x_wconf 85' lang='lat' dir='ltr'><strong>posset,</strong></span> <span class='ocrx_word' id='word_1_177' title='bbox 1027 1217 1136 1265; x_wconf 82' lang='lat' dir='ltr'><strong>regio</strong></span> <span class='ocrx_word' id='word_1_178' title='bbox 1167 1215 1223 1252; x_wconf 83' lang='lat' dir='ltr'><strong>ilii</strong></span> <span class='ocrx_word' id='word_1_179' title='bbox 1257 1226 1332 1254; x_wconf 89' lang='lat' dir='ltr'><strong>sua</strong></span> <span class='ocrx_word' id='word_1_180' title='bbox 1359 1214 1433 1253; x_wconf 76' lang='lat' dir='ltr'><strong>fuit</strong></span> <span class='ocrx_word' id='word_1_181' title='bbox 1463 1215 1675 1266; x_wconf 83' lang='lat' dir='ltr'><strong>assignata.</strong></span> <span class='ocrx_word' id='word_1_182' title='bbox 1734 1215 1857 1265; x_wconf 81' lang='lat' dir='ltr'><strong>Atqui</strong></span> 
     </span>
     <span class='ocr_line' id='line_1_21' title="bbox 68 1270 1857 1324; baseline 0.002 -15"><span class='ocrx_word' id='word_1_183' title='bbox 68 1270 217 1320; x_wconf 68' lang='lat' dir='ltr'><strong>figurae</strong></span> <span class='ocrx_word' id='word_1_184' title='bbox 246 1272 418 1321; x_wconf 86' lang='lat' dir='ltr'><strong>quinque</strong></span> <span class='ocrx_word' id='word_1_185' title='bbox 446 1271 595 1311; x_wconf 85' lang='lat' dir='ltr'><strong>solidae</strong></span> <span class='ocrx_word' id='word_1_186' title='bbox 634 1273 673 1311; x_wconf 84' lang='lat' dir='ltr'><strong>vi</strong></span> <span class='ocrx_word' id='word_1_187' title='bbox 703 1274 812 1312; x_wconf 87' lang='lat' dir='ltr'><strong>vocis</strong></span> <span class='ocrx_word' id='word_1_188' title='bbox 856 1274 980 1323; x_wconf 88' lang='lat' dir='ltr'><strong>ipsius</strong></span> <span class='ocrx_word' id='word_1_189' title='bbox 1009 1272 1060 1311; x_wconf 81' lang='lat' dir='ltr'><strong>ad</strong></span> <span class='ocrx_word' id='word_1_190' title='bbox 1100 1274 1229 1324; x_wconf 87' lang='lat' dir='ltr'><strong>spatia</strong></span> <span class='ocrx_word' id='word_1_191' title='bbox 1264 1274 1466 1323; x_wconf 82' lang='lat' dir='ltr'><strong>regionum</strong></span> <span class='ocrx_word' id='word_1_192' title='bbox 1504 1275 1698 1323; x_wconf 83' lang='lat' dir='ltr'><strong>pertinent</strong></span> <span class='ocrx_word' id='word_1_193' title='bbox 1739 1279 1780 1313; x_wconf 88' lang='lat' dir='ltr'><strong>et</strong></span> <span class='ocrx_word' id='word_1_194' title='bbox 1804 1272 1857 1313; x_wconf 81' lang='lat' dir='ltr'><strong>ad</strong></span> 
     </span>
     <span class='ocr_line' id='line_1_22' title="bbox 69 1327 1857 1380; baseline 0.001 -12"><span class='ocrx_word' id='word_1_195' title='bbox 69 1327 224 1371; x_wconf 71' lang='lat' dir='ltr'><strong>inuam</strong></span> <span class='ocrx_word' id='word_1_196' title='bbox 251 1339 534 1380; x_wconf 70' lang='lat' dir='ltr'><strong>corporumque</strong></span> <span class='ocrx_word' id='word_1_197' title='bbox 563 1341 788 1380; x_wconf 85' lang='lat' dir='ltr'><strong>uumerum;</strong></span> <span class='ocrx_word' id='word_1_198' title='bbox 812 1331 1049 1370; x_wconf 67' lang='lat' dir='ltr'><strong>barmoniae</strong></span> <span class='ocrx_word' id='word_1_199' title='bbox 1092 1342 1187 1369; x_wconf 87' lang='lat' dir='ltr'><strong>vero</strong></span> <span class='ocrx_word' id='word_1_200' title='bbox 1215 1330 1267 1369; x_wconf 89' lang='lat' dir='ltr'><strong>ad</strong></span> <span class='ocrx_word' id='word_1_201' title='bbox 1295 1335 1437 1370; x_wconf 82' lang='lat' dir='ltr'><strong>motus.</strong></span> <span class='ocrx_word' id='word_1_202' title='bbox 1496 1331 1666 1370; x_wconf 82' lang='lat' dir='ltr'><strong>Rursum</strong></span> <span class='ocrx_word' id='word_1_203' title='bbox 1696 1336 1740 1373; x_wconf 83' lang='lat' dir='ltr'><strong>ut</strong></span> <span class='ocrx_word' id='word_1_204' title='bbox 1768 1342 1857 1370; x_wconf 81' lang='lat' dir='ltr'><strong>ma·</strong></span> 
     </span>
     <span class='ocr_line' id='line_1_23' title="bbox 69 1386 1857 1439; baseline 0.001 -13"><span class='ocrx_word' id='word_1_205' title='bbox 69 1388 169 1430; x_wconf 76' lang='lat' dir='ltr'><strong>teria</strong></span> <span class='ocrx_word' id='word_1_206' title='bbox 197 1386 338 1427; x_wconf 76' lang='lat' dir='ltr'><strong>diffusa</strong></span> <span class='ocrx_word' id='word_1_207' title='bbox 368 1395 428 1427; x_wconf 81' lang='lat' dir='ltr'><strong>est</strong></span> <span class='ocrx_word' id='word_1_208' title='bbox 455 1396 495 1428; x_wconf 81' lang='grc' dir='ltr'><strong>ει</strong></span> <span class='ocrx_word' id='word_1_209' title='bbox 524 1387 726 1429; x_wconf 75' lang='lat' dir='ltr'><strong>indefinita</strong></span> <span class='ocrx_word' id='word_1_210' title='bbox 756 1401 805 1428; x_wconf 85' lang='lat' dir='ltr'><strong>ex</strong></span> <span class='ocrx_word' id='word_1_211' title='bbox 833 1401 876 1428; x_wconf 91' lang='lat' dir='ltr'><strong>se</strong></span> <span class='ocrx_word' id='word_1_212' title='bbox 914 1391 1020 1439; x_wconf 86' lang='lat' dir='ltr'><strong>ipsa,</strong></span> <span class='ocrx_word' id='word_1_213' title='bbox 1061 1390 1185 1428; x_wconf 80' lang='lat' dir='ltr'><strong>forma</strong></span> <span class='ocrx_word' id='word_1_214' title='bbox 1214 1389 1392 1437; x_wconf 84' lang='lat' dir='ltr'><strong>definita,</strong></span> <span class='ocrx_word' id='word_1_215' title='bbox 1435 1391 1547 1428; x_wconf 84' lang='lat' dir='ltr'><strong>unita</strong></span> <span class='ocrx_word' id='word_1_216' title='bbox 1576 1396 1616 1428; x_wconf 91' lang='lat' dir='ltr'><strong>et</strong></span> <span class='ocrx_word' id='word_1_217' title='bbox 1647 1391 1857 1428; x_wconf 87' lang='lat' dir='ltr'><strong>terminans</strong></span> 
     </span>
     <span class='ocr_line' id='line_1_24' title="bbox 69 1446 1858 1498; baseline 0.002 -14"><span class='ocrx_word' id='word_1_218' title='bbox 69 1446 158 1495; x_wconf 61' lang='lat' dir='ltr'><strong>ipsa</strong></span> <span class='ocrx_word' id='word_1_219' title='bbox 186 1446 407 1484; x_wconf 82' lang='lat' dir='ltr'><strong>materiam:</strong></span> <span class='ocrx_word' id='word_1_220' title='bbox 448 1448 506 1485; x_wconf 84' lang='lat' dir='ltr'><strong>sic</strong></span> <span class='ocrx_word' id='word_1_221' title='bbox 537 1449 655 1485; x_wconf 86' lang='lat' dir='ltr'><strong>etiam</strong></span> <span class='ocrx_word' id='word_1_222' title='bbox 683 1448 975 1498; x_wconf 82' lang='lat' dir='ltr'><strong>proportionum</strong></span> <span class='ocrx_word' id='word_1_223' title='bbox 1004 1448 1326 1498; x_wconf 62' lang='lat' dir='ltr'><strong>geometricorum</strong></span> <span class='ocrx_word' id='word_1_224' title='bbox 1354 1447 1528 1487; x_wconf 82' lang='lat' dir='ltr'><strong>infinitae</strong></span> <span class='ocrx_word' id='word_1_225' title='bbox 1558 1453 1668 1492; x_wconf 84' lang='lat' dir='ltr'><strong>sunt,</strong></span> <span class='ocrx_word' id='word_1_226' title='bbox 1699 1447 1858 1487; x_wconf 82' lang='lat' dir='ltr'><strong>harmo-</strong></span> 
     </span>
     <span class='ocr_line' id='line_1_25' title="bbox 70 1503 1858 1555; baseline 0.002 -15"><span class='ocrx_word' id='word_1_227' title='bbox 70 1504 159 1541; x_wconf 88' lang='lat' dir='ltr'><strong>niae</strong></span> <span class='ocrx_word' id='word_1_228' title='bbox 189 1514 351 1555; x_wconf 79' lang='lat' dir='ltr'><strong>paucae.</strong></span> <span class='ocrx_word' id='word_1_229' title='bbox 391 1503 473 1542; x_wconf 86' lang='lat' dir='ltr'><strong>Etsi</strong></span> <span class='ocrx_word' id='word_1_230' title='bbox 504 1506 604 1542; x_wconf 88' lang='lat' dir='ltr'><strong>enim</strong></span> <span class='ocrx_word' id='word_1_231' title='bbox 636 1506 736 1543; x_wconf 89' lang='lat' dir='ltr'><strong>inter</strong></span> <span class='ocrx_word' id='word_1_232' title='bbox 755 1508 1011 1555; x_wconf 88' lang='lat' dir='ltr'><strong>geometricas</strong></span> <span class='ocrx_word' id='word_1_233' title='bbox 1031 1507 1148 1544; x_wconf 87' lang='lat' dir='ltr'><strong>etiam</strong></span> <span class='ocrx_word' id='word_1_234' title='bbox 1178 1507 1269 1543; x_wconf 82' lang='lat' dir='ltr'><strong>certi</strong></span> <span class='ocrx_word' id='word_1_235' title='bbox 1300 1511 1391 1544; x_wconf 89' lang='lat' dir='ltr'><strong>sunt</strong></span> <span class='ocrx_word' id='word_1_236' title='bbox 1419 1505 1563 1555; x_wconf 86' lang='lat' dir='ltr'><strong>gradus</strong></span> <span class='ocrx_word' id='word_1_237' title='bbox 1591 1505 1858 1545; x_wconf 85' lang='lat' dir='ltr'><strong>definitionum</strong></span> 
     </span>
     <span class='ocr_line' id='line_1_26' title="bbox 70 1560 1859 1616; baseline 0.001 -15"><span class='ocrx_word' id='word_1_238' title='bbox 70 1560 421 1611; x_wconf 51' lang='lat' dir='ltr'><strong>“nationumque</strong></span> <span class='ocrx_word' id='word_1_239' title='bbox 450 1568 491 1601; x_wconf 87' lang='lat' dir='ltr'><strong>et</strong></span> <span class='ocrx_word' id='word_1_240' title='bbox 517 1564 825 1611; x_wconf 67' lang='lat' dir='ltr'><strong>restrictionem,</strong></span> <span class='ocrx_word' id='word_1_241' title='bbox 870 1567 942 1603; x_wconf 85' lang='lat' dir='ltr'><strong>nec</strong></span> <span class='ocrx_word' id='word_1_242' title='bbox 980 1563 1111 1614; x_wconf 86' lang='lat' dir='ltr'><strong>plures</strong></span> <span class='ocrx_word' id='word_1_243' title='bbox 1148 1565 1271 1602; x_wconf 86' lang='lat' dir='ltr'><strong>tribus</strong></span> <span class='ocrx_word' id='word_1_244' title='bbox 1313 1566 1478 1603; x_wconf 81' lang='lat' dir='ltr'><strong>existere</strong></span> <span class='ocrx_word' id='word_1_245' title='bbox 1515 1570 1680 1616; x_wconf 75' lang='lat' dir='ltr'><strong>possunt</strong></span> <span class='ocrx_word' id='word_1_246' title='bbox 1708 1575 1756 1603; x_wconf 81' lang='lat' dir='ltr'><strong>ex</strong></span> <span class='ocrx_word' id='word_1_247' title='bbox 1785 1563 1859 1603; x_wconf 89' lang='lat' dir='ltr'><strong>ad-</strong></span> 
     </span>
     <span class='ocr_line' id='line_1_27' title="bbox 4 1620 1857 1676; baseline 0.002 -19"><span class='ocrx_word' id='word_1_248' title='bbox 4 1669 7 1676; x_wconf 29' lang='lat'>!</span> <span class='ocrx_word' id='word_1_249' title='bbox 70 1620 282 1670; x_wconf 66' lang='lat' dir='ltr'><strong>scriptione</strong></span> <span class='ocrx_word' id='word_1_250' title='bbox 310 1620 463 1659; x_wconf 86' lang='lat' dir='ltr'><strong>orbium</strong></span> <span class='ocrx_word' id='word_1_251' title='bbox 492 1621 543 1659; x_wconf 87' lang='lat' dir='ltr'><strong>ad</strong></span> <span class='ocrx_word' id='word_1_252' title='bbox 572 1621 715 1671; x_wconf 84' lang='lat' dir='ltr'><strong>figuras</strong></span> <span class='ocrx_word' id='word_1_253' title='bbox 743 1621 961 1671; x_wconf 69' lang='lat' dir='ltr'><strong>regular-est</strong></span> <span class='ocrx_word' id='word_1_254' title='bbox 993 1627 1164 1660; x_wconf 83' lang='lat' dir='ltr'><strong>attamen</strong></span> <span class='ocrx_word' id='word_1_255' title='bbox 1195 1621 1266 1659; x_wconf 84' lang='lat' dir='ltr'><strong>has</strong></span> <span class='ocrx_word' id='word_1_256' title='bbox 1297 1623 1414 1660; x_wconf 83' lang='lat' dir='ltr'><strong>etiam</strong></span> <span class='ocrx_word' id='word_1_257' title='bbox 1443 1633 1646 1661; x_wconf 90' lang='lat' dir='ltr'><strong>commune</strong></span> <span class='ocrx_word' id='word_1_258' title='bbox 1675 1633 1765 1660; x_wconf 85' lang='lat' dir='ltr'><strong>cum</strong></span> <span class='ocrx_word' id='word_1_259' title='bbox 1792 1633 1857 1661; x_wconf 85' lang='lat' dir='ltr'><strong>re-</strong></span> 
     </span>
     <span class='ocr_line' id='line_1_28' title="bbox 19 1675 1859 1730; baseline 0.002 -15"><span class='ocrx_word' id='word_1_260' title='bbox 19 1679 21 1682; x_wconf 87' lang='grc'><strong>’</strong></span> <span class='ocrx_word' id='word_1_261' title='bbox 70 1675 191 1725; x_wconf 72' lang='lat' dir='ltr'><strong>liquis</strong></span> <span class='ocrx_word' id='word_1_262' title='bbox 232 1678 410 1719; x_wconf 85' lang='lat' dir='ltr'><strong>omuibus</strong></span> <span class='ocrx_word' id='word_1_263' title='bbox 443 1678 629 1717; x_wconf 60' lang='lat' dir='ltr'><strong>⁴accidens</strong></span> <span class='ocrx_word' id='word_1_264' title='bbox 672 1681 865 1729; x_wconf 82' lang='lat' dir='ltr'><strong>sequitur,</strong></span> <span class='ocrx_word' id='word_1_265' title='bbox 907 1679 1013 1729; x_wconf 88' lang='lat' dir='ltr'><strong>quod</strong></span> <span class='ocrx_word' id='word_1_266' title='bbox 1044 1681 1368 1730; x_wconf 86' lang='lat' dir='ltr'><strong>praesupponitur</strong></span> <span class='ocrx_word' id='word_1_267' title='bbox 1401 1679 1555 1718; x_wconf 83' lang='lat' dir='ltr'><strong>infinita</strong></span> <span class='ocrx_word' id='word_1_268' title='bbox 1598 1682 1859 1730; x_wconf 74' lang='lat' dir='ltr'><strong>quantitatum</strong></span> 
     </span>
     <span class='ocr_line' id='line_1_29' title="bbox 71 1734 1860 1788; baseline 0.003 -16"><span class='ocrx_word' id='word_1_269' title='bbox 71 1736 197 1773; x_wconf 84' lang='lat' dir='ltr'><strong>sectio</strong></span> <span class='ocrx_word' id='word_1_270' title='bbox 224 1734 443 1785; x_wconf 87' lang='lat' dir='ltr'><strong>possibilis,</strong></span> <span class='ocrx_word' id='word_1_271' title='bbox 472 1747 593 1786; x_wconf 86' lang='lat' dir='ltr'><strong>quam</strong></span> <span class='ocrx_word' id='word_1_272' title='bbox 623 1738 740 1776; x_wconf 86' lang='lat' dir='ltr'><strong>etiam</strong></span> <span class='ocrx_word' id='word_1_273' title='bbox 771 1744 860 1776; x_wconf 86' lang='lat' dir='ltr'><strong>actu</strong></span> <span class='ocrx_word' id='word_1_274' title='bbox 892 1736 1179 1787; x_wconf 87' lang='lat' dir='ltr'><strong>quodammodo</strong></span> <span class='ocrx_word' id='word_1_275' title='bbox 1210 1738 1417 1776; x_wconf 88' lang='lat' dir='ltr'><strong>involvunt</strong></span> <span class='ocrx_word' id='word_1_276' title='bbox 1446 1737 1555 1785; x_wconf 89' lang='lat' dir='ltr'><strong>illae,</strong></span> <span class='ocrx_word' id='word_1_277' title='bbox 1585 1749 1751 1788; x_wconf 88' lang='lat' dir='ltr'><strong>quarum</strong></span> <span class='ocrx_word' id='word_1_278' title='bbox 1778 1746 1860 1778; x_wconf 75' lang='lat' dir='ltr'><strong>ten-</strong></span> 
     </span>
     <span class='ocr_line' id='line_1_30' title="bbox 72 1794 1861 1847; baseline 0.002 -15"><span class='ocrx_word' id='word_1_279' title='bbox 72 1794 166 1832; x_wconf 86' lang='lat' dir='ltr'><strong>mini</strong></span> <span class='ocrx_word' id='word_1_280' title='bbox 195 1802 288 1832; x_wconf 86' lang='lat' dir='ltr'><strong>sunt</strong></span> <span class='ocrx_word' id='word_1_281' title='bbox 315 1795 413 1832; x_wconf 78' lang='lat' dir='ltr'><strong>inter</strong></span> <span class='ocrx_word' id='word_1_282' title='bbox 441 1805 484 1833; x_wconf 87' lang='lat' dir='ltr'><strong>se</strong></span> <span class='ocrx_word' id='word_1_283' title='bbox 514 1795 933 1836; x_wconf 84' lang='lat' dir='ltr'><strong>incommensurabiles.</strong></span> <span class='ocrx_word' id='word_1_284' title='bbox 964 1796 1016 1833; x_wconf 76' lang='lat' dir='ltr'><strong>At</strong></span> <span class='ocrx_word' id='word_1_285' title='bbox 1035 1796 1279 1834; x_wconf 83' lang='lat' dir='ltr'><strong>harmonicae</strong></span> <span class='ocrx_word' id='word_1_286' title='bbox 1310 1797 1578 1847; x_wconf 81' lang='lat' dir='ltr'><strong>proportiones</strong></span> <span class='ocrx_word' id='word_1_287' title='bbox 1605 1807 1741 1835; x_wconf 85' lang='lat' dir='ltr'><strong>omues</strong></span> <span class='ocrx_word' id='word_1_288' title='bbox 1769 1802 1861 1836; x_wconf 82' lang='lat' dir='ltr'><strong>suut</strong></span> 
     </span>
     <span class='ocr_line' id='line_1_31' title="bbox 6 1850 1859 1905; baseline 0.003 -16"><span class='ocrx_word' id='word_1_289' title='bbox 6 1868 8 1873; x_wconf 86' lang='lat'><em>·</em></span> <span class='ocrx_word' id='word_1_290' title='bbox 74 1850 263 1899; x_wconf 71' lang='lat' dir='ltr'><strong>affabiles,</strong></span> <span class='ocrx_word' id='word_1_291' title='bbox 294 1853 465 1890; x_wconf 88' lang='lat' dir='ltr'><strong>onmium</strong></span> <span class='ocrx_word' id='word_1_292' title='bbox 495 1855 646 1891; x_wconf 89' lang='lat' dir='ltr'><strong>termini</strong></span> <span class='ocrx_word' id='word_1_293' title='bbox 674 1853 1051 1903; x_wconf 83' lang='lat' dir='ltr'><strong>commensurabiles,</strong></span> <span class='ocrx_word' id='word_1_294' title='bbox 1081 1855 1186 1904; x_wconf 87' lang='lat' dir='ltr'><strong>iique</strong></span> <span class='ocrx_word' id='word_1_295' title='bbox 1214 1853 1382 1893; x_wconf 86' lang='lat' dir='ltr'><strong>desumti</strong></span> <span class='ocrx_word' id='word_1_296' title='bbox 1401 1866 1451 1892; x_wconf 85' lang='lat' dir='ltr'><strong>ex</strong></span> <span class='ocrx_word' id='word_1_297' title='bbox 1477 1853 1687 1904; x_wconf 79' lang='lat' dir='ltr'><strong>figurarum</strong></span> <span class='ocrx_word' id='word_1_298' title='bbox 1717 1854 1859 1905; x_wconf 85' lang='lat' dir='ltr'><strong>plana·</strong></span> 
     </span>
     <span class='ocr_line' id='line_1_32' title="bbox 73 1909 1859 1962; baseline 0.003 -14"><span class='ocrx_word' id='word_1_299' title='bbox 73 1914 295 1948; x_wconf 80' lang='lat' dir='ltr'><strong>rumeerta</strong></span> <span class='ocrx_word' id='word_1_300' title='bbox 320 1919 362 1948; x_wconf 82' lang='lat' dir='ltr'><strong>et</strong></span> <span class='ocrx_word' id='word_1_301' title='bbox 389 1909 499 1948; x_wconf 88' lang='lat' dir='ltr'><strong>finita</strong></span> <span class='ocrx_word' id='word_1_302' title='bbox 527 1914 669 1962; x_wconf 86' lang='lat' dir='ltr'><strong>specie.</strong></span> <span class='ocrx_word' id='word_1_303' title='bbox 727 1911 903 1951; x_wconf 83' lang='lat' dir='ltr'><strong>Infinitas</strong></span> <span class='ocrx_word' id='word_1_304' title='bbox 933 1923 1028 1951; x_wconf 91' lang='lat' dir='ltr'><strong>vero</strong></span> <span class='ocrx_word' id='word_1_305' title='bbox 1057 1913 1239 1950; x_wconf 86' lang='lat' dir='ltr'><strong>sectionis</strong></span> <span class='ocrx_word' id='word_1_306' title='bbox 1268 1913 1494 1960; x_wconf 81' lang='lat' dir='ltr'><strong>materiam,</strong></span> <span class='ocrx_word' id='word_1_307' title='bbox 1537 1914 1859 1953; x_wconf 86' lang='lat' dir='ltr'><strong>commensuratio</strong></span> 
     </span>
     <span class='ocr_line' id='line_1_33' title="bbox 76 1967 1859 2021; baseline 0.003 -17"><span class='ocrx_word' id='word_1_308' title='bbox 76 1977 170 2005; x_wconf 83' lang='lat' dir='ltr'><strong>vero</strong></span> <span class='ocrx_word' id='word_1_309' title='bbox 196 1978 268 2006; x_wconf 86' lang='lat' dir='ltr'><strong>seu</strong></span> <span class='ocrx_word' id='word_1_310' title='bbox 297 1967 506 2007; x_wconf 59' lang='lat' dir='ltr'><strong>cubilitas</strong></span> <span class='ocrx_word' id='word_1_311' title='bbox 548 1971 796 2008; x_wconf 86' lang='lat' dir='ltr'><strong>terminorum</strong></span> <span class='ocrx_word' id='word_1_312' title='bbox 824 1970 987 2009; x_wconf 74' lang='lat' dir='ltr'><strong>formam</strong></span> <span class='ocrx_word' id='word_1_313' title='bbox 1024 1976 1299 2021; x_wconf 84' lang='lat' dir='ltr'><strong>repraesentat.</strong></span> <span class='ocrx_word' id='word_1_314' title='bbox 1359 1968 1412 2010; x_wconf 90' lang='lat' dir='ltr'><strong>Ut</strong></span> <span class='ocrx_word' id='word_1_315' title='bbox 1441 1971 1557 2021; x_wconf 86' lang='lat' dir='ltr'><strong>igitur</strong></span> <span class='ocrx_word' id='word_1_316' title='bbox 1585 1973 1749 2011; x_wconf 85' lang='lat' dir='ltr'><strong>materia</strong></span> <span class='ocrx_word' id='word_1_317' title='bbox 1776 1972 1859 2011; x_wconf 75' lang='lat' dir='ltr'><strong>for-</strong></span> 
     </span>
     <span class='ocr_line' id='line_1_34' title="bbox 76 2024 1859 2080; baseline 0.003 -17"><span class='ocrx_word' id='word_1_318' title='bbox 76 2035 193 2071; x_wconf 84' lang='lat' dir='ltr'><strong>mam,</strong></span> <span class='ocrx_word' id='word_1_319' title='bbox 223 2030 267 2064; x_wconf 87' lang='lat' dir='ltr'><strong>ut</strong></span> <span class='ocrx_word' id='word_1_320' title='bbox 295 2024 390 2064; x_wconf 83' lang='lat' dir='ltr'><strong>rude</strong></span> <span class='ocrx_word' id='word_1_321' title='bbox 419 2037 580 2075; x_wconf 83' lang='lat' dir='ltr'><strong>saxum,</strong></span> <span class='ocrx_word' id='word_1_322' title='bbox 606 2027 739 2076; x_wconf 68' lang='lat' dir='ltr'><strong>iustae</strong></span> <span class='ocrx_word' id='word_1_323' title='bbox 769 2028 926 2077; x_wconf 88' lang='lat' dir='ltr'><strong>quidem</strong></span> <span class='ocrx_word' id='word_1_324' title='bbox 956 2029 1206 2077; x_wconf 88' lang='lat' dir='ltr'><strong>quantitatis,</strong></span> <span class='ocrx_word' id='word_1_325' title='bbox 1237 2028 1365 2067; x_wconf 88' lang='lat' dir='ltr'><strong>ideam</strong></span> <span class='ocrx_word' id='word_1_326' title='bbox 1395 2029 1554 2068; x_wconf 86' lang='lat' dir='ltr'><strong>humani</strong></span> <span class='ocrx_word' id='word_1_327' title='bbox 1586 2030 1772 2080; x_wconf 84' lang='lat' dir='ltr'><strong>corporis,</strong></span> <span class='ocrx_word' id='word_1_328' title='bbox 1801 2030 1859 2069; x_wconf 89' lang='lat' dir='ltr'><strong>sic</strong></span> 
     </span>
    </p>
   </div>
   <div class='ocr_carea' id='block_1_12' title="bbox 0 2083 1860 2199">
    <p class='ocr_par' dir='ltr' id='par_1_13' title="bbox 0 2083 1860 2199">
     <span class='ocr_line' id='line_1_35' title="bbox 0 2083 1859 2137; baseline 0.003 -17"><span class='ocrx_word' id='word_1_329' title='bbox 0 2102 8 2120; x_wconf 66' lang='lat'><strong>=.</strong></span> <span class='ocrx_word' id='word_1_330' title='bbox 31 2086 37 2089; x_wconf 75' lang='grc'>’</span> <span class='ocrx_word' id='word_1_331' title='bbox 72 2084 332 2131; x_wconf 81' lang='lat' dir='ltr'><strong>geometricae</strong></span> <span class='ocrx_word' id='word_1_332' title='bbox 361 2083 543 2133; x_wconf 80' lang='lat' dir='ltr'><strong>figurales</strong></span> <span class='ocrx_word' id='word_1_333' title='bbox 574 2087 840 2137; x_wconf 85' lang='lat' dir='ltr'><strong>proportiones</strong></span> <span class='ocrx_word' id='word_1_334' title='bbox 870 2086 1091 2125; x_wconf 80' lang='lat' dir='ltr'><strong>harmonias</strong></span> <span class='ocrx_word' id='word_1_335' title='bbox 1109 2092 1321 2137; x_wconf 79' lang='lat' dir='ltr'><strong>appetunt3</strong></span> <span class='ocrx_word' id='word_1_336' title='bbox 1351 2098 1429 2125; x_wconf 89' lang='lat' dir='ltr'><strong>nou</strong></span> <span class='ocrx_word' id='word_1_337' title='bbox 1457 2092 1503 2125; x_wconf 87' lang='lat' dir='ltr'><strong>ut</strong></span> <span class='ocrx_word' id='word_1_338' title='bbox 1529 2086 1678 2137; x_wconf 82' lang='lat' dir='ltr'><strong>fingant</strong></span> <span class='ocrx_word' id='word_1_339' title='bbox 1708 2093 1748 2126; x_wconf 87' lang='grc' dir='ltr'><strong>ει</strong></span> <span class='ocrx_word' id='word_1_340' title='bbox 1775 2087 1859 2126; x_wconf 74' lang='lat' dir='ltr'><strong>for·</strong></span> 
     </span>
     <span class='ocr_line' id='line_1_36' title="bbox 0 2139 1860 2199; baseline 0.004 -22"><span class='ocrx_word' id='word_1_341' title='bbox 0 2174 2 2199; x_wconf 29' lang='grc' dir='ltr'>ἱ</span> <span class='ocrx_word' id='word_1_342' title='bbox 29 2139 37 2177; x_wconf 78' lang='grc' dir='ltr'>ἶ</span> <span class='ocrx_word' id='word_1_343' title='bbox 74 2147 181 2181; x_wconf 81' lang='lat' dir='ltr'><strong>ment</strong></span> <span class='ocrx_word' id='word_1_344' title='bbox 209 2140 319 2188; x_wconf 75' lang='lat' dir='ltr'><strong>illas,</strong></span> <span class='ocrx_word' id='word_1_345' title='bbox 360 2141 432 2188; x_wconf 78' lang='lat' dir='ltr'><strong>sed</strong></span> <span class='ocrx_word' id='word_1_346' title='bbox 459 2144 553 2192; x_wconf 88' lang='lat' dir='ltr'><strong>quia</strong></span> <span class='ocrx_word' id='word_1_347' title='bbox 581 2144 680 2183; x_wconf 90' lang='lat' dir='ltr'><strong>haec</strong></span> <span class='ocrx_word' id='word_1_348' title='bbox 708 2146 871 2183; x_wconf 87' lang='lat' dir='ltr'><strong>materia</strong></span> <span class='ocrx_word' id='word_1_349' title='bbox 898 2144 950 2182; x_wconf 91' lang='lat' dir='ltr'><strong>ad</strong></span> <span class='ocrx_word' id='word_1_350' title='bbox 978 2144 1079 2183; x_wconf 88' lang='lat' dir='ltr'><strong>hanc</strong></span> <span class='ocrx_word' id='word_1_351' title='bbox 1114 2145 1298 2193; x_wconf 76' lang='lat' dir='ltr'><strong>sormam,</strong></span> <span class='ocrx_word' id='word_1_352' title='bbox 1339 2145 1438 2184; x_wconf 85' lang='lat' dir='ltr'><strong>haec</strong></span> <span class='ocrx_word' id='word_1_353' title='bbox 1466 2146 1552 2184; x_wconf 87' lang='lat' dir='ltr'><strong>saxi</strong></span> <span class='ocrx_word' id='word_1_354' title='bbox 1582 2147 1779 2194; x_wconf 80' lang='lat' dir='ltr'><strong>quantitas</strong></span> <span class='ocrx_word' id='word_1_355' title='bbox 1808 2144 1860 2184; x_wconf 82' lang='lat' dir='ltr'><strong>ad</strong></span> 
     </span>
    </p>
   </div>
   <div class='ocr_carea' id='block_1_13' title="bbox 0 2196 1862 3119">
    <p class='ocr_par' dir='ltr' id='par_1_14' title="bbox 0 2196 1862 3119">
     <span class='ocr_line' id='line_1_37' title="bbox 74 2196 1860 2254; baseline 0.003 -17.801"><span class='ocrx_word' id='word_1_356' title='bbox 74 2196 175 2236; x_wconf 82' lang='lat' dir='ltr'><strong>banc</strong></span> <span class='ocrx_word' id='word_1_357' title='bbox 204 2198 382 2248; x_wconf 79' lang='lat' dir='ltr'><strong>effigiem,</strong></span> <span class='ocrx_word' id='word_1_358' title='bbox 411 2199 510 2239; x_wconf 86' lang='lat' dir='ltr'><strong>haec</strong></span> <span class='ocrx_word' id='word_1_359' title='bbox 536 2203 654 2241; x_wconf 86' lang='lat' dir='ltr'><strong>etiam</strong></span> <span class='ocrx_word' id='word_1_360' title='bbox 683 2202 855 2251; x_wconf 87' lang='lat' dir='ltr'><strong>figuralis</strong></span> <span class='ocrx_word' id='word_1_361' title='bbox 886 2204 1083 2254; x_wconf 88' lang='lat' dir='ltr'><strong>proportio</strong></span> <span class='ocrx_word' id='word_1_362' title='bbox 1110 2202 1162 2241; x_wconf 87' lang='lat' dir='ltr'><strong>ad</strong></span> <span class='ocrx_word' id='word_1_363' title='bbox 1192 2203 1294 2241; x_wconf 86' lang='lat' dir='ltr'><strong>hanc</strong></span> <span class='ocrx_word' id='word_1_364' title='bbox 1321 2203 1562 2241; x_wconf 88' lang='lat' dir='ltr'><strong>harmoniam</strong></span> <span class='ocrx_word' id='word_1_365' title='bbox 1592 2202 1758 2252; x_wconf 84' lang='lat' dir='ltr'><strong>quadrat</strong></span> <span class='ocrx_word' id='word_1_366' title='bbox 1785 2213 1860 2254; x_wconf 84' lang='lat' dir='ltr'><strong>ap·</strong></span> 
     </span>
     <span class='ocr_line' id='line_1_38' title="bbox 32 2257 1861 2312; baseline 0.002 -16"><span class='ocrx_word' id='word_1_367' title='bbox 32 2286 33 2289; x_wconf 19' lang='grc' dir='ltr'>η</span> <span class='ocrx_word' id='word_1_368' title='bbox 73 2257 171 2303; x_wconf 76' lang='lat' dir='ltr'><strong>tius,</strong></span> <span class='ocrx_word' id='word_1_369' title='bbox 212 2263 259 2294; x_wconf 87' lang='grc' dir='ltr'><strong>ιιι</strong></span> <span class='ocrx_word' id='word_1_370' title='bbox 285 2258 402 2306; x_wconf 81' lang='lat' dir='ltr'><strong>igitur</strong></span> <span class='ocrx_word' id='word_1_371' title='bbox 429 2257 623 2308; x_wconf 87' lang='lat' dir='ltr'><strong>fingantur</strong></span> <span class='ocrx_word' id='word_1_372' title='bbox 651 2261 937 2311; x_wconf 77' lang='lat' dir='ltr'><strong>formenturque</strong></span> <span class='ocrx_word' id='word_1_373' title='bbox 968 2260 1155 2312; x_wconf 81' lang='lat' dir='ltr'><strong>ampliuS,</strong></span> <span class='ocrx_word' id='word_1_374' title='bbox 1194 2262 1356 2299; x_wconf 87' lang='lat' dir='ltr'><strong>materia</strong></span> <span class='ocrx_word' id='word_1_375' title='bbox 1385 2261 1542 2311; x_wconf 88' lang='lat' dir='ltr'><strong>quidem</strong></span> <span class='ocrx_word' id='word_1_376' title='bbox 1572 2273 1597 2299; x_wconf 89' lang='lat' dir='ltr'><strong>a</strong></span> <span class='ocrx_word' id='word_1_377' title='bbox 1625 2272 1698 2298; x_wconf 87' lang='lat' dir='ltr'><strong>sua</strong></span> <span class='ocrx_word' id='word_1_378' title='bbox 1727 2261 1861 2309; x_wconf 81' lang='lat' dir='ltr'><strong>forma,</strong></span> 
     </span>
     <span class='ocr_line' id='line_1_39' title="bbox 27 2314 1862 2387; baseline 0.003 -35"><span class='ocrx_word' id='word_1_379' title='bbox 27 2330 41 2371; x_wconf 41' lang='grc' dir='ltr'><em>ᾗ</em></span> <span class='ocrx_word' id='word_1_380' title='bbox 72 2323 215 2357; x_wconf 74' lang='lat' dir='ltr'><strong>saxum</strong></span> <span class='ocrx_word' id='word_1_381' title='bbox 242 2326 268 2352; x_wconf 88' lang='lat' dir='ltr'><strong>a</strong></span> <span class='ocrx_word' id='word_1_382' title='bbox 295 2314 448 2365; x_wconf 80' lang='lat' dir='ltr'><strong>,colapte</strong></span> <span class='ocrx_word' id='word_1_383' title='bbox 476 2318 515 2354; x_wconf 91' lang='grc' dir='ltr'><strong>ιιι</strong></span> <span class='ocrx_word' id='word_1_384' title='bbox 555 2320 723 2368; x_wconf 87' lang='lat' dir='ltr'><strong>speciem</strong></span> <span class='ocrx_word' id='word_1_385' title='bbox 752 2320 982 2366; x_wconf 83' lang='lat' dir='ltr'><strong>animantis3</strong></span> <span class='ocrx_word' id='word_1_386' title='bbox 1021 2320 1219 2370; x_wconf 85' lang='lat' dir='ltr'><strong>proportio</strong></span> <span class='ocrx_word' id='word_1_387' title='bbox 1251 2330 1343 2359; x_wconf 88' lang='lat' dir='ltr'><strong>vero</strong></span> <span class='ocrx_word' id='word_1_388' title='bbox 1382 2319 1534 2357; x_wconf 90' lang='lat' dir='ltr'><strong>orbium</strong></span> <span class='ocrx_word' id='word_1_389' title='bbox 1573 2317 1795 2387; x_wconf 80' lang='lat' dir='ltr'><strong>figuralium</strong></span> <span class='ocrx_word' id='word_1_390' title='bbox 1834 2330 1862 2357; x_wconf 85' lang='lat' dir='ltr'><strong>a</strong></span> 
     </span>
     <span class='ocr_line' id='line_1_40' title="bbox 34 2371 1775 2446; baseline 0.005 -36"><span class='ocrx_word' id='word_1_391' title='bbox 34 2425 36 2427; x_wconf 16' lang='lat' dir='ltr'>v</span> <span class='ocrx_word' id='word_1_392' title='bbox 72 2381 160 2446; x_wconf 83' lang='grc' dir='ltr'>ιιιι,</span> <span class='ocrx_word' id='word_1_393' title='bbox 188 2371 229 2410; x_wconf 88' lang='lat' dir='ltr'><strong>id</strong></span> <span class='ocrx_word' id='word_1_394' title='bbox 259 2378 319 2410; x_wconf 86' lang='lat' dir='ltr'><strong>est</strong></span> <span class='ocrx_word' id='word_1_395' title='bbox 346 2375 564 2424; x_wconf 88' lang='lat' dir='ltr'><strong>propinqua</strong></span> <span class='ocrx_word' id='word_1_396' title='bbox 593 2381 633 2415; x_wconf 87' lang='lat' dir='ltr'><strong>et</strong></span> <span class='ocrx_word' id='word_1_397' title='bbox 661 2382 754 2427; x_wconf 87' lang='lat' dir='ltr'><strong>apta</strong></span> <span class='ocrx_word' id='word_1_398' title='bbox 784 2376 996 2415; x_wconf 89' lang='lat' dir='ltr'><strong>harmonia.</strong></span> <span class='ocrx_word' id='word_1_399' title='bbox 1774 2402 1775 2405; x_wconf 62' lang='lat'><em>=</em></span> 
     </span>
     <span class='ocr_line' id='line_1_41' title="bbox 33 2402 1859 2482; baseline 0.002 -14"><span class='ocrx_word' id='word_1_400' title='bbox 33 2436 74 2477; x_wconf 51' lang='lat' dir='ltr'><strong>g</strong></span> <span class='ocrx_word' id='word_1_401' title='bbox 149 2428 299 2479; x_wconf 84' lang='lat' dir='ltr'><strong>·Quae</strong></span> <span class='ocrx_word' id='word_1_402' title='bbox 329 2430 405 2468; x_wconf 87' lang='lat' dir='ltr'><strong>huc</strong></span> <span class='ocrx_word' id='word_1_403' title='bbox 433 2442 555 2482; x_wconf 83' lang='lat' dir='ltr'><strong>usque</strong></span> <span class='ocrx_word' id='word_1_404' title='bbox 583 2439 675 2472; x_wconf 89' lang='lat' dir='ltr'><strong>sunt</strong></span> <span class='ocrx_word' id='word_1_405' title='bbox 703 2434 829 2482; x_wconf 85' lang='lat' dir='ltr'><strong>dicta,</strong></span> <span class='ocrx_word' id='word_1_406' title='bbox 874 2434 1037 2472; x_wconf 87' lang='lat' dir='ltr'><strong>clariora</strong></span> <span class='ocrx_word' id='word_1_407' title='bbox 1066 2433 1159 2471; x_wconf 82' lang='lat' dir='ltr'><strong>flent</strong></span> <span class='ocrx_word' id='word_1_408' title='bbox 1188 2445 1236 2471; x_wconf 86' lang='lat' dir='ltr'><strong>ex</strong></span> <span class='ocrx_word' id='word_1_409' title='bbox 1266 2433 1430 2472; x_wconf 91' lang='lat' dir='ltr'><strong>historia</strong></span> <span class='ocrx_word' id='word_1_410' title='bbox 1459 2444 1631 2472; x_wconf 89' lang='lat' dir='ltr'><strong>mearum</strong></span> <span class='ocrx_word' id='word_1_411' title='bbox 1662 2402 1859 2472; x_wconf 83' lang='lat' dir='ltr'><strong>inventio·</strong></span> 
     </span>
     <span class='ocr_line' id='line_1_42' title="bbox 27 2462 1859 2542; baseline 0.003 -17"><span class='ocrx_word' id='word_1_412' title='bbox 27 2482 54 2521; x_wconf 55' lang='lat'><strong>55.</strong></span> <span class='ocrx_word' id='word_1_413' title='bbox 66 2462 178 2526; x_wconf 64' lang='lat' dir='ltr'><strong>num.</strong></span> <span class='ocrx_word' id='word_1_414' title='bbox 238 2487 337 2526; x_wconf 90' lang='lat' dir='ltr'><strong>Cum</strong></span> <span class='ocrx_word' id='word_1_415' title='bbox 365 2494 456 2527; x_wconf 85' lang='lat' dir='ltr'><strong>ante</strong></span> <span class='ocrx_word' id='word_1_416' title='bbox 485 2492 540 2528; x_wconf 78' lang='lat'><strong>24</strong></span> <span class='ocrx_word' id='word_1_417' title='bbox 568 2503 691 2530; x_wconf 82' lang='lat' dir='ltr'><strong>annos</strong></span> <span class='ocrx_word' id='word_1_418' title='bbox 722 2493 760 2529; x_wconf 90' lang='lat' dir='ltr'><strong>in</strong></span> <span class='ocrx_word' id='word_1_419' title='bbox 790 2492 890 2530; x_wconf 88' lang='lat' dir='ltr'><strong>hanc</strong></span> <span class='ocrx_word' id='word_1_420' title='bbox 921 2491 1285 2542; x_wconf 85' lang='lat' dir='ltr'><strong>contemplationem</strong></span> <span class='ocrx_word' id='word_1_421' title='bbox 1318 2491 1560 2539; x_wconf 86' lang='lat' dir='ltr'><strong>incidissem,</strong></span> <span class='ocrx_word' id='word_1_422' title='bbox 1600 2493 1767 2542; x_wconf 89' lang='lat' dir='ltr'><strong>primum</strong></span> <span class='ocrx_word' id='word_1_423' title='bbox 1795 2493 1859 2530; x_wconf 85' lang='lat' dir='ltr'><strong>in·</strong></span> 
     </span>
     <span class='ocr_line' id='line_1_43' title="bbox 73 2545 1858 2600; baseline 0.003 -17.843"><span class='ocrx_word' id='word_1_424' title='bbox 73 2545 244 2593; x_wconf 78' lang='lat' dir='ltr'><strong>quisivi,</strong></span> <span class='ocrx_word' id='word_1_425' title='bbox 284 2557 376 2583; x_wconf 90' lang='lat' dir='ltr'><strong>num</strong></span> <span class='ocrx_word' id='word_1_426' title='bbox 413 2547 643 2600; x_wconf 84' lang='lat' dir='ltr'><strong>aequalibus</strong></span> <span class='ocrx_word' id='word_1_427' title='bbox 688 2549 903 2588; x_wconf 88' lang='lat' dir='ltr'><strong>intervallis</strong></span> <span class='ocrx_word' id='word_1_428' title='bbox 943 2550 995 2587; x_wconf 88' lang='lat' dir='ltr'><strong>ab</strong></span> <span class='ocrx_word' id='word_1_429' title='bbox 1032 2551 1199 2588; x_wconf 84' lang='lat' dir='ltr'><strong>invicem</strong></span> <span class='ocrx_word' id='word_1_430' title='bbox 1240 2549 1426 2588; x_wconf 85' lang='lat' dir='ltr'><strong>distarent</strong></span> <span class='ocrx_word' id='word_1_431' title='bbox 1462 2549 1576 2588; x_wconf 85' lang='lat' dir='ltr'><strong>orbes</strong></span> <span class='ocrx_word' id='word_1_432' title='bbox 1612 2549 1858 2600; x_wconf 83' lang='lat' dir='ltr'><strong>planetarum</strong></span> 
     </span>
     <span class='ocr_line' id='line_1_44' title="bbox 25 2602 1857 2659; baseline 0.004 -19"><span class='ocrx_word' id='word_1_433' title='bbox 25 2612 43 2653; x_wconf 48' lang='grc' dir='ltr'><strong>ηςζ</strong></span> <span class='ocrx_word' id='word_1_434' title='bbox 70 2602 216 2652; x_wconf 62' lang='lat' dir='ltr'><strong>singuli</strong></span> <span class='ocrx_word' id='word_1_435' title='bbox 245 2602 408 2655; x_wconf 90' lang='lat' dir='ltr'><strong>(distant</strong></span> <span class='ocrx_word' id='word_1_436' title='bbox 423 2615 463 2643; x_wconf 86' lang='grc' dir='ltr'><strong>ιι.</strong></span> <span class='ocrx_word' id='word_1_437' title='bbox 485 2606 596 2645; x_wconf 87' lang='lat' dir='ltr'><strong>orbes</strong></span> <span class='ocrx_word' id='word_1_438' title='bbox 625 2609 664 2644; x_wconf 90' lang='grc' dir='ltr'><strong>ιιι</strong></span> <span class='ocrx_word' id='word_1_439' title='bbox 694 2608 920 2658; x_wconf 87' lang='lat' dir='ltr'><strong>Copernico,</strong></span> <span class='ocrx_word' id='word_1_440' title='bbox 952 2618 1024 2646; x_wconf 86' lang='lat' dir='ltr'><strong>nec</strong></span> <span class='ocrx_word' id='word_1_441' title='bbox 1054 2618 1139 2646; x_wconf 89' lang='lat' dir='ltr'><strong>sese</strong></span> <span class='ocrx_word' id='word_1_442' title='bbox 1167 2612 1303 2646; x_wconf 90' lang='lat' dir='ltr'><strong>mutuo</strong></span> <span class='ocrx_word' id='word_1_443' title='bbox 1324 2607 1552 2659; x_wconf 84' lang='lat' dir='ltr'><strong>attingunt):</strong></span> <span class='ocrx_word' id='word_1_444' title='bbox 1583 2607 1680 2645; x_wconf 87' lang='lat' dir='ltr'><strong>nibil</strong></span> <span class='ocrx_word' id='word_1_445' title='bbox 1709 2607 1857 2647; x_wconf 80' lang='lat' dir='ltr'><strong>scilieet</strong></span> 
     </span>
     <span class='ocr_line' id='line_1_45' title="bbox 38 2660 1857 2715; baseline 0.003 -17"><span class='ocrx_word' id='word_1_446' title='bbox 38 2669 40 2671; x_wconf 72' lang='grc'><strong><em>’</em></strong></span> <span class='ocrx_word' id='word_1_447' title='bbox 68 2660 271 2709; x_wconf 75' lang='lat' dir='ltr'><strong>pulchrius</strong></span> <span class='ocrx_word' id='word_1_448' title='bbox 312 2662 572 2710; x_wconf 82' lang='lat' dir='ltr'><strong>agnoscebam</strong></span> <span class='ocrx_word' id='word_1_449' title='bbox 608 2665 857 2715; x_wconf 84' lang='lat' dir='ltr'><strong>aequalitatis</strong></span> <span class='ocrx_word' id='word_1_450' title='bbox 896 2667 1059 2704; x_wconf 85' lang='lat' dir='ltr'><strong>ratione.</strong></span> <span class='ocrx_word' id='word_1_451' title='bbox 1118 2665 1184 2703; x_wconf 86' lang='lat' dir='ltr'><strong>Illi</strong></span> <span class='ocrx_word' id='word_1_452' title='bbox 1214 2677 1305 2703; x_wconf 87' lang='lat' dir='ltr'><strong>vero</strong></span> <span class='ocrx_word' id='word_1_453' title='bbox 1345 2671 1462 2715; x_wconf 86' lang='lat' dir='ltr'><strong>caput</strong></span> <span class='ocrx_word' id='word_1_454' title='bbox 1501 2671 1541 2703; x_wconf 90' lang='lat' dir='ltr'><strong>et</strong></span> <span class='ocrx_word' id='word_1_455' title='bbox 1570 2665 1697 2703; x_wconf 84' lang='lat' dir='ltr'><strong>cauda</strong></span> <span class='ocrx_word' id='word_1_456' title='bbox 1725 2664 1857 2704; x_wconf 83' lang='lat' dir='ltr'><strong>deest·</strong></span> 
     </span>
     <span class='ocr_line' id='line_1_46' title="bbox 72 2717 1857 2774; baseline 0.004 -19"><span class='ocrx_word' id='word_1_457' title='bbox 72 2717 225 2760; x_wconf 63' lang='lat' dir='ltr'><strong>nullum</strong></span> <span class='ocrx_word' id='word_1_458' title='bbox 254 2720 357 2758; x_wconf 89' lang='lat' dir='ltr'><strong>enim</strong></span> <span class='ocrx_word' id='word_1_459' title='bbox 386 2730 586 2758; x_wconf 90' lang='lat' dir='ltr'><strong>numerum</strong></span> <span class='ocrx_word' id='word_1_460' title='bbox 615 2728 759 2760; x_wconf 87' lang='lat' dir='ltr'><strong>certum</strong></span> <span class='ocrx_word' id='word_1_461' title='bbox 789 2734 992 2774; x_wconf 89' lang='lat' dir='ltr'><strong>corporum</strong></span> <span class='ocrx_word' id='word_1_462' title='bbox 1021 2723 1244 2770; x_wconf 90' lang='lat' dir='ltr'><strong>mobilium,</strong></span> <span class='ocrx_word' id='word_1_463' title='bbox 1291 2723 1436 2761; x_wconf 88' lang='lat' dir='ltr'><strong>nullam</strong></span> <span class='ocrx_word' id='word_1_464' title='bbox 1467 2728 1611 2762; x_wconf 87' lang='lat' dir='ltr'><strong>certam</strong></span> <span class='ocrx_word' id='word_1_465' title='bbox 1640 2723 1857 2763; x_wconf 86' lang='lat' dir='ltr'><strong>intervallis</strong></span> 
     </span>
     <span class='ocr_line' id='line_1_47' title="bbox 45 2777 1856 2830; baseline 0.003 -15"><span class='ocrx_word' id='word_1_466' title='bbox 45 2778 331 2823; x_wconf 17' lang='lat' dir='ltr'><strong>¹‘suutntitatem</strong></span> <span class='ocrx_word' id='word_1_467' title='bbox 369 2777 580 2827; x_wconf 86' lang='lat' dir='ltr'><strong>praebebat</strong></span> <span class='ocrx_word' id='word_1_468' title='bbox 620 2779 719 2818; x_wconf 87' lang='lat' dir='ltr'><strong>baec</strong></span> <span class='ocrx_word' id='word_1_469' title='bbox 754 2781 964 2819; x_wconf 87' lang='lat' dir='ltr'><strong>materialis</strong></span> <span class='ocrx_word' id='word_1_470' title='bbox 1007 2780 1240 2830; x_wconf 86' lang='lat' dir='ltr'><strong>aequalitas.</strong></span> <span class='ocrx_word' id='word_1_471' title='bbox 1300 2780 1482 2829; x_wconf 84' lang='lat' dir='ltr'><strong>Cogitavi</strong></span> <span class='ocrx_word' id='word_1_472' title='bbox 1510 2781 1628 2829; x_wconf 88' lang='lat' dir='ltr'><strong>igitur</strong></span> <span class='ocrx_word' id='word_1_473' title='bbox 1657 2780 1705 2820; x_wconf 90' lang='lat' dir='ltr'><strong>de</strong></span> <span class='ocrx_word' id='word_1_474' title='bbox 1734 2782 1856 2820; x_wconf 80' lang='lat' dir='ltr'><strong>inter-</strong></span> 
     </span>
     <span class='ocr_line' id='line_1_48' title="bbox 49 2832 1855 2889; baseline 0.005 -19"><span class='ocrx_word' id='word_1_475' title='bbox 49 2832 267 2886; x_wconf 58' lang='lat' dir='ltr'><strong>‘Jallorum</strong></span> <span class='ocrx_word' id='word_1_476' title='bbox 295 2834 543 2874; x_wconf 85' lang='lat' dir='ltr'><strong>similitudine</strong></span> <span class='ocrx_word' id='word_1_477' title='bbox 573 2835 624 2874; x_wconf 82' lang='lat' dir='ltr'><strong>ad</strong></span> <span class='ocrx_word' id='word_1_478' title='bbox 653 2837 778 2885; x_wconf 88' lang='lat' dir='ltr'><strong>orbes,</strong></span> <span class='ocrx_word' id='word_1_479' title='bbox 807 2838 847 2876; x_wconf 90' lang='lat' dir='ltr'><strong>id</strong></span> <span class='ocrx_word' id='word_1_480' title='bbox 877 2844 936 2877; x_wconf 88' lang='lat' dir='ltr'><strong>est</strong></span> <span class='ocrx_word' id='word_1_481' title='bbox 966 2838 1013 2877; x_wconf 90' lang='lat' dir='ltr'><strong>de</strong></span> <span class='ocrx_word' id='word_1_482' title='bbox 1042 2839 1302 2889; x_wconf 84' lang='lat' dir='ltr'><strong>proportione.</strong></span> <span class='ocrx_word' id='word_1_483' title='bbox 1350 2839 1405 2875; x_wconf 87' lang='lat' dir='ltr'><strong>At</strong></span> <span class='ocrx_word' id='word_1_484' title='bbox 1433 2838 1667 2887; x_wconf 87' lang='lat' dir='ltr'><strong>sequebatur</strong></span> <span class='ocrx_word' id='word_1_485' title='bbox 1696 2838 1855 2888; x_wconf 77' lang='lat' dir='ltr'><strong>querela</strong></span> 
     </span>
     <span class='ocr_line' id='line_1_49' title="bbox 0 2889 1854 2950; baseline 0.004 -22"><span class='ocrx_word' id='word_1_486' title='bbox 0 2928 1 2937; x_wconf 56' lang='grc'>,</span> <span class='ocrx_word' id='word_1_487' title='bbox 71 2889 236 2939; x_wconf 65' lang='lat' dir='ltr'><strong>andem</strong></span> <span class='ocrx_word' id='word_1_488' title='bbox 265 2903 355 2930; x_wconf 88' lang='lat' dir='ltr'><strong>nam</strong></span> <span class='ocrx_word' id='word_1_489' title='bbox 384 2895 458 2932; x_wconf 85' lang='lat' dir='ltr'><strong>etsi</strong></span> <span class='ocrx_word' id='word_1_490' title='bbox 487 2895 767 2943; x_wconf 85' lang='lat' dir='ltr'><strong>proveniebant</strong></span> <span class='ocrx_word' id='word_1_491' title='bbox 795 2895 950 2944; x_wconf 88' lang='lat' dir='ltr'><strong>quidem</strong></span> <span class='ocrx_word' id='word_1_492' title='bbox 981 2896 1186 2934; x_wconf 89' lang='lat' dir='ltr'><strong>intervalla</strong></span> <span class='ocrx_word' id='word_1_493' title='bbox 1223 2898 1321 2933; x_wconf 87' lang='lat' dir='ltr'><strong>inter</strong></span> <span class='ocrx_word' id='word_1_494' title='bbox 1350 2896 1466 2933; x_wconf 84' lang='lat' dir='ltr'><strong>orbes</strong></span> <span class='ocrx_word' id='word_1_495' title='bbox 1493 2895 1717 2945; x_wconf 80' lang='lat' dir='ltr'><strong>inaequalia</strong></span> <span class='ocrx_word' id='word_1_496' title='bbox 1743 2907 1854 2950; x_wconf 83' lang='lat' dir='ltr'><strong>saue,</strong></span> 
     </span>
     <span class='ocr_line' id='line_1_50' title="bbox 0 2943 1854 3008; baseline 0.001 -16"><span class='ocrx_word' id='word_1_497' title='bbox 0 2943 9 3005; x_wconf 29' lang='lat'><strong>⁸·</strong></span> <span class='ocrx_word' id='word_1_498' title='bbox 71 2952 119 2992; x_wconf 60' lang='lat'><strong>§.²</strong></span> <span class='ocrx_word' id='word_1_499' title='bbox 143 2959 219 2991; x_wconf 67' lang='lat' dir='ltr'><strong>nec</strong></span> <span class='ocrx_word' id='word_1_500' title='bbox 249 2950 502 2999; x_wconf 82' lang='lat' dir='ltr'><strong>inaequaliter</strong></span> <span class='ocrx_word' id='word_1_501' title='bbox 532 2951 766 3001; x_wconf 87' lang='lat' dir='ltr'><strong>inaequalia,</strong></span> <span class='ocrx_word' id='word_1_502' title='bbox 797 2958 842 2991; x_wconf 90' lang='lat' dir='ltr'><strong>ut</strong></span> <span class='ocrx_word' id='word_1_503' title='bbox 870 2954 954 2992; x_wconf 88' lang='lat' dir='ltr'><strong>vult</strong></span> <span class='ocrx_word' id='word_1_504' title='bbox 973 2954 1223 3004; x_wconf 87' lang='lat' dir='ltr'><strong>Copernicus‚</strong></span> <span class='ocrx_word' id='word_1_505' title='bbox 1252 2964 1324 2990; x_wconf 87' lang='lat' dir='ltr'><strong>nec</strong></span> <span class='ocrx_word' id='word_1_506' title='bbox 1353 2954 1550 3002; x_wconf 86' lang='lat' dir='ltr'><strong>quantitas</strong></span> <span class='ocrx_word' id='word_1_507' title='bbox 1578 2955 1854 3008; x_wconf 74' lang='lat' dir='ltr'><strong>proportionis,</strong></span> 
     </span>
     <span class='ocr_line' id='line_1_51' title="bbox 0 3007 1851 3068; baseline 0.004 -23"><span class='ocrx_word' id='word_1_508' title='bbox 0 3015 15 3064; x_wconf 54' lang='grc' dir='ltr'><strong>ς’.</strong></span> <span class='ocrx_word' id='word_1_509' title='bbox 51 3007 149 3046; x_wconf 45' lang='lat' dir='ltr'><strong>*nec</strong></span> <span class='ocrx_word' id='word_1_510' title='bbox 175 3017 354 3046; x_wconf 86' lang='lat' dir='ltr'><strong>numerus</strong></span> <span class='ocrx_word' id='word_1_511' title='bbox 383 3008 534 3051; x_wconf 87' lang='lat' dir='ltr'><strong>orbium</strong></span> <span class='ocrx_word' id='word_1_512' title='bbox 564 3009 811 3048; x_wconf 84' lang='lat' dir='ltr'><strong>efficiebatur.</strong></span> <span class='ocrx_word' id='word_1_513' title='bbox 870 3010 1050 3050; x_wconf 82' lang='lat' dir='ltr'><strong>Transivi</strong></span> <span class='ocrx_word' id='word_1_514' title='bbox 1084 3011 1140 3068; x_wconf 85' lang='lat' dir='ltr'><strong>¹ad</strong></span> <span class='ocrx_word' id='word_1_515' title='bbox 1170 3010 1313 3060; x_wconf 88' lang='lat' dir='ltr'><strong>figuras</strong></span> <span class='ocrx_word' id='word_1_516' title='bbox 1341 3010 1479 3061; x_wconf 85' lang='lat' dir='ltr'><strong>planas</strong></span> <span class='ocrx_word' id='word_1_517' title='bbox 1507 3010 1749 3062; x_wconf 55' lang='lat' dir='ltr'><strong>regulares3w</strong></span> <span class='ocrx_word' id='word_1_518' title='bbox 1769 3013 1851 3052; x_wconf 70' lang='lat' dir='ltr'><strong>tor·</strong></span> 
     </span>
     <span class='ocr_line' id='line_1_52' title="bbox 0 3069 1639 3119; baseline 0.004 -14"><span class='ocrx_word' id='word_1_519' title='bbox 0 3069 2 3079; x_wconf 79' lang='grc'>’</span> <span class='ocrx_word' id='word_1_520' title='bbox 74 3082 108 3102; x_wconf 65' lang='lat' dir='ltr'><strong>c¹&gt;</strong></span> <span class='ocrx_word' id='word_1_521' title='bbox 143 3076 270 3112; x_wconf 68' lang='grc' dir='ltr'>ιηιοει</span> <span class='ocrx_word' id='word_1_522' title='bbox 284 3078 384 3113; x_wconf 68' lang='lat' dir='ltr'><strong>opor·</strong></span> <span class='ocrx_word' id='word_1_523' title='bbox 400 3079 437 3108; x_wconf 90' lang='lat' dir='ltr'><strong>v.</strong></span> <span class='ocrx_word' id='word_1_524' title='bbox 1585 3081 1639 3119; x_wconf 81' lang='lat'><strong>21</strong></span> 
     </span>
    </p>
   </div>
  </div>
 </body>
</html>
