1994 3276
133 93 216 130 442
759 85 980 132 Appendicis
1003 87 1302 124 Harmonicorum

132 206 277 247 circulo
306 207 535 257 inscriptas,
568 204 716 245 scilicet
745 211 1011 258 tetragonum,
1045 209 1257 258 trigonum,
1288 209 1479 248 concinna
1499 208 1666 255 minime,
1697 205 1767 246 sed
1786 217 1930 245 unum-

134 265 318 317 quodque
348 265 484 303 horum
515 270 750 303 monstratur
778 277 850 304 seu
879 268 1051 317 gignitur
1078 278 1147 317 per
1178 268 1506 316 comparationum
1539 265 1705 305 duorum
1735 275 1930 303 consono-

134 335 240 374 rum3
272 327 316 362 ut
346 328 460 362 tonus
491 324 615 373 major
645 335 715 362 seu
744 321 802 379 ΒΛ)
831 336 900 375 per
930 325 1194 390 nonangulum
1224 327 1359 374 nequit
1389 327 1514 374 gigni,
1545 324 1643 363 nibil
1674 325 1777 362 enim
1805 323 1932 372 gignit

134 381 422 432 nonangulum‚
456 393 541 420 cum
573 383 624 419 sit
653 381 775 432 figura
804 374 1189 432 indemonstrabilis3
1213 390 1253 421 at
1284 383 1447 422 resultat
1475 380 1532 438 ss„
1562 394 1609 422 ex
1641 382 1930 433 comparatione

131 441 377 481 diatessaron
408 450 496 478 cum
528 439 727 489 diapente,
761 443 853 491 qnia
883 442 1008 481 differt
1039 438 1148 496 ³s4a
1124 439 1234 497 a²s3
1265 454 1334 492 per
1364 439 1440 497 gfff.

248 498 309 536 Tu
339 508 481 548 negas,
524 499 732 537 intervalla
770 501 921 539 minora
962 502 1052 539 oriri
1092 513 1138 539 ex
1171 502 1350 539 consonis
1383 499 1608 550 majoribus.
1668 499 1783 537 Enim
1823 508 1929 545 vero,

134 556 317 604 Roberte,
351 566 468 606 quam
502 556 567 594 diu
597 562 635 595 te
666 557 792 608 ipsum
824 560 862 596 in
893 558 1088 598 Hermetis
1117 561 1172 597 tui
1204 559 1312 597 lucos
1343 558 1541 606 abdidisti,
1571 559 1691 596 tuitus
1721 569 1764 595 es
1795 557 1930 596 existi-

131 617 343 654 mationem
374 620 589 665 utcunque,
629 617 788 665 perinde
819 627 866 656 ac
896 619 929 655 si
960 619 999 654 in
1030 617 1262 656 harmonicis
1301 618 1420 656 scires
1456 615 1604 666 aliquid
1640 616 1782 654 certius
1813 612 1930 652 rebus

132 674 431 721 mathematicis,
464 685 562 723 quas
594 675 845 714 contemsisti.
907 676 1020 714 Nunc
1047 681 1253 726 postquam
1283 676 1416 726 prodis
1446 677 1483 712 in
1514 674 1749 725 palaestram
1775 672 1931 711 mathe-

132 734 324 781 maticam,
359 733 490 770 statim
522 733 700 771 omnibus
733 733 823 772 huic
854 735 1082 783 professioni
1113 734 1279 772 addictis
1308 734 1407 773 adeo
1439 733 1665 771 manifestus
1694 743 1754 780 es,
1795 737 1840 770 ut
1867 733 1930 768 in-

133 791 288 841 dignam
322 801 479 840 operam
511 790 742 830 clamitaturi
773 790 862 841 sint,
873 805 955 833 me
986 795 1026 830 in
1058 803 1103 832 eo
1135 792 1287 841 sudare,
1321 799 1364 831 ut
1383 798 1421 831 te
1445 792 1604 831 doceam
1625 801 1733 829 arma
1752 794 1931 838 tractare,

133 850 275 900 quibus
307 860 457 887 mecum
487 860 648 898 pugnes
1014 877 1020 884 .

251 907 422 945 Numeri
453 919 610 955 omnes,
653 909 806 957 inquis,
850 911 1007 948 unitate
1051 911 1256 949 communi
1299 911 1472 948 minima
1508 918 1702 948 mensura
1742 911 1931 945 utuntur

138 964 436 1004 Consonamiae
466 965 786 1005 denominantur
815 978 842 1004 a
870 970 1062 1016 numeris,
1095 980 1188 1018 eryo
1207 970 1495 1007 consonantiae
1523 967 1728 1007 communi
1756 966 1933 1003 minima

132 1034 326 1062 mensura
366 1023 554 1062 uruntur.
613 1024 701 1063 Non
742 1025 1036 1074 animadvertis,
1077 1031 1115 1066 te
1147 1026 1295 1076 aliquid
1335 1026 1564 1066 concludere
1596 1029 1738 1064 'contra
1762 1024 1933 1073 jactatos

132 1083 203 1121 abs
235 1088 274 1120 te
305 1088 479 1129 veteres,
513 1083 579 1132 qui
611 1085 885 1122 consonantias
916 1085 1089 1124 fecerunt
1125 1085 1544 1123 incommensurabiles.
1555 1080 1609 1135 Β)
1667 1082 1842 1121 Hoccine
1872 1086 1932 1120 est

134 1140 329 1183 refutare?
388 1141 474 1179 Non
514 1146 554 1178 tu
586 1140 730 1180 refutas
772 1141 914 1192 dogma
945 1144 1220 1192 geometricum
1261 1144 1307 1182 de
1340 1143 1651 1210 proportionibus
1692 1142 1932 1200 incommen-

134 1198 384 1246 surabilibus,
418 1198 486 1237 sed
520 1199 778 1249 objectionem
809 1200 935 1239 solum
966 1203 1163 1253 proponis,
1194 1214 1298 1241 more
1331 1200 1563 1252 disputantis
1597 1203 1634 1238 in
1659 1198 1805 1247 schola,
1836 1208 1932 1236 con-

136 1269 196 1303 ira
227 1257 374 1295 scilicet
405 1257 558 1307 dogma,
593 1258 697 1307 quod
729 1259 909 1298 concedis
940 1271 1073 1299 verum
1094 1272 1191 1299 esse.
1255 1261 1357 1310 Ergo
1389 1271 1485 1310 cape
1508 1258 1821 1298 dissolutionem:
1853 1266 1930 1295 non

135 1315 222 1354 ideo
255 1317 536 1354 consonantiae
568 1322 658 1354 sunt
690 1319 848 1366 numeri,
882 1320 974 1367 quia
1005 1318 1301 1358 denominantur
1331 1331 1355 1357 a
1378 1320 1563 1367 numeris3
1594 1327 1738 1365 magna
1765 1320 1826 1354 est
1855 1314 1932 1353 dif-

129 1374 295 1412 ferentia
326 1375 425 1412 inter
455 1377 717 1424 septenarium
751 1381 789 1413 et
820 1375 1031 1426 diapason,
1073 1378 1173 1415 inter
1204 1379 1491 1427 quaternarium
1523 1382 1562 1415 et
1592 1375 1794 1424 diapente,
1834 1376 1933 1411 inter

131 1433 338 1470 ternarium
379 1436 417 1471 et
457 1432 721 1481 diatessaron3
762 1437 1005 1484 septenarius
1043 1437 1211 1474 unitates
1242 1435 1361 1474 habet
1401 1446 1534 1473 omnes
1566 1432 1763 1483 ejusdem,
1801 1437 1845 1470 ut
1874 1432 1931 1469 sic

133 1486 269 1538 dicam,
303 1492 550 1540 quantitatis,
592 1491 779 1542 diapason
811 1493 931 1531 habet
960 1493 1166 1532 intervalla
1195 1498 1344 1543 septem
1385 1492 1588 1531 dissimilia
1627 1496 1666 1530 et
1694 1488 1932 1540 inaequalia,

131 1554 265 1587 tonum
297 1550 484 1599 maj0rem
517 1554 591 1597 ter,
631 1551 816 1589 minorem
848 1552 926 1599 bis,
959 1552 1204 1590 semitonium
1234 1553 1329 1590 bis.·
1369 1552 1450 1590 Aut
1479 1552 1511 1590 si
1537 1549 1737 1601 juvandus
1769 1553 1828 1587 est
1857 1547 1931 1586 ad·-

131 1609 348 1655 versarius,
394 1608 604 1657 adJuvetur
633 1619 748 1647 sane:
791 1614 849 1648 est
880 1612 918 1647 in
949 1610 1179 1659 intervallo,
1225 1609 1329 1660 quod
1359 1612 1512 1660 generis
1550 1610 1741 1647 rationem
1773 1606 1930 1654 habeat,

132 1672 191 1704 est
222 1665 328 1716 quod
360 1667 526 1716 speciei,
559 1669 795 1706 conveniunt
825 1670 942 1717 igitur
971 1669 1180 1708 intervalla
1210 1674 1359 1718 septem
1390 1681 1457 1716 eo,
1495 1667 1599 1718 quod
1629 1668 1668 1705 in
1698 1676 1840 1716 genere
1868 1666 1932 1702 in·-

131 1724 295 1762 tervalla
318 1726 517 1772 concinna,
550 1725 736 1763 dissident
758 1727 794 1763 in
817 1728 946 1776 speeie
969 1728 1263 1777 quantitatibus,
1294 1729 1351 1765 uti
1375 1727 1531 1765 dictum.
1593 1725 1794 1774 Quatenus
1815 1724 1933 1772 igitur

132 1793 210 1821 vox
241 1784 404 1832 generis,
437 1784 678 1831 concinnum,
712 1790 955 1834 comparatur
986 1788 1139 1832 unitati,
1172 1790 1528 1824 commensurantur
1556 1795 1650 1823 sane
1669 1782 1814 1835 (potius
1836 1788 1931 1820 oon-

130 1839 394 1892 numerantur)
425 1841 630 1880 intervalla
663 1853 845 1881 consona.
907 1844 1007 1882 Nam
1038 1843 1227 1894 diapason
1267 1844 1386 1882 habet
1416 1849 1565 1894 septem
1595 1843 1802 1888 concinna,
1842 1839 1931 1878 dia·

133 1906 249 1949 pente
282 1904 459 1948 quatuor,
494 1899 735 1938 diatessaron
766 1902 851 1940 tria.
915 1902 967 1940 At
998 1908 1189 1951 quatenus
1221 1902 1399 1941 differunt
1427 1902 1614 1941 concinna
1636 1898 1930 1949 quantitatibus,

133 1967 381 2007 nequaquam
422 1969 556 1995 eorum
598 1970 716 1996 unum
758 1961 937 1998 emetitur
975 1971 1108 1998 omnes
1150 1962 1433 1999 consonantias⁴
1495 1958 1572 1998 Sed
1609 1957 1736 2004 dicas,
1781 1957 1815 1995 si
1854 1967 1931 1994 non

131 2028 269 2063 unum,
311 2021 350 2053 at
382 2017 455 2054 tria
480 2016 644 2065 junctim
677 2023 805 2055 sumta
837 2019 1064 2057 emetientur
1097 2019 1260 2056 omnes?
1320 2018 1466 2057 Verum
1505 2017 1579 2055 hoc
1623 2027 1700 2054 non
1733 2020 1793 2053 est
1822 2026 1931 2053 oom—

134 2085 369 2122 mensurare,
403 2073 470 2111 sed
503 2073 665 2112 diversis
687 2077 874 2113 mensuris
898 2078 974 2124 uti,
1009 2079 1118 2126 quasi
1141 2076 1248 2115 dicas
1279 2077 1541 2115 dimensurare
1563 2074 1766 2124 quodlibet
1785 2080 1929 2112 eorum.

134 2132 288 2170 Norunt
318 2137 539 2182 geometrae
572 2131 833 2171 definitionem
866 2136 1267 2182 commensurationis,
1311 2146 1411 2184 quae
1442 2145 1558 2171 unam
1598 2132 1723 2171 solam
1755 2142 1930 2170 commu-

139 2202 227 2229 nem
258 2201 478 2228 mensuram
507 2193 679 2240 requirit,
712 2203 788 2229 non
822 2191 919 2229 duas
950 2194 1050 2231 inter
1080 2205 1122 2231 se
1153 2192 1572 2239 incommensurabiles,
1603 2197 1647 2229 ut
1675 2189 1780 2241 quod
1799 2201 1930 2228 earum

135 2251 200 2286 uni
232 2254 292 2286 est
322 2249 584 2300 impossibile,
615 2249 655 2286 id
686 2249 798 2288 cedat
828 2250 952 2288 alteri,
1764 2264 1766 2269 ¹

249 2306 336 2345 Hoc
372 2308 490 2356 igitur
532 2306 785 2347 fundamento
827 2309 977 2358 posito,
1023 2311 1297 2347 consonantias
1337 2318 1422 2347 esse
1460 2310 1559 2346 inter
1590 2319 1632 2346 se
1662 2312 1706 2348 ut
1735 2312 1928 2354 numeros,

134 2364 302 2414 illasque
343 2367 532 2403 concinno
574 2366 780 2404 intervallo
822 2364 1165 2420 (quantocunque)
1210 2373 1251 2405 ut
1293 2378 1474 2405 numeros
1514 2367 1662 2405 unitate
1704 2364 1929 2409 mensurari,

131 2423 212 2473 jam
242 2433 448 2473 promoves
480 2424 699 2462 machinam
730 2424 890 2462 ulterius
921 2431 960 2463 et
989 2427 1082 2474 quia
1111 2425 1300 2464 rationem
1330 2426 1630 2474 consequentiae
1653 2424 1831 2473 propriae
1852 2432 1929 2459 non

134 2482 308 2529 invenis,
342 2493 420 2528 cur,
453 2483 483 2519 si
516 2483 685 2521 maxime
715 2483 944 2532 probasses,
977 2485 1252 2521 consonantias
1283 2495 1368 2521 esse
1398 2485 1496 2521 inter
1526 2495 1567 2522 se
1599 2480 1929 2520 commensurabi-

136 2539 205 2586 les,
237 2545 442 2589 proptcrea
474 2546 589 2577 tonos
620 2546 657 2577 et
688 2542 894 2578 semitonia
925 2542 1053 2590 priora
1092 2541 1198 2579 dicas
1229 2543 1513 2588 consonantiis,
1559 2540 1610 2579 ad
1638 2537 1929 2577 similitudinem

138 2597 331 2650 confugis:
366 2599 479 2644 sicut,
511 2599 650 2647 inquis,
683 2600 823 2636 unitas
851 2601 998 2648 seipsa
1027 2603 1083 2636 est
1111 2604 1147 2636 et
1162 2601 1281 2647 prior
1300 2600 1486 2639 omnibus
1509 2600 1702 2646 numeris,
1731 2599 1788 2635 sic
1806 2598 1928 2638 etiam

135 2658 379 2694 concinnum
420 2658 536 2706 prius
573 2660 629 2694 est
666 2659 950 2694 consonantiis.
1013 2656 1130 2705 Atqui
1171 2659 1269 2695 ratio
1303 2665 1610 2708 comparatorum
1656 2661 1714 2694 est
1743 2654 1928 2693 diversis-

134 2715 250 2751 sima:
285 2711 323 2765 1)
354 2715 505 2762 unitas,
538 2718 580 2752 ut
610 2715 758 2752 numeri
789 2725 942 2762 omnes,
975 2716 1113 2752 mentis
1145 2720 1204 2753 est
1236 2727 1352 2765 opus,
1397 2718 1628 2755 concinnum
1658 2714 1816 2763 requirit
1846 2717 1926 2750 ter-

135 2773 261 2809 minos
299 2771 392 2810 foris
433 2774 663 2810 constitutos
703 2773 742 2809 in
779 2773 908 2820 sonis3
959 2770 999 2823 2)
1029 2774 1157 2810 unitas
1198 2775 1362 2823 simplex
1394 2780 1452 2813 est
1491 2778 1529 2812 et
1566 2775 1681 2812 unica
1719 2770 1927 2823 (quatenus

134 2830 282 2868 numeri
313 2831 351 2866 in
383 2829 579 2869 abstracto
611 2829 911 2878 considerantur,
943 2834 987 2867 ut
1018 2835 1276 2880 numerantes3
1311 2834 1454 2883 quippe
1477 2832 1523 2870 de
1542 2832 1683 2882 quibus
1714 2836 1756 2867 tn
1787 2828 1926 2876 loque-

136 2885 214 2939 ris),
248 2888 478 2925 concinnum
507 2900 584 2926 non
616 2894 674 2926 est
705 2887 888 2938 simplex,
927 2887 1106 2926 differunt
1138 2890 1238 2927 enim
1271 2891 1294 2928 3
1328 2890 1390 2929 vel
1421 2891 1447 2927 4
1479 2891 1666 2929 concinna
1697 2887 1926 2937 quantitati-

135 2944 209 2982 bus
252 2950 291 2983 et
321 2945 503 2984 differunt
542 2958 587 2985 eo
625 2948 712 2996 ipso
742 2951 936 2996 respectu,
979 2957 1055 2994 quo
1088 2950 1365 2986 consonantiae
1404 2948 1442 2986 id
1473 2953 1562 2986 sunt
1599 2945 1703 2996 quod
1735 2944 1924 2982 dicuntur.

136 3001 220 3038 Nisi
253 3004 353 3040 enim
385 3006 571 3042 concinna
603 3005 840 3042 diversarum
872 3005 1130 3053 quantitatum
1161 3006 1259 3044 inter
1288 3017 1330 3044 se
1360 3007 1613 3052 misceantur,
1653 3005 1731 3041 non'
1762 3012 1925 3039 acerva-

138 3059 239 3097 bitur
277 3062 385 3099 verbi
431 3072 550 3101 causa
592 3074 639 3101 ex
672 3063 694 3101 6
728 3061 790 3101 vel
824 3065 845 3101 ‘1
879 3062 980 3100 tonis
1011 3062 1222 3113 maj0ribus
1267 3063 1400 3113 aliqua
1438 3063 1692 3102 consonantia
1721 3058 1924 3109 diapason,
