1994 3276
103 99 186 138 316
621 101 677 136 De
701 101 860 140 Motibus
882 103 1114 141 Planetarum
1137 103 1374 140 Harmonicis.

102 220 245 255 contra
273 229 426 268 unum,
471 231 545 258 nec
583 220 660 258 ulli
695 233 815 260 suum
858 222 962 262 deest
999 225 1227 273 oppositum
1238 237 1254 273 ,·
1297 225 1616 274 uniuscujusque
1644 224 1898 274 confirmavit

101 271 341 326 (rationibus
370 279 531 326 optimis
559 278 763 331 stabilivit)
792 281 899 320 bona
929 281 1137 335 (ornatum
1156 287 1194 322 et
1213 282 1450 334 decentiam)
1480 287 1517 321 ct
1535 284 1625 333 quis
1643 283 1897 322 saturabitur
1944 292 1946 294 ’

103 332 243 371 videns
272 335 444 383 yloriam
476 337 645 375 eorum?

219 402 430 443 Axioma
460 405 611 445 XLVI.
671 406 891 447 Solidarum
921 409 1130 460 figurarum
1171 409 1414 449 interlocatio
1443 410 1543 449 inter
1572 410 1686 449 orbes
1716 410 1898 461 planeta-

102 461 192 510 rios,
223 462 257 499 si
286 462 411 502 libera
441 470 517 512 est,
561 477 633 504 nec
661 467 976 516 praecedentium
1008 480 1212 509 causarum
1242 468 1539 507 necessitatibus
1568 467 1777 519 impedita,
1807 480 1898 520 per-

103 519 272 560 fectione
302 523 415 571 sequi
446 522 562 562 debet
592 524 814 575 analogiam
845 527 1134 578 inscriptionum
1174 533 1213 566 et
1251 528 1646 578 circumscriptionum
1689 528 1899 578 geometri-

105 589 249 627 camm,
283 580 462 630 adeoque
493 586 533 621 et
562 582 804 622 conditiones
833 587 1097 635 proportionis
1126 586 1396 636 inscriptorum
1427 584 1478 624 ad
1507 586 1827 636 circumscriptos.

216 641 315 677 Nihil
340 642 434 677 enim
459 648 515 678 est
537 645 651 688 magis
688 649 986 685 consentaneum,
1023 658 1131 691 quam
1167 651 1208 683 ut
1241 646 1426 692 inscriptio
1462 645 1612 692 physica
1635 646 1898 693 geometricam,

101 695 274 737 tanquam
298 705 390 739 opus
414 700 541 741 typum
565 706 680 738 suum,
705 701 833 733 exacte
857 703 1115 743 repraesentet.
1857 698 1861 700 s

216 754 508 806 Propositio
539 757 706 796 XLVII.
773 758 814 798 Si
844 759 1053 810 figurarum
1083 763 1179 800 inter
1222 759 1400 811 planetas
1430 760 1631 810 inscriptio
1660 759 1784 799 libera
1812 761 1898 810 fuit,

104 813 322 853 tetraedron
355 826 474 865 supra
503 820 674 866 tangere
694 816 830 857 debuit
859 819 1012 869 angulis
1045 820 1177 859 orbem
1206 818 1438 869 perihelium
1467 817 1584 858 Jovis
1614 823 1768 868 exacte,
1802 819 1901 859 infra

103 873 245 911 centris
273 872 475 922 planorum
517 874 715 925 aphelium
745 875 882 915 Martis
927 883 1075 918 exacte.
1137 877 1270 916 Cubus
1301 888 1395 916 vero
1434 882 1474 916 et
1504 875 1714 916 octaedron
1744 878 1900 929 angulis

101 931 142 967 in
174 931 306 970 orbem
337 931 567 982 perihelium
596 935 658 972 sui
690 946 868 984 quaeque
899 935 1079 986 planetae
1109 937 1343 982 insistentes,
1375 936 1515 974 centris
1546 934 1749 986 planorum
1779 948 1902 987 pene-

103 993 204 1027 trare
236 989 452 1029 debuerunt
483 992 616 1031 orbem
645 994 707 1031 sui
736 994 950 1043 interioris,
992 997 1048 1033 sic
1078 990 1122 1033 ut
1151 994 1220 1033 illa
1250 999 1383 1033 centra
1413 998 1614 1033 versentur
1643 994 1745 1032 intra
1775 995 1901 1043 orbes,
1928 988 1931 996 ¹

103 1046 300 1097 aphelium
331 1053 370 1087 et
400 1049 638 1099 perihclium.
671 1051 953 1092 Dodecae'dron
987 1057 1120 1092 contra
1141 1057 1179 1092 et
1200 1051 1430 1100 icosiedron,
1461 1051 1614 1101 angulis
1645 1057 1755 1092 extra
1784 1054 1902 1091 strin-

102 1110 237 1154 gentes
269 1118 427 1145 suorum
458 1109 703 1157 planetarum
736 1110 848 1150 orbes
878 1111 1101 1161 perihelios,
1134 1112 1273 1150 centris
1303 1110 1506 1161 planorum
1535 1121 1613 1149 non
1644 1109 1761 1160 plane
1781 1112 1902 1150 attin-

103 1175 194 1214 gere
227 1164 443 1205 debuerunt
473 1166 650 1216 aphelios
688 1168 801 1207 orbes
831 1181 988 1208 suorum
1034 1171 1269 1209 interiorum.
1331 1169 1502 1208 Echinus
1532 1167 1700 1219 denique
1731 1169 1902 1208 dodeca-

104 1221 277 1272 edricus,
320 1230 426 1263 stans
466 1226 619 1275 angulis
661 1228 698 1264 in
741 1227 929 1277 perihelio
961 1229 1054 1268 orbe
1086 1229 1242 1277 Martis,
1286 1227 1424 1266 mediis
1464 1228 1619 1278 punctis
1659 1228 1903 1267 inversorum

103 1280 278 1331 laterum,
311 1282 441 1321 radios
471 1284 583 1323 binos
613 1285 761 1325 solidos
792 1288 1194 1339 interstinguentium‚
1237 1286 1372 1325 debuit
1403 1287 1534 1325 venire
1563 1287 1738 1336 proxime
1769 1287 1902 1326 orbem

110 1339 308 1390 aphelium
339 1341 516 1381 Veneris.
1677 1351 1682 1359 ’

218 1402 287 1438 Est
312 1403 406 1438 enim
429 1403 638 1440 tetraedron
663 1403 779 1449 figura
802 1405 921 1440 media
943 1406 1193 1451 primariarum
1217 1409 1254 1441 et
1279 1408 1360 1441 ortu
1385 1407 1421 1439 et
1445 1404 1516 1440 situ
1540 1404 1578 1440 in
1601 1405 1746 1449 mundo,
1773 1415 1903 1451 aequa-

106 1453 188 1490 liter
212 1454 342 1501 igitur,
380 1456 410 1491 si
434 1456 524 1491 nihil
547 1456 788 1502 impediebat,
827 1468 1051 1494 summovere
1077 1458 1201 1495 debuit
1234 1462 1425 1502 utramque
1449 1456 1633 1502 regionem
1670 1462 1706 1494 et
1730 1458 1831 1494 Jovis
1868 1462 1904 1494 et

104 1506 244 1543 Martis.
294 1508 359 1544 Cui
395 1508 480 1554 quia
505 1509 619 1544 cubus
645 1520 787 1545 sursum
827 1515 904 1546 erat
927 1514 963 1546 et
988 1511 1157 1553 exterius,
1193 1509 1444 1547 dodeeaedron
1482 1509 1650 1545 deorsum
1675 1515 1711 1546 et
1733 1511 1902 1547 interius:

104 1569 172 1603 par
195 1564 273 1596 erat
297 1571 394 1605 ergo,
418 1566 459 1597 ut
485 1566 521 1597 et
544 1561 688 1597 illorum
711 1562 900 1607 inscriptio
928 1561 1114 1599 affectaret
1137 1563 1427 1599 contrarietatem
1452 1561 1541 1607 ejus,
1564 1563 1670 1606 quus
1694 1563 1901 1600 tetraedron

104 1613 254 1650 tenebat
275 1614 443 1660 medium,
472 1620 507 1651 et
532 1615 647 1651 altera
669 1614 811 1650 illarum
837 1626 1028 1651 excessum
1051 1615 1186 1651 faceret
1211 1614 1474 1659 inscriptionis,
1492 1613 1604 1650 altera
1629 1615 1824 1662 defectum,
1851 1616 1901 1651 al·
1934 1642 1937 1645 -

105 1669 183 1701 tera
208 1676 258 1702 sc.
283 1666 493 1704 interiorem
528 1662 658 1704 orbem¹
685 1668 947 1714 quadamtenus
982 1673 1213 1715 penetraret,
1250 1669 1363 1704 altera
1395 1678 1468 1703 non
1491 1667 1697 1713 attingeret.
1745 1669 1794 1704 Et
1819 1669 1904 1714 quia

106 1718 302 1755 octaedron
328 1724 383 1755 est
409 1720 502 1756 cubo
528 1725 730 1766 cognatum,
756 1721 942 1766 aequalem
966 1721 1103 1757 habens
1129 1721 1269 1757 orbium
1293 1719 1574 1766 proportionem,
1599 1720 1801 1757 icosiedron
1818 1732 1903 1758 vero

105 1771 348 1819 dodecaedro:
386 1773 484 1818 quod
507 1774 620 1820 igitur
643 1773 757 1809 cubus
782 1774 892 1810 habet
917 1775 961 1811 de
985 1774 1208 1820 perfectione
1239 1772 1482 1819 inscriptionis
1497 1800 1506 1817 ,
1542 1771 1638 1807 idem
1674 1778 1711 1810 et
1733 1775 1903 1811 octaedro

107 1823 317 1869 debebatur,
350 1826 447 1872 quod
473 1826 737 1872 dodecaedron‚
762 1827 858 1862 idem
884 1833 920 1864 et
943 1828 1133 1864 icosiedro.
1159 1828 1208 1862 Et
1233 1831 1288 1863 est
1304 1825 1499 1863 consimilis
1523 1824 1680 1871 octaedri
1704 1826 1795 1862 situs
1820 1827 1905 1863 situi

106 1875 198 1922 cubi,
224 1877 389 1913 icosiedri
414 1891 498 1916 vero
524 1880 608 1915 situi
632 1880 866 1927 dodecaedri,
904 1882 989 1926 quia
1012 1885 1051 1916 ut
1076 1881 1191 1917 cubus
1217 1880 1371 1916 alterum
1394 1882 1494 1915 tenet
1515 1877 1706 1914 terminum
1731 1879 1776 1914 ad
1801 1875 1902 1915 exte-

105 1927 215 1973 riora,
252 1929 304 1965 sic
330 1932 526 1968 octaedron
550 1937 650 1968 tenet
673 1933 851 1978 reliquum
878 1939 1076 1969 extremum
1103 1933 1147 1968 ad
1172 1933 1345 1968 interiora
1368 1930 1508 1972 mundi,
1543 1930 1794 1967 dodecaedron
1818 1943 1902 1968 vero
1966 1974 1979 1978 ὁ,

105 1985 143 2017 et
166 1982 369 2018 icosiedron
393 1983 573 2020 mediant:
613 1986 779 2021 convenit
803 1986 914 2031 igitur
939 1987 1046 2022 etiam
1072 1985 1198 2022 similis
1222 1985 1408 2030 inscriptio
1422 2012 1430 2028 ,
1455 1983 1531 2020 illic
1554 1984 1781 2028 penetrativa
1805 1985 1903 2020 orbis

105 2034 295 2079 planetarii
318 2036 510 2081 interioris,
535 2037 594 2072 hic
623 2037 791 2073 deficiens
816 2039 861 2074 ab
885 2038 961 2073 illo.
1010 2038 1173 2073 Echinus
1197 2047 1292 2081 vero,
1319 2037 1380 2081 qui
1405 2035 1668 2072 summitatibus
1692 2036 1903 2082 angulorum

106 2092 358 2132 repraesentat
382 2089 605 2135 icosiedron,
642 2090 788 2127 basibus
814 2091 1086 2135 dodecaedron,
1124 2096 1312 2136 utramque
1344 2090 1451 2125 etiam
1474 2088 1677 2134 regionem,
1711 2094 1784 2125 tam
1809 2090 1903 2125 inter

107 2142 263 2177 Martem
289 2147 325 2177 et
349 2142 530 2178 Tellurem
554 2143 790 2189 dodecaedro,
828 2155 935 2188 quam
958 2144 1052 2180 inter
1072 2144 1255 2180 Tellurem
1279 2148 1316 2179 et
1337 2143 1513 2178 Venerem
1536 2142 1722 2178 icosaedro
1746 2142 1903 2178 tributas

107 2193 274 2241 implere,
310 2195 501 2240 complecti
530 2205 595 2231 seu
627 2195 818 2240 disponere
848 2196 983 2231 debuit.
1031 2196 1159 2233 Utrum
1189 2200 1310 2231 autem
1354 2194 1599 2239 oppositorum
1634 2194 1706 2229 utri
1738 2194 1904 2230 societati

109 2247 319 2292 conveniat,
357 2247 499 2283 axioma
534 2243 771 2292 praemissum
808 2246 945 2283 clarum
980 2247 1077 2284 facit.
1128 2247 1351 2283 Tetraedron
1376 2245 1488 2290 enim,
1525 2245 1662 2281 habens
1692 2245 1902 2291 inscriptum

108 2300 230 2335 orbem
256 2300 460 2344 effabilem‚
499 2300 656 2336 medium
681 2300 807 2336 sortita
832 2306 887 2336 cst
918 2300 1038 2336 locum
1062 2301 1156 2337 inter
1179 2300 1389 2345 primarias,
1426 2299 1560 2344 stipata
1584 2298 1752 2344 utrinque
1776 2299 1900 2343 figuris

107 2351 522 2389 incommensurabilium
546 2353 695 2395 orbium,
721 2365 872 2398 quarum
897 2354 1054 2389 exterior
1077 2353 1203 2395 cubus,
1229 2351 1379 2387 interior
1404 2351 1666 2396 dodecaedron‚
1690 2361 1757 2396 per
1774 2361 1852 2397 cap.
1870 2352 1918 2388 1)

107 2405 225 2449 hujus.
275 2406 374 2442 Haec
399 2417 483 2442 vero
509 2406 663 2452 qualitas
689 2406 923 2452 geometrica,
950 2406 1140 2442 effabilitas
1164 2405 1336 2450 inscripti,
1362 2408 1612 2450 repraesentat
1635 2404 1673 2439 in
1696 2408 1827 2440 natura
1849 2405 1902 2440 in-

108 2457 339 2503 script-ionem
363 2458 554 2503 planetarii
579 2458 675 2494 orbis
699 2458 906 2503 perfectam.
958 2459 1079 2494 Cubus
1108 2458 1218 2503 igitur
1248 2469 1327 2492 cum
1361 2457 1458 2493 socia
1482 2457 1617 2492 habent
1639 2457 1831 2502 inscriptos
1857 2468 1901 2493 ex

108 2510 254 2546 dimidio
281 2512 408 2547 saltem
433 2511 611 2555 effabiles,
636 2511 674 2547 id
699 2516 755 2546 est
778 2511 856 2546 sola
879 2511 1056 2556 potentia;
1093 2510 1226 2547 debent
1249 2510 1358 2555 igitur
1381 2509 1668 2554 semiperfectam
1691 2519 1903 2555 repraesen-
1943 2505 1952 2520 ¹

107 2568 186 2599 tare
208 2563 498 2609 inscriptionem,
526 2564 586 2599 ubi
602 2564 688 2599 licet
712 2575 785 2599 non
809 2564 889 2608 ipsa
913 2563 1010 2600 orbis
1040 2563 1231 2608 planetarii
1257 2562 1480 2605 extremitas,
1517 2566 1556 2597 at
1589 2561 1716 2597 saltem
1750 2561 1901 2597 interius

108 2617 243 2662 aliquid
268 2622 305 2652 et
329 2616 538 2651 nominatim
562 2616 735 2652 medietas
759 2616 856 2651 inter
881 2617 1008 2660 orbes,
1046 2615 1227 2660 aphelium
1253 2619 1289 2649 et
1319 2615 1554 2659 perihelium,
1592 2614 1622 2650 si
1645 2625 1711 2660 per
1735 2615 1822 2650 alias
1846 2624 1901 2667 ra-

108 2671 225 2706 tiones
249 2669 327 2704 fieri
352 2669 486 2714 possit,
525 2669 725 2715 attingatur
750 2680 771 2703 a
795 2669 927 2704 centris
964 2669 1153 2713 planorum
1189 2666 1338 2710 figurae.
1386 2666 1647 2703 Dodecaedron
1672 2671 1797 2702 contra
1821 2676 1900 2702 cum

110 2724 208 2759 socia
231 2723 367 2758 habent
391 2722 584 2768 inscriptos
609 2722 717 2768 plane
740 2720 941 2757 ineffabiles
967 2726 1002 2756 et
1018 2719 1243 2765 longitudine
1258 2720 1349 2755 radii
1374 2724 1410 2755 et
1433 2719 1611 2765 potentia:
1637 2719 1772 2755 debent
1794 2719 1902 2763 igitur

110 2775 218 2820 plane
241 2775 487 2820 imperfectam
511 2777 783 2820 repraesentare
807 2773 1077 2818 inscriptionem
1102 2776 1138 2807 et
1162 2772 1305 2817 penitus
1330 2772 1418 2807 nihil
1444 2771 1488 2807 de
1513 2772 1599 2807 orbe
1624 2769 1824 2815 planetario
1848 2773 1911 2814 at-,

110 2828 325 2874 tingentem,
351 2828 422 2863 hoc
446 2831 502 2863 est
527 2827 752 2863 deficientem
778 2830 814 2861 et
831 2828 954 2870 'usque
979 2825 1024 2860 ad
1050 2825 1232 2870 aphelium
1256 2825 1423 2870 planetae
1448 2824 1570 2859 orbem
1593 2834 1666 2858 non
1689 2823 1797 2868 plane
1821 2833 1901 2868 per-

110 2879 305 2923 tingentem
330 2890 477 2915 suorum
514 2879 704 2925 planorum
729 2877 872 2914 centris.
922 2877 1100 2921 Echinus,
1139 2877 1206 2912 etsi
1244 2877 1468 2912 dodecaedro
1501 2879 1536 2910 et
1571 2875 1691 2911 sociae
1726 2877 1900 2920 cognatus

112 2936 177 2975 est,
203 2932 313 2968 habet
336 2936 457 2967 tamen
482 2931 617 2976 aliquid
643 2930 756 2966 simile
780 2929 972 2965 tetraedro.
1022 2929 1112 2964 Nam
1129 2929 1250 2965 radius
1274 2929 1438 2974 inscripti
1460 2928 1632 2964 lateribus
1650 2928 1728 2972 ejus
1752 2926 1900 2962 inversis

113 2988 168 3018 est
193 2984 335 3027 quidem
359 2984 726 3021 incommensurabilis
752 2981 1010 3027 circumscripti
1035 2982 1147 3027 radio,
1173 2986 1210 3017 at
1228 2980 1556 3018 commensurabilis
1582 2986 1638 3016 est
1660 2978 1801 3015 interim
1824 2978 1900 3013 lon-

113 3035 272 3079 gitudine
296 3037 489 3074 distantiae
514 3037 679 3073 binorum
705 3036 916 3081 angulorum
941 3034 1147 3070 vicinorum.
1195 3036 1322 3079 Itaque
1346 3033 1518 3079 perfectio
1544 3028 1899 3068 commensurationis

113 3087 293 3124 radiorum
317 3089 394 3125 fere
418 3095 536 3135 tanta,
575 3094 710 3135 quanta
733 3088 924 3133 tetraedro,
950 3086 1171 3132 imperfectio
1204 3086 1420 3122 altrinsecus
1444 3088 1565 3129 tanta,
1591 3086 1725 3129 quanta
1749 3080 1900 3117 dodeca-
