1994 3276
135 80 219 119 446
759 73 981 121 Appendicis
1003 55 1302 113 Harmonicorum
1636 84 1656 111 t

134 207 308 235 consona
337 207 363 234 a
392 195 591 235 concinnis
621 194 800 235 dissonis.
859 194 947 233 Non
977 195 1168 244 gignitur,
1207 195 1397 245 Roberte,
1439 198 1668 238 concinnum
1698 210 1815 239 unum
1846 198 1930 239 dis·-

133 266 272 293 sonum
305 266 328 292 a
359 253 511 295 duobus.
542 255 746 306 consonis,
789 258 831 292 ut
868 264 963 302 puer
1003 266 1027 293 a
1057 265 1162 293 mare
1204 260 1244 293 et
1280 255 1442 304 femina,
1486 255 1658 295 humana
1687 253 1837 307 species
1875 258 1928 297 ab
1983 290 1989 299 .

133 313 326 351 humanae
359 314 501 362 speciei
533 313 781 363 parentibus,
825 310 895 349 sed
927 316 986 350 est
1022 311 1118 350 haec
1149 314 1326 362 genitura
1363 313 1461 352 nihil
1490 313 1618 363 aliud,
1662 327 1779 365 quam
1809 317 1932 355 sectio

133 372 371 420 geometrica
402 372 562 409 consoni
591 370 750 420 majoris
780 381 847 420 per
880 369 1125 418 epharmosin
1148 373 1308 409 consoni
1333 373 1504 411 minoris.
1564 372 1816 423 Epharmosis
1837 386 1929 413 vero

133 429 176 468 fit
207 431 246 466 in
277 430 613 480 proportionibus,
644 430 856 468 constituto
887 427 1010 466 altero
1043 431 1206 468 termino
1236 431 1416 480 utrinque
1447 430 1604 483 eodem,
1643 434 1821 482 utrinque
1851 434 1931 471 sci·

131 488 223 526 licet
253 488 399 538 majore
435 488 496 526 vel
529 489 707 536 utrinque
738 487 896 525 minore.
956 485 1062 524 Nihil
1096 492 1226 526 autem
1255 490 1348 526 novi
1380 494 1438 527 est
1467 491 1504 526 in
1535 492 1773 539 geometria,
1815 492 1930 530 sectis

132 546 308 596 figuratis
339 558 406 597 per
437 545 738 596 applicationem
767 544 922 594 figurati
951 546 1103 594 gene-ris
1134 546 1294 584 alterius
1335 547 1477 586 lemma
1507 550 1690 587 constitui
1720 560 1797 587 non
1827 548 1929 598 figu-

131 611 277 652 ratum,
321 603 390 643 sed
430 602 647 643 nobilitatis
688 604 849 648 vilioris.
878 639 886 643 ,
912 603 975 642 Sic
1014 602 1117 641 latus
1148 604 1352 654 sexanguli
1393 611 1452 644 est
1490 606 1644 645 effabile
1674 606 1928 657 longitudine,

131 662 234 701 latus
266 663 449 712 trianguli
479 661 635 702 effabile
665 663 857 712 potentia,
901 667 938 700 et
968 667 1096 699 tamen
1127 664 1161 700 si
1190 663 1344 701 auferas
1382 664 1486 702 latus
1517 664 1720 714 sexanguli
1753 677 1778 704 a
1807 665 1928 704 latere

131 721 332 771 trianguli,
371 720 600 770 relinquitur
629 720 826 759 ineffabile
858 721 1077 769 quippiam,
1119 720 1222 770 quod
1255 726 1462 772 apotomen
1494 721 1707 773 appellant.
1766 723 1816 762 Et
1846 723 1927 762 dixi

131 781 170 817 in
201 779 464 826 Harmonicis,
491 780 760 829 proportiones
792 778 1037 817 harmonicas
1069 778 1118 816 ab
1149 779 1375 828 huJusmodi
1404 780 1702 830 figm·ationibus
1730 781 1812 820 fieri
1836 781 1930 820 liar—

131 840 327 886 monicas,
359 849 437 877 non
467 850 492 877 a
523 839 739 887 quantitate
769 837 895 881 nuda,
929 842 970 874 ut
1002 847 1102 885 quae
1133 839 1320 876 materiae
1351 838 1455 876 rudis
1486 838 1614 878 ideam
1648 850 1742 889 prae
1772 851 1815 878 se
1845 841 1928 880 fert.

248 897 427 946 Denique
459 901 564 935 totus
595 897 633 934 in
664 895 869 946 physicum
899 895 997 942 abis,
1030 894 1122 933 dum
1151 895 1376 936 harmonica
1419 897 1629 947 disceptas,
1674 910 1700 936 a
1732 898 1930 937 cruditate

131 957 374 1003 maturitati,
413 954 464 993 ab
495 955 794 1005 imperfectione
820 954 1027 1003 perfectio,
1059 953 1208 992 scilicet
1239 954 1314 994 hoc
1347 956 1428 1004 vie,
1466 967 1490 994 a
1520 957 1718 995 concinnis
1750 956 1800 995 ad
1831 968 1927 996 con-

131 1025 229 1052 sona
263 1015 366 1051 viam
397 1013 522 1051 moliri
554 1018 743 1051 naturam.
803 1011 932 1050 Velim
955 1013 1073 1059 scire,
1118 1023 1195 1061 qua
1226 1014 1264 1049 in
1294 1014 1448 1053 fornace
1478 1013 1547 1052 fiat
1577 1016 1652 1053 ista
1681 1017 1858 1054 excoctio
1890 1020 1928 1055 et

131 1084 208 1122 quo
242 1071 358 1122 ig-ne‘?
417 1071 589 1122 Physica
618 1071 733 1118 fiunt,
766 1070 1043 1108 mathematica
1072 1077 1173 1108 sunt.
1204 1076 1207 1081 '
1236 1067 1370 1110 'Omnis
1390 1073 1822 1123 maturitas,praeviam
1853 1073 1929 1112 ha-

130 1131 198 1170 bet
226 1131 446 1169 necessario
477 1130 718 1176 cruditatem,
750 1133 792 1167 at
822 1129 1078 1166 consonantia
1109 1129 1308 1178 quaelibet
1337 1135 1493 1181 propter
1519 1143 1561 1169 se
1582 1132 1707 1182 ipsam
1739 1136 1799 1170 est
1830 1143 1927 1171 con-

130 1190 327 1236 sonantia,
372 1199 449 1226 non
487 1194 642 1238 propter
683 1187 803 1226 aliam
841 1198 972 1225 secum
1012 1192 1287 1236 comparatam.
1346 1188 1487 1239 Itaque
1527 1191 1782 1228 consonantia
1811 1191 1928 1229 unica

130 1258 207 1285 non
237 1248 455 1286 necessario
485 1247 767 1297 praesupponit
797 1247 1026 1284 concinnum
1059 1244 1280 1295 dissonum;
1311 1258 1514 1296 possemus
1536 1250 1639 1286 enim
1669 1259 1807 1287 canere
1837 1260 1929 1299 per-

131 1311 262 1355 petuo,
293 1309 351 1354 ut,
383 1305 453 1353 sol,
486 1310 532 1343 ut
559 1305 629 1353 sol,
661 1315 733 1343 nec
763 1315 861 1353 opus
893 1308 994 1342 esset
1024 1303 1238 1342 intervallis
1268 1305 1524 1359 intermediis,
1566 1311 1633 1355 ut,
1664 1318 1725 1355 re,
1756 1308 1833 1356 mi,
1864 1308 1926 1358 fa,

127 1365 204 1412 sol,
238 1364 271 1401 si
300 1374 377 1402 non
408 1368 559 1413 praeter
587 1368 652 1411 ut,
694 1362 751 1401 sol
780 1367 919 1400 natura
949 1361 1104 1399 doceret
1136 1363 1253 1401 etiam
1284 1368 1347 1411 ut,
1389 1364 1437 1414 fa
1467 1369 1506 1402 et
1535 1369 1600 1413 ut,
1641 1366 1721 1413 mi,
1756 1364 1924 1415 denique

129 1423 161 1460 si
193 1433 271 1460 non
302 1421 552 1460 intervallum
581 1426 646 1469 ut,
677 1421 724 1471 fa
755 1425 855 1458 esset
886 1419 1050 1469 aequale
1083 1420 1287 1459 intervallo
1318 1433 1381 1469 re,
1412 1422 1487 1461 sol:
1723 1470 1729 1476 θ

244 1479 366 1518 Porro
398 1481 553 1518 notabis
585 1479 660 1517 hoc
690 1478 797 1525 mihi,
830 1478 1016 1525 Roberte,
1059 1479 1196 1516 iterum
1227 1484 1286 1527 te,
1332 1479 1423 1518 d'um
1462 1491 1596 1519 omnes
1635 1481 1805 1519 rationes
1835 1493 1928 1531 pro-

127 1538 223 1586 fers,
266 1544 309 1576 ut
340 1544 453 1576 tonos
497 1545 535 1577 et
577 1538 784 1576 semitonia
815 1537 944 1586 priora
974 1542 1113 1574 natura
1142 1537 1262 1575 facias
1295 1540 1579 1587 consonantiis,
1614 1540 1765 1578 interim
1796 1539 1926 1577 firma-

128 1601 300 1635 mentum
330 1596 406 1635 hoc
435 1598 625 1635 intactum
655 1594 871 1645 reliquisse,
903 1594 1309 1634 incommensurabilia
1339 1607 1423 1634 esse
1454 1596 1552 1635 haec
1581 1595 1659 1635 illis
1695 1602 1734 1635 et
1765 1604 1927 1648 utraque

130 1656 206 1694 sibi
238 1656 353 1704 ipsis,
388 1656 520 1704 itaque
551 1654 633 1692 fieri
663 1665 742 1692 non
773 1664 912 1703 posse,
944 1659 987 1690 ut
1017 1653 1066 1691 ab
1097 1653 1235 1691 horum
1265 1655 1422 1693 minimo
1454 1660 1725 1705 comparentur
1754 1655 1926 1706 reliqua;

66 1754 72 1760 ,
130 1725 208 1752 non
240 1725 327 1752 esse
361 1714 478 1762 igitur
520 1725 639 1752 unum
670 1713 871 1750 minimum
902 1717 1042 1749 natura
1077 1713 1183 1761 prius
1213 1712 1437 1761 majoribus.
1497 1713 1598 1752 Item
1635 1724 1807 1753 consona
1837 1715 1927 1753 oriri

128 1785 152 1810 a
181 1771 314 1821 figuris
346 1771 714 1810 demonstrationem
745 1770 1057 1818 admittentibus,
1102 1769 1304 1819 quodlibet
1336 1772 1450 1820 igitur
1472 1783 1522 1823 ‚se
1553 1774 1639 1822 ipso
1669 1774 1853 1822 seorsim;
1885 1779 1928 1811 at

131 1832 322 1868 concinna
354 1829 530 1877 dissona,
573 1831 606 1867 si
636 1829 769 1879 figuris
800 1828 1042 1879 applicentur
1071 1828 1122 1866 ad
1154 1829 1372 1879 exemplum
1403 1840 1679 1878 consonorum,
1721 1830 1926 1869 indemon-

127 1888 351 1926 strabilibus
393 1888 630 1939 applicatum
674 1888 742 1934 iri,
786 1891 921 1925 tonum
953 1886 1100 1924 scilicet
1141 1893 1346 1937 utrumque
1391 1887 1634 1937 nonangulo,
1677 1890 1926 1927 semitonium

131 1945 458 1996 quindecangulo‚
491 1946 818 1985 demonstratione
852 1946 1006 1995 propria
1038 1944 1244 1993 destituto,
1278 1945 1400 1984 diesin
1433 1947 1761 1996 icosipentagono.
1825 1947 1923 1986 Cum

132 2006 249 2054 igitur
279 2004 415 2043 harum
445 2004 654 2054 figurarum
697 2002 805 2041 nulla
835 2004 886 2041 sit
916 2003 1168 2041 subsistentia
1198 2003 1399 2051 mentalis,
1439 2004 1534 2042 nihil
1573 2006 1688 2054 igitur
1731 2016 1778 2045 ex
1808 2006 1855 2043 iis
1887 2006 1924 2042 in

131 2069 261 2102 mente
292 2064 458 2110 orietur,
500 2064 592 2111 quia
623 2074 701 2100 non
733 2062 831 2099 entis
869 2059 965 2098 nulli
1001 2066 1092 2098 sunt
1122 2061 1293 2099 effectus.
1353 2061 1439 2099 Non
1472 2063 1645 2101 oriuntur
1682 2063 1800 2112 igitur
1830 2074 1925 2102 con-

131 2123 246 2160 cinna
286 2120 444 2160 dissona
475 2133 522 2160 cx
552 2120 705 2170 figuris,
744 2123 787 2156 ut
817 2129 1007 2166 consona,
1049 2123 1090 2156 at
1122 2130 1212 2156 vero
1253 2125 1429 2170 apparet.
1454 2119 1685 2169 clarissime,
1727 2121 1796 2160 illa
1838 2133 1924 2161 esse

130 2191 311 2218 excessus
342 2179 534 2228 majorum
565 2189 823 2217 consonorum
854 2189 972 2226 supra
1002 2178 1162 2214 minora.
1225 2176 1435 2224 Conficitur
1456 2179 1583 2227 igitur,
1615 2184 1657 2217 ut
1679 2191 1798 2218 uuum
1829 2191 1925 2221 con-

131 2240 286 2276 cinnum
317 2236 518 2276 dissonum
561 2238 705 2275 oriatur
736 2248 783 2274 ex
815 2236 1103 2284 comparatione
1134 2234 1296 2272 duorum
1335 2247 1593 2275 consonorum
1629 2238 1712 2287 jam
1743 2243 1923 2276 ortorum.

127 2296 227 2335 Sunt
256 2307 348 2345 ergo
379 2297 462 2334 toni
493 2300 532 2334 et
562 2295 766 2333 semitonia
796 2299 934 2332 natura
964 2293 1180 2342 posteriora
1211 2295 1484 2332 consonantiis.

243 2353 319 2392 Ad
350 2353 591 2405 Analysin
622 2352 737 2391 XIV.
796 2351 889 2391 Jam
922 2351 1067 2389 dudum
1096 2350 1167 2388 abs
1199 2357 1255 2398 te,
1288 2351 1479 2400 Roberte,
1513 2354 1631 2401 petii,
1674 2355 1729 2392 uti
1760 2366 1820 2392 me
1852 2366 1924 2392 ex·-

128 2417 304 2451 cusatum
342 2412 490 2451 habeas
523 2411 570 2450 de
602 2412 758 2449 crimine
799 2410 1091 2449 obtrectationis
1130 2414 1198 2446 aut
1233 2409 1545 2450 malevolentiae.
1605 2410 1766 2450 Nullum
1797 2423 1922 2461 neque

127 2471 197 2508 tibi
228 2482 354 2520 neque
386 2470 613 2509 Ptolemaeo
646 2469 815 2509 dedecus
847 2467 1024 2514 obtrudo‚
1057 2467 1162 2517 quod
1193 2467 1454 2517 symbolismis
1479 2470 1632 2507 utimini
1661 2470 1757 2508 nihil
1780 2469 1923 2509 directe

129 2528 495 2568 demonstrantibus.
558 2527 659 2576 Quin
690 2529 820 2577 potius
852 2537 1042 2576 agnosco,
1084 2531 1259 2563 naturam
1301 2528 1426 2575 ipsam
1465 2539 1589 2566 rerum
1634 2539 1720 2567 sese
1761 2528 1923 2578 prodere

126 2588 355 2636 gestientem
386 2588 519 2638 primis
550 2586 627 2624 illis
660 2585 876 2632 conatibus,
909 2584 959 2623 ad
993 2595 1122 2622 verum
1156 2583 1311 2632 quidem
1339 2584 1620 2633 alludentibus,
1656 2587 1758 2624 viam
1792 2593 1919 2625 tamen

128 2646 252 2695 ipsam
284 2646 379 2684 meri
410 2646 491 2683 veri
523 2643 693 2682 nondum
723 2644 923 2681 assecutis.
985 2641 1166 2680 Invenies
1198 2641 1342 2680 alicubi
1362 2643 1652 2682 similitudinem
1682 2656 1705 2681 a
1726 2656 1786 2683 me
1808 2656 1922 2683 usur-

127 2708 258 2753 patam
291 2704 459 2742 fluminis
502 2714 589 2741 cum
622 2707 804 2752 asperata
840 2698 1044 2750 superficie
1076 2699 1286 2747 undarum,
1331 2700 1433 2739 Solis
1470 2702 1600 2740 radios
1641 2701 1852 2740 clarissime
1883 2707 1922 2740 et

125 2760 319 2800 latissimo
360 2766 485 2799 tractu
527 2761 837 2809 repercutientis,
870 2759 1050 2807 nuspiam
1081 2763 1208 2795 tamen
1242 2770 1375 2808 puram
1408 2759 1510 2797 Solis
1534 2761 1742 2809 imaginem
1762 2771 1920 2810 reprae-

127 2821 329 2866 sentantis,
362 2824 405 2857 ut
436 2818 535 2857 alias
566 2818 607 2856 fit
638 2820 676 2855 in
711 2829 814 2867 aqua
846 2817 978 2865 quieta
1008 2820 1046 2853 et
1076 2821 1292 2864 stagnante.
1354 2817 1490 2866 Neque
1511 2817 1601 2865 dixi,
1635 2828 1705 2855 vos
1736 2830 1760 2856 a
1789 2817 1919 2867 philo-

126 2877 336 2926 sophorum
365 2877 497 2916 limine
528 2877 750 2927 aberrasse,
789 2874 857 2913 sed
888 2875 1016 2924 potius
1049 2870 1110 2925 (id
1142 2879 1201 2912 est
1231 2872 1410 2927 propius)
1443 2875 1490 2914 ad
1523 2878 1661 2925 poetas
1691 2875 1753 2914 vel
1786 2879 1918 2912 orato-

126 2946 209 2971 rum
240 2934 422 2974 flosculos
445 2935 659 2974 deflectere.
721 2932 846 2972 Multa
870 2931 1049 2980 equidem
1080 2944 1140 2970 me
1161 2931 1296 2980 latent,
1328 2944 1398 2971 nec
1426 2934 1526 2971 enim
1559 2944 1714 2983 operam
1735 2934 1846 2981 posui
1876 2934 1916 2970 in

129 2992 305 3030 eruendis
338 2994 532 3043 mysteriis
574 2998 736 3031 naturae
778 3003 824 3030 ex
862 2991 1067 3039 poetarum
1106 2990 1272 3038 fabulis,
1314 2992 1407 3039 quia
1444 3002 1529 3029 cum
1561 2991 1916 3029 mathematicarum
1959 3043 1961 3046 Δ

129 3047 499 3090 demonstrationum
530 3050 759 3090 certitudine
789 3054 938 3088 tantum
968 3052 1027 3086 est
1056 3048 1151 3086 mihi
1180 3049 1345 3097 negotii,
1376 3053 1419 3086 ut
1448 3049 1499 3086 ad
1529 3048 1597 3087 illa
1622 3047 1722 3086 nihil
1753 3050 1917 3099 supersit
