1994 3276
487 178 543 214 De
565 171 865 223 Proportiom‘bns
891 170 1132 211 ammas.
1179 169 1290 210 Liber
1312 171 1378 210 ΠΙ.
1753 176 1833 220 129

39 300 112 339 cilo
140 305 220 346 est,
251 298 542 351 proportionum
569 295 879 337 hamtonicarnm
908 292 1163 339 differentias,
1200 303 1345 342 genera
1372 292 1590 344 modosque
1614 294 1838 335 abstrahere

39 361 168 397 mente
195 368 225 396 a
251 355 414 396 vocibus
443 360 484 394 et
502 355 610 394 sonis
627 351 895 399 musicalibus,
924 362 1012 389 cum
1040 361 1117 388 non
1143 349 1223 390 alia
1250 352 1365 390 nobis
1392 357 1600 403 suppetant
1630 350 1839 405 vocabula,

38 416 157 455 rebus
184 412 422 466 explimdis
450 412 686 459 necessaria,
729 421 847 463 quam
885 410 1053 447 musica:
1094 407 1183 449 ideo
1224 409 1518 458 conjungendus
1553 411 1669 450 nohis
1696 412 1771 450 erit
1798 413 1841 450 iu

40 472 117 513 boe
154 469 271 512 libro'
290 471 400 511 locus
439 471 574 509 tertius
611 480 698 509 cum
727 469 863 518 quinto
905 472 943 506 et
973 467 1128 514 ultimo,
1166 465 1450 516 dicendumque
1487 474 1755 508 non'tantum
1791 469 1842 509 de

42 529 355 584 proportionibus
382 528 616 568 harmonicis
642 527 861 573 abstractis,
890 524 960 564 sed
988 526 1106 564 etiam
1134 525 1497 576 praeoccupandum
1527 526 1602 565 hoc
1630 526 1844 566 humanum

43 589 249 629 creationis
278 588 558 626 imitamentum
586 587 625 624 in
654 591 789 632 cantu;
830 584 1036 623 creationis
1068 594 1159 621 vero
1188 583 1385 622 coelorum
1402 595 1502 635 opus
1531 590 1688 635 propter
1716 586 1846 624 subli-

46 641 289 686 mitatem'et
317 643 654 684 incredibilitatem
684 641 934 686 differendum
965 642 1003 680 in
1034 639 1161 679 locum
1193 640 1389 688 ultimum,
1420 640 1554 681 ordine
1584 643 1675 690 illo,
1693 645 1773 694 ·qui
1805 645 1845 682 in

46 703 159 745 titulo
188 704 276 743 libri
305 703 564 755 praescriptus
593 707 664 741 oet.
723 700 774 738 Et
803 699 901 738 haec
932 699 981 738 de
1010 698 1144 738 ordine
1173 698 1437 743 dicendorum.

159 759 253 807 Jam
282 767 326 800 ut
354 761 545 800 contraria
574 760 674 798 iuter
700 770 743 798 se
774 758 954 809 opposita
982 757 1108 806 magis
1137 757 1376 805 elucescant,
1405 757 1515 796 lubet
1543 757 1849 810 disputationem

32 813 96 859 ‘de
125 825 240 860 cantu
268 818 439 858 humano
470 818 661 869 auspicari
690 829 715 855 a
745 817 1108 855 commemoratione
1128 826 1272 862 eorum,
1303 826 1407 866 quac
1436 824 1588 856 veteres
1617 828 1734 868 super
1763 824 1855 866 ortu

49 876 387 918 consonantiarum
416 875 756 928 stinteorumenti.
1438 882 1441 884 ’

93 984 96 985 ⁷
163 934 352 974 Nimirum
381 935 480 973 sicut
519 939 578 972 est
613 937 877 983 comparatum
916 933 953 969 in
984 931 1099 970 rebus
1129 931 1307 978 omnihus
1337 931 1536 980 humanis,
1574 938 1619 971 ut
1647 943 1750 983 qnae
1779 943 1854 973 nn.-

52 989 138 1033 tura
167 993 280 1042 nobis
305 999 399 1033 sunt
429 992 584 1037 tributa,
615 992 655 1028 in
685 993 732 1029 iis
753 1000 846 1028 usus
864 990 1125 1040 cognitionem
1154 1000 1357 1028 causarum
1387 995 1619 1037 antevertat,
1649 993 1708 1030 sic
1737 992 1854 1030 etiam

0 1069 4 1082 ›
52 1042 335 1097 eirea'eantum
364 1052 495 1101 generi
526 1049 698 1089 humano*
726 1059 799 1087 usu
829 1049 948 1095 venit,
979 1056 1023 1085 ut
1052 1047 1139 1086 inde
1169 1048 1220 1086 ab
1250 1055 1337 1086 ortu
1366 1059 1437 1086 sno
1467 1045 1706 1087 modulis'et
1735 1050 1856 1091 inter-

0 1114 6 1117 *
55 1109 169 1148 vallis
198 1120 340 1148 vocum
366 1107 451 1148 sine
471 1107 736 1158 speculatione
757 1112 824 1144 aut
846 1107 1065 1156 cognitione
1095 1117 1300 1144 causarum
1332 1111 1502 1145 uteretur
1531 1106 1681 1153 iisdem,
1713 1109 1857 1157 quibus
1890 1149 1894 1152 ,

0 1211 5 1215 ,
54 1168 198 1207 utimur
236 1165 352 1205 hodie
395 1165 512 1216 vulgo
553 1167 591 1204 in
632 1164 904 1204 decantatione
952 1163 1209 1202 melodiarum
1248 1175 1324 1203 nou
1365 1170 1520 1203 tantum
1553 1166 1591 1202 in
1634 1165 1790 1216 templis
1820 1172 1859 1204 et

56 1225 182 1266 choris
200 1225 446 1270 musicorum,
476 1222 545 1263 sed
567 1224 712 1275 passim
731 1223 815 1261 sine
846 1223 1121 1261 exercitatione
1140 1223 1247 1269 artis,
1276 1223 1398 1261 etiam
1420 1223 1457 1260 in
1484 1224 1723 1274 compitis-et
1743 1225 1858 1274 agris.

169 1283 346 1334 Apparet
374 1281 712 1331 baec'antiquitas
742 1287 878 1319 cantus
909 1291 956 1319 ex
987 1279 1085 1318 libro
1117 1281 1239 1330 primo
1270 1279 1481 1319 Geneseo's.
1541 1280 1728 1331 Magium
1757 1283 1861 1320 enim

11 1372 14 1373 ν
59 1337 344 1392 oportuit'esse
373 1337 669 1380 delectationem
701 1350 748 1379 ex
778 1345 895 1377 cantu
941 1340 1047 1376 vocis
1079 1338 1271 1377 humanae
1306 1340 1414 1385 (cum
1446 1349 1536 1391 vero
1568 1339 1864 1378 delectationem

5 1413 11 1423 ι’
60 1397 166 1446 dico,
205 1397 410 1439 intervalla
439 1391 526 1436 dico
550 1397 780 1446 ⁴harmonica
810 1402 850 1435 et
879 1395 1108 1447 concinna),
1147 1407 1249 1446 quae
1283 1396 1368 1445 jam
1409 1399 1691 1441 octavum-alr
1711 1398 1864 1436 Adamo

5 1497 8 1499 Α
59 1452 245 1508 Jubalem
274 1457 478 1507 permovit,
510 1460 552 1493 ut
581 1462 716 1494 cantus
747 1454 945 1492 hominum
977 1454 1101 1492 brutis
1131 1455 1395 1493 instrumentis
1427 1455 1567 1493 imitari
1597 1454 1762 1494 disceret
1792 1456 1866 1494 do-

62 1521 254 1564 ceretque.
311 1513 397 1552 Nisi
435 1511 567 1561 fauor,
606 1511 728 1552 Jubal
765 1512 829 1550 hic
866 1511 1010 1563 Apollo
1051 1518 1130 1559 est,
1170 1510 1248 1551 levi
1289 1514 1503 1551 mutatione
1543 1513 1759 1559 literarum,
1797 1515 1867 1564 qui

27 1610 36 1623 ‚
62 1571 219 1611 fratrem
234 1570 416 1622 Jabelcm
445 1572 651 1622 pecuariae
682 1577 880 1610 auctorem
908 1569 1118 1619 fistulaque
1147 1571 1291 1620 agresti
1322 1570 1558 1620 gaudentem
1588 1568 1720 1625 (Pana
1742 1572 1868 1610 Denin

15 1654 19 1688 ζ
63 1626 277 1668 ι’ῢτιεοίε
306 1626 515 1682 creditum)
546 1627 729 1678 cytharae
759 1635 933 1678 repertae
964 1627 1068 1666 claro
1101 1629 1241 1666 tinnitu
1271 1630 1495 1680 superavit,
1523 1631 1725 1667 materiam
1754 1630 1870 1668 chor-

17 1690 25 1736 }
66 1686 199 1731 darum
229 1699 255 1725 a
282 1685 557 1726 Tabai-Caino
586 1686 724 1737 fratre,
762 1687 830 1736 qui
865 1686 978 1724 nobis
1017 1697 1064 1724 ex
1102 1687 1267 1724 nominis
1306 1686 1499 1726 allusione
1531 1686 1736 1726 Vulcanus
1772 1694 1870 1736 esto,

68 1739 280 1784 miituatus.
823 1763 826 1765 ·
1281 1778 1283 1780 ,
1775 1775 1781 1786 ,

181 1800 388 1850 Utcunque
418 1807 546 1840 tamen
576 1801 738 1851 antiqua
766 1801 817 1838 sit
846 1806 982 1839 cantus
1012 1800 1171 1838 humani
1201 1800 1336 1848 forma,
1368 1812 1416 1840 ex
1447 1801 1661 1840 intervallis
1692 1804 1874 1841 consonis

70 1858 133 1900 vei
161 1860 360 1899 concinnis
390 1860 622 1910 composita,
668 1870 808 1896 causae
839 1865 967 1896 tamen
997 1858 1290 1897 intervallorum
1321 1858 1516 1898 latuerunt
1546 1860 1743 1907 homines,
1773 1860 1875 1900 adeo

70 1923 114 1958 ut
141 1916 524 1969 antesPytnagoram
553 1927 601 1954 ne
633 1923 906 1965 quaererentur
935 1916 1113 1965 quidem,
1153 1923 1192 1955 et
1220 1918 1419 1967 quaesitas
1445 1929 1514 1968 per
1544 1918 1622 1956 duo
1651 1918 1774 1957 millia
1802 1931 1876 1959 an-

72 1987 231 2024 norum,
268 1977 414 2026 primus
443 1986 540 2024 ego,
578 1975 652 2011 nisi
682 1973 819 2022 fallor,
851 1976 1097 2014 exactissime
1126 1975 1328 2026 proferam.
1388 1975 1541 2014 Primus
1571 1969 1729 2025 quidem
1758 1977 1878 2016 fertur

71 2033 342 2085 Pythagoras,
382 2044 470 2071 cum
499 2031 603 2082 apud
635 2031 828 2070 officinam
867 2033 1064 2071 ferrariam
1096 2035 1275 2072 transiret
1301 2044 1498 2083 sonosque
1527 2034 1755 2073 malleorum
1786 2036 1878 2073 liar-

57 2093 225 2146 .monice
254 2096 562 2141 contemperatos
582 2089 928 2137 animadvertisset,
962 2090 1273 2142 deprehendisse,
1305 2091 1557 2130 differentiam
1578 2103 1761 2131 sonorum
1793 2104 1879 2131 esse

68 2161 122 2194 ‚ex
150 2148 414 2198 magnitudine
444 2147 681 2195 malleorum,
714 2154 756 2185 ut
785 2150 915 2197 magni
945 2161 1085 2198 graves
1106 2160 1225 2187 sonos
1247 2148 1415 2197 ederent,
1448 2152 1558 2200 parvi
1590 2158 1738 2189 acutos.
1782 2150 1879 2188 Cum

63 2212 205 2246 ‘autem
233 2208 332 2244 inter
358 2205 641 2256 magnitudines
672 2212 866 2255 spectetur
887 2208 1037 2257 proprie
1060 2208 1283 2257 proportio,
1314 2219 1477 2245 mensus
1508 2207 1686 2259 malleos,
1717 2220 1881 2259 propor-

44 2265 201 2304 tiones
230 2262 342 2302 facilc
371 2263 661 2310 animadvertit,
703 2264 849 2312 quibus
883 2264 1110 2303 harmonica
1148 2276 1288 2304 vocum
1323 2265 1530 2304 intervalla
1561 2265 1884 2304 constituerentur

34 2321 117 2362 stet
152 2322 294 2372 quibus
334 2320 510 2368 dissona,
553 2321 694 2371 quibus
735 2323 924 2368 concinna
974 2328 1013 2360 et
1054 2323 1196 2372 quibus
1236 2325 1475 2362 inconcinna.
1541 2323 1684 2361 Statim
1722 2326 1824 2362 enim
1860 2335 1884 2362 a

60 2374 227 2432 Juralteis
245 2378 308 2421 [ad
339 2378 566 2417 chordarum
594 2379 774 2417 transivit
802 2378 1084 2429 longitudines,
1118 2381 1183 2418 ubi
1214 2392 1328 2419 aures
1359 2383 1531 2419 exactius
1562 2381 1753 2429 indicant,
1784 2393 1886 2431 quae

54 2432 208 2491 [fpartes
236 2435 403 2475 chordae
441 2448 527 2475 cum
556 2443 639 2476 tota
676 2444 910 2486 consonent,
949 2450 1050 2486 qnae
1093 2439 1142 2477 ab
1186 2438 1254 2476 illa
1293 2439 1505 2477 dissonent.
1565 2439 1886 2490 Proportionibus

54 2497 192 2542 ‚certis
220 2496 401 2545 repertis,
434 2500 475 2533 ut
502 2510 557 2544 τῳ
586 2492 666 2539 ὁτι,
695 2501 916 2545 supererat,
949 2502 990 2533 ut
1022 2497 1140 2534 etiam
1170 2507 1323 2542 causae,
1354 2508 1422 2535 seu
1455 2511 1498 2535 το
1530 2494 1572 2535 δι’
1608 2494 1685 2540 ὁτι,
1719 2497 1887 2546 indaga·
1914 2494 1918 2498 ⁴

54 2555 219 2601 v(rentur,
251 2564 318 2591 cur
348 2551 421 2589 hae
451 2554 716 2602 proportiones
746 2555 946 2600 concinna,
978 2555 1118 2591 suavia
1136 2565 1385 2603 consonaque
1417 2553 1624 2601 intervalla
1645 2547 1886 2601 vocum'de-

54 2604 251 2657 ss-flnirerit,
283 2609 382 2647 aliae
413 2603 680 2659 proportiones
711 2609 884 2657 dissona,
925 2611 1177 2649 abhorrentia
1202 2612 1255 2649 ab
1284 2613 1456 2657 auribus,
1487 2614 1652 2650 insueta.
1714 2613 1760 2650 Et
1792 2614 1888 2650 itum

59 2667 155 2719 'fluit
182 2679 250 2719 per
279 2679 402 2706 annos
434 2668 493 2704 bis
521 2667 626 2706 mille
657 2669 694 2704 in
725 2668 824 2706 hanc
855 2670 1106 2716 sententiam,
1148 2680 1285 2707 causas
1318 2669 1503 2718 petendas
1533 2682 1558 2707 a
1587 2671 1888 2720 proprietatibus

0 2768 6 2777 ‚
62 2720 253 2779 {gi-sarum
282 2726 592 2776 proportionum.
632 2730 675 2761 ut
698 2722 795 2764 'illae
838 2728 1081 2765 continentur
1112 2727 1185 2764 sub
1226 2729 1395 2765 terminis
1427 2728 1656 2776 quantitatis
1687 2727 1889 2771 discretae,

60 2779 235 2835 Jaciticet
253 2794 511 2821 numerorum.
571 2781 763 2820 Viderunt
782 2785 884 2821 enim
913 2783 1191 2834 Pythagoraei‚
1222 2786 1413 2834 perfectas
1444 2786 1624 2822 constitui
1658 2784 1889 2832 harmonias,

64 2836 121 2884 33ss
149 2840 315 2878 chordae
345 2851 468 2889 aeque
498 2845 631 2877 tensae
661 2842 948 2890 proportionem
978 2841 1149 2880 habeant
1178 2843 1276 2880 inter
1296 2853 1338 2879 se
1367 2841 1620 2890 longitudinis
1653 2841 1822 2891 duplam,
1853 2847 1893 2881 et

0 2937 13 2950 ..
63 2890 124 2947 &ji
150 2897 316 2947 triplam,
347 2903 385 2936 et
414 2899 447 2935 si
478 2895 875 2948 quadruplam,b·inter
904 2911 1084 2937 numeros
1119 2902 1154 2947 l,
1177 2901 1201 2937 2
1234 2906 1272 2937 et
1307 2902 1341 2946 1,
1376 2899 1399 2935 3
1432 2905 1471 2936 et
1505 2901 1540 2945 l,
1561 2901 1599 2936 4.
1661 2898 1770 2946 Quae
1800 2911 1892 2951 pro-

0 2956 2 2961 '
76 2949 287 3012 {portiones
324 2954 501 2993 dicuntur
536 2956 573 2991 in
620 2952 867 3004 arithmetica
899 2956 1146 3007 multiplices.
1216 2956 1382 2994 Rursum
1423 2956 1542 3005 paulo
1590 2950 1903 3006 imperfectiores*

0 2994 18 3078 ἱ
80 3005 175 3052 esse
204 3008 477 3050 consonantias
508 3011 756 3053 chordarum,
794 3023 895 3060 quae
923 3014 1070 3052 faciunt
1100 3016 1385 3064 proportionem
1415 3013 1736 3062 sesquialteram,
1755 3015 1893 3054 'nemi-
1928 3043 1932 3047 Α

54 3072 60 3094 ¹
88 3064 247 3119 goliam,
278 3076 317 3108 et
347 3071 649 3119 sesquitertiam,
672 3069 879 3118 epitriton;
908 3081 963 3108 sc.
992 3072 1090 3109 inter
1111 3083 1291 3110 numeros
1323 3072 1360 3112 2,
1394 3071 1418 3107 3
1448 3077 1487 3108 et
1519 3073 1557 3114 3,
1590 3072 1642 3118 4,.
1661 3083 1762 3121 quae
1793 3073 1894 3112 duae

58 3122 61 3142 ‘
92 3128 356 3187 proportiones
388 3126 617 3177 conjunctae
646 3127 791 3164 faciunt
822 3128 1104 3178 proportionem
1136 3129 1312 3180 duplam,
1358 3128 1458 3166 inter
1486 3139 1670 3168 numeros
1699 3133 1749 3178 ⁶2,
1779 3132 1805 3168 4
1834 3134 1896 3171 vel

163 3198 286 3230 lepisti
304 3199 402 3231 Opera
419 3199 456 3225 V.
1647 3199 1672 3236 9

0 3109 23 3196 Ψ,
