1994 3276
150 91 232 131 196
722 86 778 124 De
801 86 1100 135 Proportionibus
1123 84 1360 125 Harmonicis.

148 206 214 246 vel
242 208 460 257 progressio
491 207 734 246 arithmetica
763 213 835 256 est,
867 208 1024 258 quando
1055 209 1165 247 initio
1196 207 1299 247 facto
1329 206 1380 246 ab
1411 207 1545 257 aliquo
1575 216 1735 245 numero
1764 214 1942 300 (111001111-

149 277 244 315 (1110,
277 265 471 306 adduntur
501 265 557 304 illi
589 265 772 316 aequalia
801 269 993 307 continue.

148 360 199 396 Ut
267 361 288 397 3
359 360 416 395 vel
475 361 518 396 33
711 341 808 380 Cum
839 353 930 392 ergo
958 345 1057 381 inter
1090 343 1126 390 3,
1161 342 1198 389 6,
1234 342 1270 388 9,
1307 342 1372 392 12,
1404 343 1495 379 item
1524 341 1623 378 inter
1653 338 1731 388 38,
1769 338 1843 385 41
1875 337 1942 384 44,

497 408 518 444 3
566 402 619 437 47
653 400 705 437 sit
731 402 951 450 progressio
982 402 1167 439 continua
1197 399 1462 448 arithmetica,
1502 397 1546 437 fit
1575 402 1618 436 ut
1657 398 1771 435 trium
1806 394 1944 434 talium

474 467 515 500 41
565 469 811 496 numerorum
842 458 1024 510 deinceps
1053 458 1269 496 locatorum
1298 457 1449 496 medius
1468 456 1686 509 appelletur
1704 454 1946 493 arithmetica

498 513 519 549 3
566 516 771 565 medietas,
803 522 847 554 ut
875 518 974 555 inter
1006 518 1029 554 6
1061 521 1100 555 et
1133 519 1183 554 12
1215 505 1404 555 medietas
1435 519 1495 555 est
1528 516 1574 564 9,
1606 516 1706 552 inter
1727 513 1780 552 38
1815 516 1854 551 et
1883 513 1938 549 44

474 572 520 607 44
568 574 756 613 medietas
786 575 1030 613 arithmetica
1059 580 1118 613 est
1148 576 1215 612 41.

453 617 521 711 ΤΞ
685 631 852 681 Quando
886 644 979 672 vero
1010 634 1178 671 numeris
1209 632 1360 682 aliquot
1397 635 1546 670 attenta
1576 641 1711 669 eorum
1745 628 1947 678 magnitu—

571 690 660 730 dine
691 691 888 729 adduntur
917 690 1079 740 similia,
1113 697 1205 730 tunc
1235 697 1294 729 est
1324 691 1521 740 proportio
1551 689 1797 739 geometrica.
1855 711 1860 715 -

613 757 662 792 Ut
727 758 760 802 3,
832 758 863 799 9,
934 759 966 802 5,
1039 759 1093 802 10,
1168 759 1220 802 17,
1293 757 1338 794 38

727 805 760 848 9,
809 803 864 849 27,
914 805 969 850 15,
1041 785 1099 842 30²,
1169 804 1352 847 51,114.

702 861 758 907 12

266 919 359 955 Nam
385 918 479 953 sicut
503 918 594 954 ad
576 933 595 953 o
621 918 767 954 additur
790 863 1094 964 1ῗ16111111ῗ109,31(ῗ
1103 919 1148 955 ad
1167 863 1363 956 {Saddiitzir
1385 919 1533 964 triplum
1557 918 1746 964 27,(11106
1768 923 1825 954 est
1847 922 1948 954 tanto

152 971 270 1016 majus
301 982 407 1017 quam
436 971 474 1016 9,
510 976 644 1016 quanto
670 973 690 1008 9
716 976 772 1007 est
795 973 911 1017 maJ’us
947 985 1054 1018 quam
1079 974 1120 1019 3,
1157 979 1193 1009 01
1229 979 1364 1018 quanto
1394 974 1434 1008 15
1468 976 1525 1008 est
1553 970 1668 1015 majus
1697 981 1808 1016 quam
1833 973 1854 1007 5
1879 975 1947 1006 etc

154 1024 255 1059 Sicut
281 1034 364 1068 ergo
391 1025 411 1058 3
437 999 482 1058 ad
511 1024 570 1068 12,
598 1024 649 1059 310
674 1025 694 1059 9
721 1025 766 1060 ad
791 1025 853 1070 36,
881 1032 917 1061 et
941 1027 1035 1062 sicut
1059 1027 1080 1063 3
1107 1026 1152 1061 ad
1177 1028 1214 1071 9,
1241 1026 1293 1062 sic
1321 1027 1361 1062 12
1386 1025 1431 1060 ad
1456 1025 1511 1062 36.

267 1097 434 1135 Rursum
466 1096 563 1135 haec
592 1098 791 1147 proportio
822 1100 860 1154 in
892 1099 966 1138 hoe
998 1099 1173 1148 exemplo
1196 1104 1254 1137 est
1275 1098 1489 1148 disiuncta:
1522 1098 1833 1148 ergo‘proportio
1853 1108 1950 1148 geo-

153 1157 312 1194 metrica
356 1156 563 1204 conjuncta
604 1167 674 1193 seu
719 1160 937 1205 progressio
981 1163 1060 1206 est,
1100 1157 1276 1207 quando,
1318 1158 1426 1195 initio
1467 1156 1570 1194 facto
1614 1157 1664 1194 ab
1705 1156 1837 1206 aliquo
1862 1164 1950 1194 ‘nu-

152 1225 280 1262 mero,
311 1225 463 1263 semper
493 1213 650 1252 additur
678 1214 736 1251 illi
770 1215 831 1253 vel
862 1228 951 1266 pars
984 1216 1050 1254 vel
1078 1215 1281 1266 multiplex
1311 1215 1462 1254 similis.

242 409 313 712 stwuwtw

607 1280 657 1315 Ut
796 1282 816 1316 3
948 1323 950 1325 ¹
1119 1284 1163 1318 10
1487 1281 1509 1316 8

755 1329 817 1381 -9
1093 1329 1187 1384 ,3-0.
1442 1328 1510 1382 —4

772 1387 816 1421 12
1117 1389 1164 1423 40
1466 1386 1509 1422 12

749 1433 815 1485 ,3-6
955 1451 958 1454 ’
994 1443 997 1446 ’
1094 1433 1163 1487 Q)
1441 1435 1508 1485 Δ

770 1491 816 1525 43
1097 1492 1163 1527 160
1370 1531 1394 1539 ⁴,
1467 1491 1510 1525 18

748 1537 815 1572 144
1093 1538 1163 1573 480
1486 1537 1508 1572 9

748 1595 817 1630 192
932 1598 934 1600 ’
1105 1598 1113 1607 ¹

273 1649 328 1686 Ad
351 1649 523 1684 initialem
549 1650 692 1686 additur
716 1653 862 1698 triplum
887 1654 923 1688 in
948 1597 1237 1698 duobusbssgrnis
1264 1653 1448 1697 exemplis,
1463 1595 1659 1688 2‹17imidium
1683 1651 1720 1687 in
1736 1651 1853 1695 tertio,
1877 1663 1971 1688 rur--

159 1713 310 1749 sumque
335 1702 380 1738 ad
405 1713 505 1745 eum,
539 1703 601 1747 qui
627 1703 710 1739 hinc
735 1710 791 1740 est
816 1710 943 1750 natus,
978 1705 1124 1740 additur
1149 1704 1273 1740 eadem
1299 1704 1489 1750 multiplex
1522 1703 1579 1738 vel
1604 1714 1699 1748 pars.
1748 1703 1846 1748 Ergo
1871 1708 1911 1739 ut
1933 1704 1961 1741 8

162 1756 208 1793 ad
233 1757 288 1798 12,
314 1757 365 1791 sic
388 1755 448 1791 hic
471 1755 551 1800 ipse
580 1757 621 1791 12
647 1763 702 1791 031
728 1769 834 1802 porro
859 1758 905 1793 ad
933 1758 985 1801 18,
1013 1757 1064 1793 310
1090 1757 1197 1792 etiam
1223 1760 1266 1792 1&
1291 1758 1336 1793 ad
1353 1758 1407 1794 27.
1454 1755 1525 1806 Ubi
1544 1756 1587 1792 12
1611 1761 1667 1792 est
1682 1754 1856 1792 medietas
1874 1767 1957 1802 geo-

162 1809 310 1896 metZrica
340 1810 433 1844 inter
456 1808 478 1843 8
511 1814 548 1843 01
581 1810 640 1854 18,
675 1811 726 1845 310
757 1810 802 1845 18
831 1812 986 1847 medium
1017 1810 1271 1855 geometricum
1307 1821 1371 1846 seu
1405 1808 1674 1855 proportionale
1707 1814 1763 1844 est
1794 1809 1890 1844 111101·
1913 1808 1956 1844 12

163 1866 200 1897 01
248 1862 269 1896 7
294 1866 362 1896 010.
1820 1876 1824 1882 ,

277 1932 388 1971 Haec
417 1934 522 1982 prius
551 1939 642 1971 sunt
673 1935 959 1984 cognoscenda,
998 1943 1041 1974 ut
1071 1936 1324 1985 intelligatur,
1365 1935 1457 1986 quid
1489 1936 1539 1973 sit
1567 1936 1765 1985 proportio
1795 1934 1954 1973 harmo-

164 1992 264 2029 nica.
324 1991 423 2028 Nam
455 1991 522 2029 illa
563 1993 619 2030 sic
651 1992 827 2030 definitur
864 2007 887 2032 a
918 1994 1087 2040 Bodino‚
1132 1995 1235 2044 quod
1265 1997 1365 2032 inea
1390 1996 1552 2031 rationes
1573 1995 1782 2041 aequalium
1804 1998 1838 2032 et
1860 1994 1958 2030 simi-

164 2052 253 2088 lium
276 2051 349 2087 sint
372 2051 510 2087 modice
534 2052 716 2097 confusae,
759 2050 798 2088 id
836 2057 894 2090 est
924 2053 1090 2090 rationes
1132 2054 1278 2102 priores
1317 2051 1603 2098 arithmeticae,
1650 2056 1691 2099 et
1726 2046 1958 2102 posteriores

169 2108 439 2157 geometricae.

284 2164 404 2203 Porro
447 2165 543 2203 haec
576 2165 750 2204 definitio
783 2178 875 2204 vera
904 2177 982 2204 non
1015 2172 1091 2204 est:
1139 2165 1182 2220 1)
1215 2167 1324 2205 multi
1362 2167 1464 2205 enim
1491 2166 1601 2206 modi
1642 2171 1731 2205 sunt
1773 2167 1889 2205 etiam
1910 2167 1958 2204 *in

168 2224 337 2261 numeris
367 2234 444 2260 non
475 2222 721 2271 harmonicis,
754 2225 894 2273 quibus
925 2224 1049 2261 modis
1080 2226 1248 2263 rationes
1281 2225 1503 2274 aequalium
1535 2230 1572 2263 et
1595 2225 1779 2263 similium
1808 2225 1959 2275 possint

160 2292 254 2319 resse
283 2281 435 2320 modice
467 2282 668 2331 confusae3
709 2293 835 2331 neque
853 2288 994 2320 ‘tamen
1025 2282 1101 2320 hoc
1131 2281 1289 2330 sufficit,
1331 2288 1374 2320 ut
1404 2285 1452 2321 sit
1481 2284 1679 2334 proportio
1711 2283 1956 2331 harmonica,
1978 2287 1994 2334 ‚J

169 2345 319 2389 oportet
350 2341 451 2379 enim
482 2339 664 2378 accedere
706 2340 803 2378 alias
836 2341 952 2378 etiam
993 2351 1235 2378 numerorum
1265 2340 1537 2389 habitudines,
1580 2352 1626 2379 ex
1659 2352 1742 2391 cap.
1780 2342 1825 2388 1·‚
1857 2341 1901 2389 ff,
1934 2340 1958 2378 3

170 2397 371 2447 petendas.
434 2394 481 2451 2)
513 2397 662 2436 Multae
706 2399 876 2436 vicissim
915 2403 1003 2436 sunt
1035 2398 1301 2447 copulationes
1340 2410 1585 2437 numerorum
1613 2398 1879 2446 harmonicae,
1920 2399 1958 2435 in

170 2456 311 2504 quibus
343 2467 468 2505 neque
500 2456 721 2506 aequalium
752 2468 877 2506 neque
909 2455 1092 2494 similium
1122 2457 1290 2494 rationes
1317 2459 1568 2495 continentur.
1631 2453 1677 2510 3)
1711 2455 1812 2505 Quin
1844 2457 1960 2495 etiam

168 2518 258 2551 sunt
293 2513 537 2552 harmonicae
567 2516 846 2564 proportiones,
879 2516 917 2551 in
949 2515 1090 2564 quibus
1123 2519 1181 2552 est
1211 2514 1371 2564 simplex
1404 2516 1638 2563 geometrica
1666 2515 1886 2565 proportio,
1917 2518 1961 2552 ut

175 2574 218 2619 1,
251 2573 301 2619 2,
335 2572 378 2619 4,
420 2573 491 2609 etsi
522 2571 712 2610 identicae
744 2577 831 2610 sunt
861 2583 932 2610 nec
962 2574 1127 2622 gratiam
1157 2571 1263 2610 solae
1293 2573 1446 2621 pariunt
1479 2574 1748 2622 praecipuam,
1788 2571 1886 2610 adeo
1917 2576 1960 2610 ut

170 2628 344 2667 Bodinus
376 2634 502 2679 neget,
543 2629 633 2667 illas
666 2642 712 2667 ex
743 2641 783 2667 se
818 2631 910 2679 ipsis
943 2629 1091 2668 efficere
1123 2635 1348 2667 concentum
1368 2629 1500 2678 ullum,
1533 2630 1703 2679 intellige
1732 2629 1958 2681 figuratum3

171 2693 261 2725 sunt
291 2687 461 2725 vicissim
490 2686 591 2725 aliae
621 2687 869 2726 harmonicae
899 2689 1179 2736 proportiones,
1212 2689 1249 2724 in
1282 2688 1422 2737 quibus
1454 2693 1512 2726 est
1532 2688 1695 2738 simplex
1714 2687 1956 2727 arithmetica

171 2747 383 2795 proportio,
417 2751 459 2783 ut
494 2748 535 2793 1,
569 2749 618 2793 2,
653 2747 689 2793 3,
721 2747 776 2784 sic
808 2748 844 2792 2,
878 2747 922 2793 3,
956 2748 994 2793 4,
1026 2757 1123 2795 quas
1155 2747 1270 2783 etiarn
1301 2745 1476 2784 Bodinus
1506 2746 1564 2784 sui
1596 2745 1738 2784 oblitus
1767 2756 1836 2796 pro
1867 2745 1959 2784 har-'-
1992 2759 1994 2762 ⁴

172 2804 334 2842 monicis
365 2804 553 2854 agnoscit,
585 2805 657 2842 etsi
688 2803 783 2841 nihil
813 2803 982 2841 habeant
1013 2803 1218 2851 analogiae
1248 2806 1504 2853 geometricae
1541 2803 1765 2842 admixtum.
1824 2802 1889 2842 Sic
1919 2804 1957 2851 3,

174 2861 219 2908 4,
252 2862 296 2909 5,
326 2862 382 2899 sic
414 2863 460 2909 4,
496 2862 540 2909 5,
574 2862 619 2909 6,
651 2863 706 2900 310
740 2863 782 2910 1,
815 2862 861 2910 3,
896 2862 940 2909 5,
972 2862 1027 2898 sic
1059 2864 1102 2908 2,
1138 2862 1182 2909 5,
1217 2861 1240 2899 8
1274 2867 1368 2914 etc.,
1399 2874 1495 2912 quas
1524 2863 1754 2911 posteriores
1783 2860 1957 2899 Bodinus

173 2929 371 2968 perperam
401 2924 518 2969 negat
548 2918 802 2958 harmonicos
822 2918 974 2957 efficere
1005 2924 1226 2964 concentus,
1260 2921 1488 2958 auctoritate
1509 2924 1681 2958 veterum
1712 2923 1845 2958 contra
1865 2930 1957 2958 sen-

175 2986 260 3013 sum
290 2977 443 3015 auditus
474 2978 687 3027 insurgens.

289 3034 359 3073 Est
387 3040 517 3074 tamen
546 3036 709 3074 assertio
747 3046 842 3074 vera
871 3032 1151 3084 quadamtenus
1189 3033 1236 3074 de
1267 3047 1315 3074 ea
1351 3034 1619 3085 proportione,
1661 3045 1776 3084 quam
1806 3038 1955 3074 veteres
