1994 3276
595 69 833 127 mmmm.
879 71 991 109 Liber
1005 71 1072 110 111.
1095 72 1213 118 capnt
1236 72 1284 110 x
1749 75 1831 130 ies
1878 99 1885 104 -

42 186 104 225 sin
131 190 262 227 anum
290 188 427 232 musici
465 189 540 240 ipsi
567 195 717 240 ponunt
745 194 895 229 tantum
924 191 1026 230 iuter
1061 191 1110 239 b,
1153 189 1176 242 l>
1204 196 1244 231 et
1274 193 1374 232 inter
1401 191 1475 242 ὀρ,
1519 203 1558 242 e,
1582 234 1593 253 ι
1612 190 1736 243 Igitur
1765 190 1833 245 vel

42 242 371 296 ipsisfforganieis
388 248 689 287 succutientibus
727 244 792 287 vel
821 259 847 287 a
874 248 919 288 D
957 248 1022 288 vel
1051 260 1078 288 a
1109 247 1147 288 G
1174 256 1348 301 systema
1387 254 1569 290 nostmm
1598 255 1832 300 consurgere

44 298 177 350 debet,
210 301 254 342 ut
280 305 515 354 exprimatur
543 317 688 344 merum
716 310 888 357 systema
916 306 1105 346 naturale.
1582 306 1585 309 ’
1739 360 1745 364 f

157 360 211 399 At
236 370 364 411 neque
390 373 416 400 a
444 362 487 400 D
515 369 685 414 systema
713 363 888 403 naturale
918 366 1084 415 incipere
1113 369 1254 416 potest.
1277 416 1280 419 Ι
1315 366 1384 405 Est
1404 365 1507 404 euim
1536 364 1631 416 ipsis
1660 365 1702 404 in
1719 365 1827 404 more

42 419 232 470 positum,
258 420 504 473 semitonium
533 433 677 471 ponere
706 423 806 461 inter
834 422 881 470 d,
911 422 984 473 ἀρ,
1017 424 1060 462 iu
1087 433 1174 462 meo
1204 434 1297 463 vero
1326 423 1496 463 naturali
1525 428 1744 477 systemate
1767 429 1829 479 ‘2³‘

44 477 121 514 imo
150 475 239 516 loco
266 476 434 526 lemma,
465 478 572 528 quod
601 481 728 518 mium
757 485 818 520 est
847 481 1066 520 semitonio.
1792 476 1817 491 ⁸

213 553 352 586 systum
368 557 514 583 mar-10.
720 558 930 591 Tmspositio
947 559 1070 593 relecta.
1278 559 1488 593 Tru-positio
1505 560 1566 586 alis
1583 558 1706 594 reiecta.
1728 554 1731 557 ’

802 891 989 962 CAP‘UT
1026 915 1075 962 x.
1145 958 1149 960 ,

205 1007 273 1043 De
297 1008 622 1046 retr-chordis
645 1015 692 1046 et
714 1022 800 1048 usu
822 1010 1103 1058 syllabarum
1125 1017 1200 1058 ut,
1223 1023 1286 1057 rc,
1310 1013 1388 1057 ni,
1413 1014 1485 1058 fa,
1507 1013 1594 1057 ⁸01,
1617 1013 1675 1053 1⁶.

159 1125 365 1165 Veteribus
396 1130 580 1169 usitatum
609 1135 703 1178 erat,
733 1136 905 1181 systema
934 1137 1098 1171 octavae
1127 1130 1365 1181 distinguere
1395 1131 1438 1168 in
1465 1128 1543 1168 duo
1573 1129 1831 1178 tetrachorda,

46 1182 163 1232 idque
200 1183 459 1225 diversimode
495 1198 564 1236 pro
602 1187 758 1227 diversa
793 1191 1005 1228 intentione
1039 1191 1286 1228 musicorum.
1357 1187 1432 1227 Vel
1475 1189 1577 1228 enim
1628 1188 1835 1238 conjuncta

45 1247 167 1288 erant,
196 1253 446 1292 synemmena
476 1245 599 1294 dicta,
631 1257 708 1284 uuo
737 1258 835 1285 sono
864 1247 1091 1286 intermedio
1121 1252 1289 1295 statuto,
1319 1248 1387 1296 qui
1417 1251 1457 1286 et
1483 1258 1570 1285 cum
1598 1248 1832 1296 gravissimo

45 1298 143 1337 infra
171 1306 211 1338 et
239 1311 327 1339 cum
355 1303 580 1342 acutissimo
609 1315 726 1354 supra
755 1303 948 1344 efficiebat
977 1305 1239 1353 diatessaron,
1280 1304 1414 1355 itaque
1452 1309 1647 1343 extremae
1688 1305 1834 1344 efficie-

45 1356 140 1394 bant
167 1356 414 1398 intervallum
440 1360 651 1410 dissonum,
683 1362 853 1412 dihepta,
886 1369 931 1402 et
953 1375 1071 1414 supra
1101 1370 1216 1402 tonus
1242 1374 1340 1402 unus
1369 1362 1737 1412 subintelligebatur
1764 1374 1834 1401 ac-

46 1413 201 1464 cedere3
241 1418 393 1466 quoties
421 1420 522 1458 enim
553 1419 647 1459 ordo
676 1420 902 1470 postulabat
937 1423 1093 1472 pulsare
1131 1428 1312 1460 octavam
1342 1434 1391 1469 a,
1430 1420 1643 1472 pulsabant
1670 1422 1834 1472 primam

47 1474 104 1518 A,
135 1474 247 1522 qnasi
276 1485 325 1512 ex
354 1479 533 1526 opposito
565 1478 773 1516 identicum
803 1490 940 1518 sonum
971 1479 1160 1527 edentem,
1191 1477 1421 1531 ᾰηιφωνον.
1481 1477 1569 1518 Hoc
1597 1483 1714 1529 pacto
1755 1484 1833 1517 nou

46 1539 136 1568 vere
165 1529 243 1569 duo
272 1534 514 1573 tetrachorda
545 1542 664 1583 erant,
695 1530 871 1575 sed'duo
902 1538 1057 1587 quidem
1079 1537 1318 1576 diatessaron
1339 1536 1558 1585 intervalla,
1589 1547 1710 1576 unum
1742 1549 1834 1575 vero

39 1586 371 1640 *heptachordum
410 1593 471 1631 vel
502 1592 696 1642 disjuncta
724 1600 831 1632 crant
871 1596 1115 1634 tetrachorda
1153 1595 1358 1634 intervallo
1398 1597 1512 1633 unius
1543 1596 1625 1634 toni
1665 1595 1835 1645 maJoris,

47 1644 324 1696 diezeugmenas
352 1648 477 1698 dicta,
509 1651 613 1700 qnod
642 1663 769 1690 rerum
797 1658 937 1690 natura
968 1654 1109 1692 suadet
1136 1655 1254 1692 etiam
1290 1654 1330 1690 in
1360 1658 1493 1691 nostra
1520 1654 1743 1704 systematis
1773 1653 1837 1690 di-

49 1700 211 1751 visione,
241 1705 282 1742 in
311 1718 390 1756 qua
417 1708 575 1747 iuferius
605 1709 888 1748 tetrachordum
919 1711 1037 1750 habet
1070 1710 1118 1760 G,
1150 1713 1195 1759 A,
1226 1710 1261 1764 ἱ),
1291 1722 1323 1758 c,
1353 1712 1531 1761 superius
1560 1710 1599 1759 d,
1630 1723 1672 1758 e,
1700 1711 1766 1761 Ῑρ,
1795 1722 1834 1760 9,

49 1761 113 1797 ubi
154 1762 253 1800 inter
280 1774 303 1801 c
331 1770 369 1803 et
398 1765 427 1803 d
466 1771 580 1804 tonus
618 1767 742 1816 major
769 1769 939 1807 interest.
999 1770 1193 1808 Fortassis
1223 1770 1309 1821 ipso
1352 1771 1469 1807 etiam
1500 1770 1578 1807 situ
1619 1768 1836 1818 disjunctae

48 1825 155 1856 eraut
185 1826 350 1869 quatuor
379 1824 479 1862 imae
510 1823 676 1864 chordae
706 1838 731 1864 a
762 1832 928 1875 quatuor
957 1828 1234 1878 superioribus,
1262 1825 1397 1866 relicto
1427 1839 1481 1866 sc.
1512 1828 1719 1866 interstitio
1749 1839 1835 1866 ma-

43 1875 120 1925 jori
149 1878 248 1916 inter
276 1879 388 1918 binas
418 1881 646 1921 limitaneas.

211 1977 215 1979 “
307 1982 508 2009 Tetrachorda
527 1992 725 2015 synemmena.
829 1998 834 2002 -
1036 1987 1241 2013 Tetrachorda
1260 1987 1481 2019 ᾱίοιοῑιςωοιιι.

164 2193 294 2232 Causa
322 2194 417 2243 ipsis
447 2196 641 2245 cogitandi
681 2197 729 2235 de
758 2203 969 2248 systemate
997 2194 1231 2237 tetrachordi
1258 2200 1331 2238 suit
1366 2201 1462 2248 ista,
1501 2199 1607 2250 quod
1636 2199 1836 2248 videbant,

49 2254 88 2290 in
119 2264 197 2290 una
227 2251 466 2290 diatessaron
496 2257 747 2294 consonantia
778 2267 864 2294 esse
895 2260 1008 2294 tonos
1038 2255 1137 2295 duos
1166 2258 1295 2305 semis,
1328 2262 1368 2296 et
1386 2269 1457 2296 nos
1484 2257 1674 2297 habemus
1701 2258 1838 2297 tonum

0 2319 27 2342 π
50 2309 462 2360 majorcm‚·minorem
493 2317 531 2350 et
559 2315 805 2352 semitonium
835 2315 874 2351 in
905 2313 1144 2352 diatessaron
1174 2315 1358 2365 perfecto.
1388 2317 1428 2353 in
1455 2310 1729 2355 concordantia
1757 2313 1838 2369 sci-

53 2367 143 2405 licet
171 2368 309 2406 minori
340 2363 449 2419 (nam
481 2366 531 2422 *75
562 2376 601 2408 et
631 2368 686 2424 ⁵]ss
717 2383 767 2409 ne
797 2371 954 2421 quidem
992 2383 1062 2421 pro
1093 2373 1377 2411 concordantiis
1406 2373 1668 2422 habebantur)
1709 2375 1840 2412 omnia

0 2441 2 2475 2
42 2424 242 2464 'elementa
270 2425 480 2474 concinna3
512 2433 550 2465 et
569 2424 815 2467 semitonium
835 2429 991 2479 quidem
1013 2429 1076 2468 vel
1097 2431 1174 2468 imo
1193 2430 1294 2474 loco,
1326 2431 1389 2470 vel
1410 2430 1552 2479 medio,
1582 2431 1647 2470 vel
1674 2441 1837 2470 summo.
1899 2433 1901 2435 ’

0 2489 37 2533 ἐτ’
52 2481 187 2541 Omnis
216 2483 334 2532 igitur
364 2490 499 2521 cantus
531 2485 735 2524 videbatur
764 2488 859 2536 ipsis
890 2487 1162 2537 comprehendi
1192 2489 1314 2526 tribus
1335 2489 1664 2529 tetrachordorum
1691 2490 1837 2527 formis.

223 2711 299 2737 Tou.
365 2712 440 2738 Tou.
497 2714 573 2739 Sem.
835 2718 908 2742 Tou.
965 2717 1042 2743 sem.
1114 2718 1190 2743 Tou.
1417 2718 1495 2744 Sem.
1568 2719 1642 2743 Tou.
1688 2718 1766 2745 Tou.

165 2792 264 2830 Mihi
309 2794 614 2844 multiplicantur
648 2798 792 2837 formae
835 2799 1162 2838 tetrachordorum
1212 2806 1369 2850 propter
1416 2800 1704 2838 distinctionem
1741 2801 1840 2839 iuter

13 2854 186 2899 Δςίιοιιοε,
227 2853 413 2889 minorem
452 2860 491 2891 et
521 2858 724 2903 majo‘rem3
770 2868 840 2906 pro
880 2858 1002 2895 tribus
1043 2859 1145 2896 enim
1174 2870 1245 2896 sex
1271 2858 1369 2895 fiunt
1398 2864 1437 2895 et
1466 2858 1507 2894 in
1537 2869 1615 2895 uno
1646 2858 1835 2908 diapason

26 2904 260 2956 ’'Jpleraeque
298 2911 493 2958 geminae3
531 2913 663 2960 itaque
698 2913 885 2952 habemus
926 2917 1043 2954 etiam
1085 2922 1247 2954 naturae
1284 2914 1483 2964 quoddam
1519 2915 1746 2964 suffragium
1784 2917 1836 2955 ad

55 2961 335 3013 distinguenda
365 2968 630 3016 tetrachorda,
669 2980 758 3006 nam
797 2973 973 3020 superius
1014 2978 1071 3011 est
1115 2974 1283 3012 inferiori
1314 2971 1600 3022 quodammodo
1634 2972 1766 3014 »simile
1795 2976 1835 3013 iu

31 3019 303 3072 ’dispositione
333 3025 622 3066 intervallorum
653 3026 952 3069 elementarium.
