1994 3276
742 100 940 140 Libum.
966 100 1203 182 ΜΣΝ.
1780 101 1865 141 889

80 219 515 266 manentem-m,
538 217 1282 259 strictoniduosemisnonaccurate,
1306 213 1868 261 scdultsmnnncupativqnt

82 271 312 309 Ptolemscm
332 271 413 318 ipse
435 270 701 308 demonstravit.
735 269 828 306 Toni
850 270 945 306 enim
969 279 1035 306 seu
1056 269 1301 316 proportionis
1323 267 1598 313 sesquioctavae
1620 266 1780 304 semissis
1803 277 1865 303 ex-

0 318 6 325 “
79 328 163 360 acta
183 327 242 360 ut
261 321 440 361 ineffabile
462 323 658 369 quippiam.

192 385 290 424 nm
310 384 391 422 m
437 385 623 423 Hactenus
646 386 756 433 igitur
776 363 869 422 tales
884 386 1079 431 compara·
1105 396 1170 421 nes
1194 384 1325 430 attulit,
1350 395 1443 431 quae
1465 385 1631 432 planetas
1654 394 1780 421 omnes
1800 388 1868 420 aut

80 444 176 476 certe
196 437 368 484 majorem
391 448 513 475 eorum
536 443 674 484 partem
697 439 931 474 communiter
953 438 1066 474 attins
1092 442 1166 475 ant.
1190 438 1273 474 Jsm
1297 448 1337 475 se
1360 438 1555 487 accingens
1574 437 1622 474 ad
1645 436 1866 483 singulorum

8 501 14 506 ²
80 491 185 528 orbes
208 494 246 526 st
268 495 389 526 motus
412 500 493 526 cum
516 491 626 526 rebus
649 490 794 527 musicis
816 490 1077 536 comparandos
1110 491 1148 526 in
1171 491 1252 537 ipso
1276 496 1407 563 conatu
1430 490 1583 537 defecit,
1618 489 1754 527 relictis
1777 489 1865 526 lem·

80 543 236 581 mutibus
259 543 416 589 capitum
440 543 518 580 sine
541 543 767 580 nmatione,

190 607 288 644 Non
309 605 410 643 xm.
457 605 645 641 Praefatur
660 610 790 651 autem,
814 616 854 641 se
868 616 1016 642 usurum
1034 607 1278 652 experientiae
1293 607 1510 650 testimonio,
1535 617 1601 642 sen
1616 606 1867 643 observatione

82 669 227 696 «eorum
249 669 342 705 quae
364 658 457 695 flunt
481 658 536 693 vel
560 658 660 694 facta
683 664 801 694 sunt».
845 657 905 694 Sic
928 659 1022 694 enim
1046 663 1103 695 est
1125 658 1358 705 intelligenda
1380 669 1449 694 vox
1474 658 1621 703 ultima,
1645 658 1716 694 nisi
1738 669 1867 696 manca

81 718 119 749 ct
139 712 351 758 imperfecta
373 711 421 748 sit
443 717 479 747 et
504 711 657 757 abrupta
681 711 840 757 scriptio.
890 711 1001 756 Cujus
1024 712 1077 747 rei
1101 710 1341 758 suspicionem
1365 710 1516 757 praebet
1538 711 1589 756 is,
1626 706 1688 756 qui
1712 721 1867 758 sequen·

78 765 132 801 tia
152 765 223 801 tria
245 765 367 811 capit·
399 764 642 808 concinnavit,
676 775 719 800 eo
755 763 852 810 qnod
887 764 978 800 haec
1010 766 1119 801 verba
1143 775 1188 800 ex
1211 764 1284 800 fine
1306 761 1414 809 hujus
1438 764 1568 809 capitis
1591 764 1628 800 in
1651 764 1866 811 principium

79 818 264 863 sequentis
287 817 441 854 eontulit
464 822 502 852 et
523 828 603 853 eum
627 817 704 852 aliis
738 816 855 852 verbis
878 827 951 853 una
980 817 1247 854 constructione
1281 816 1487 853 connexuit.
1534 816 1712 853 Existimo
1734 822 1866 861 autem,

79 869 162 905 ideo
186 869 384 915 pollicitum
420 879 500 905 esse
523 868 767 906 Ptolemaeum
802 869 1091 906 observationum
1124 883 1188 904 που
1210 883 1397 914 γινομενον
1433 868 1548 957 (5ch¹
1564 869 1864 915 phacuomenon),

80 922 167 967 quia
188 925 275 959 sunt
297 925 417 958 cert-e
441 921 709 958 observatione·
722 948 731 961 ,
755 922 887 967 quibus
910 921 1136 967 planetarum
1158 921 1254 958 alius
1276 921 1349 957 alio
1372 920 1487 966 proba
1570 920 1682 957 altior
1704 931 1804 958 esse:
1828 927 1867 958 et

79 983 164 1009 vero
187 973 406 1019 comparatio
442 974 655 1010 musicarum
691 985 810 1010 rerum
844 985 926 1010 enm
959 974 1110 1020 singulis
1134 975 1298 1020 sphaeris
1321 974 1405 1009 huic
1438 973 1805 1019 planetarumordini
1828 974 1865 1010 in

81 1023 269 1062 altitudine
291 1025 418 1062 debuit
439 1026 554 1062 inniti.

786 1172 972 1219 CAPUT
1008 1165 1152 1219 xlv.¹’

77 1280 213 1316 Juxta
234 1290 343 1326 quos
364 1280 533 1326 primos
557 1291 766 1317 numeros
784 1282 827 1325 11)
852 1282 1101 1327 comparari
1124 1281 1301 1327 possint
1323 1280 1516 1317 stabiles
1538 1281 1635 1317 soni
1659 1291 1710 1317 ex
1725 1286 1866 1328 syste-

101 1336 442 1384 mate-perfeeto
466 1337 623 1383 primis
646 1338 837 1374 orbibus
861 1349 1009 1374 eorum
1027 1339 1379 1384 (siderumquae
1401 1340 1445 1375 in
1470 1338 1630 1376 mundo
1656 1341 1840 1385 suntm).

194 1437 400 1488 Quomodo
430 1441 547 1490 igitur
586 1439 839 1490 planetarum
863 1443 901 1479 in
942 1448 1093 1491 genere
1113 1447 1327 1479 sumtorum
1370 1439 1439 1479 alii
1480 1451 1568 1479 cum
1597 1440 1687 1480 aliis
1717 1444 1865 1481 consti-

82 1502 194 1534 tuant
222 1502 347 1535 certas
384 1497 573 1547 quasdam
603 1497 857 1548 efficacesque
887 1499 1229 1548 configurationes,
1270 1498 1546 1550 respondentes
1576 1499 1753 1548 singulas
1782 1502 1865 1539 sin-

13 1591 17 1595 .
82 1554 187 1602 gulis
213 1555 254 1592 in
281 1553 505 1594 harmonica
533 1556 718 1595 facultate
748 1559 1029 1606 consonantiis,
1069 1556 1214 1596 dictum
1245 1563 1305 1595 est
1334 1557 1534 1596 hactenus.
1593 1556 1662 1596 Sol
1692 1559 1796 1596 enim
1826 1564 1866 1598 et

81 1613 242 1663 comites
273 1612 372 1662 ejus.
401 1613 535 1652 Venus
565 1613 858 1664 Mercuriusque
889 1627 976 1654 cum
1005 1613 1163 1665 reliquis
1193 1620 1373 1664 quatuor,
1404 1619 1512 1653 motu
1543 1615 1723 1654 omnibus
1753 1611 1882 1655 com-‘
1904 1624 1905 1627 ’

30 1720 37 1726 ¹
82 1671 188 1708 muni
217 1681 285 1720 per
311 1670 513 1709 zodiacum
545 1682 677 1710 omnes
708 1672 920 1723 explicatas
950 1673 1273 1722 configurationes
1301 1672 1469 1711 subeunt
1488 1669 1568 1725 IV).
1606 1673 1705 1712 Cum
1732 1679 1865 1714 antem

82 1738 158 1766 non
201 1732 351 1766 tanmm
389 1740 628 1767 communem
659 1729 828 1768 habeant
857 1736 1004 1768 motum
1034 1741 1099 1781 per
1130 1729 1356 1775 zodiacum,
1400 1730 1470 1769 sed
1508 1730 1709 1769 distinctas
1745 1732 1864 1771 etiam

82 1785 226 1835 singuli
252 1786 479 1835 possideant
508 1787 712 1836 sphaeras,
756 1788 897 1837 quibus
929 1794 1151 1835 vectantur,
1192 1789 1280 1838 jure
1309 1787 1528 1826 allubescat
1556 1787 1704 1827 homini
1731 1789 1863 1839 philo-

82 1842 207 1894 sopho
237 1842 391 1892 videre,
434 1855 526 1882 num
557 1847 674 1883 etiam
701 1856 770 1894 per
798 1845 971 1895 singulos
999 1846 1177 1895 planetas
1215 1845 1399 1885 succedat
1426 1846 1586 1884 ulterior
1613 1845 1748 1896 aliqua
1775 1859 1863 1886 cum

26 1936 36 1950 ,
84 1899 319 1941 harmonicis
348 1904 599 1952 comparatio.
659 1902 830 1941 Primum
860 1905 978 1954 igitur
1000 1915 1242 1953 quaeramus,
1274 1903 1368 1953 quid
1396 1915 1523 1942 rerum
1553 1903 1863 1945 harmonicamm

0 1949 2 1979 ἶ
77 1969 171 2001 ,cum
199 1958 376 2009 sphaeris
405 1960 643 2009 singulorum
681 1961 933 2010 probabiliter
975 1963 1137 2000 conferri
1178 1963 1315 2013 possit.
1375 1960 1523 2011 Opinor
1562 1968 1714 2011 autem,
1750 1965 1862 2014 sequi

30 2023 38 2032 ‘
86 2027 237 2055 summa
264 2018 416 2056 ratione
446 2018 496 2057 ad
526 2030 584 2065 ea,
616 2030 717 2068 quae
746 2018 933 2058 hactenus
962 2021 1256 2071 usurpavimus,
1288 2024 1332 2058 ut
1360 2021 1461 2058 sicut
1490 2032 1517 2058 a
1545 2020 1862 2069 configurationi-

81 2074 178 2123 bm,
208 2073 258 2113 de
286 2076 429 2125 quibus
456 2075 656 2123 hactenus,
686 2079 894 2116 transimus
922 2076 973 2116 ad
1003 2079 1090 2128 ipsa
1118 2089 1298 2128 corpora,
1329 2089 1431 2127 quae
1461 2077 1761 2127 configurantur,
1791 2090 1862 2119 eo-

84 2143 244 2182 rumque
272 2133 405 2181 orbes,
447 2135 503 2172 sic
542 2136 660 2173 etiam
703 2147 728 2173 a
768 2137 1049 2182 consonantiis,
1096 2147 1193 2185 quas
1235 2137 1452 2174 invenimus
1492 2136 1724 2185 respondere
1767 2148 1864 2175 con-

26 2223 30 2229 .
85 2188 396 2239 figurationibus,
436 2202 540 2230 nunc
582 2198 821 2231 transeamus
862 2193 912 2231 ad
942 2195 1049 2243 ipsos
1078 2199 1335 2232 consonantes
1364 2204 1482 2232 sonos
1526 2205 1735 2244 eorumque
1778 2195 1864 2234 effi-

27 2246 34 2291 J
85 2248 212 2295 cieris,
253 2248 415 2287 chordas
452 2249 611 2299 perfecti
654 2252 896 2301 systematis,
938 2259 1056 2300 atque
1091 2252 1156 2301 ‚sic
1196 2251 1439 2301 planetarum
1479 2251 1719 2301 singulorum
1751 2253 1863 2292 orbes

33 2340 36 2350 ἱ
87 2315 173 2343 cum
200 2305 363 2355 singulis
392 2306 566 2353 chordis,
608 2310 713 2346 sonis
742 2320 813 2346 seu
842 2309 939 2347 locis
968 2310 1188 2359 systematis
1219 2320 1486 2358 comparemus
1518 2305 1569 2360 V).
1622 2309 1732 2348 Sicut
1761 2312 1864 2350 enim

34 2393 42 2415 ᾗ
88 2365 361 2402 consonantiae
403 2365 693 2403 considerantur
722 2366 924 2413 absolute,
968 2369 1052 2405 sine
1088 2371 1265 2416 respectu
1301 2366 1517 2404 altitudinis
1558 2367 1597 2403 in
1635 2372 1860 2417 systemate,

88 2430 174 2459 cum
203 2420 336 2459 eadem
377 2424 629 2461 consonantia
670 2426 794 2473 possit
832 2435 917 2462 esse
946 2428 1025 2462 tam
1055 2425 1152 2461 inter
1188 2425 1387 2473 graviores
1423 2434 1560 2471 sonos,
1606 2435 1724 2473 quam
1761 2427 1860 2465 inter

87 2479 296 2526 acutiores,
336 2480 394 2517 sic
423 2481 539 2518 etiam
568 2481 891 2530 configurationes
921 2486 959 2520 et
988 2487 1167 2532 aspectus
1195 2486 1286 2519 sunt
1315 2482 1540 2530 promiscue
1571 2483 1742 2520 omnium
1771 2483 1860 2534 pla-

44 2573 47 2575 *
86 2540 258 2574 netarum
274 2565 284 2583 ‚
314 2547 382 2575 seu
410 2537 631 2576 inferiorum
661 2550 731 2578 seu
759 2540 1010 2589 superiorum.
1066 2539 1116 2577 Et
1146 2540 1316 2578 vicissim
1346 2540 1446 2577 sicut
1474 2540 1561 2577 soni
1589 2540 1751 2579 stabiles
1777 2540 1861 2590 jam

36 2595 46 2621 ἵ
87 2604 159 2631 sua
186 2593 332 2632 habent
358 2596 556 2643 assignata
584 2602 688 2635 certa
717 2597 805 2636 loca
844 2598 882 2634 in
920 2601 1151 2648 systemate,
1194 2598 1251 2636 sic
1287 2596 1468 2646 planetae
1509 2595 1653 2647 singuli
1688 2599 1861 2648 singulas

39 2651 44 2702 J
88 2650 273 2700 sphaeras
301 2652 340 2688 in
369 2652 510 2689 mundo
531 2651 600 2703 Ἦ).

199 2707 319 2746 Ροιτο
350 2720 436 2746 cnm
465 2721 545 2747 non
574 2716 723 2749 tantum
752 2713 866 2750 unius
894 2711 1076 2761 planetae
1105 2712 1234 2762 plures
1264 2712 1342 2749 sint
1371 2712 1496 2759 orbes,
1526 2711 1595 2750 sed
1624 2714 1741 2751 etiam
1769 2725 1861 2763 per-

42 2806 57 2813 „
88 2763 178 2803 secti
196 2767 429 2815 systematis,
461 2767 564 2815 quod
586 2772 706 2805 totam
726 2768 970 2808 harmonicae
991 2770 1355 2819 contemperationis
1372 2769 1638 2818 complectitur
1667 2776 1857 2820 naturam,

88 2821 216 2870 plures
246 2822 423 2870 chordae,
456 2835 571 2873 quam
600 2826 638 2861 in
668 2826 811 2864 mundo
840 2825 1124 2878 planetaeV11)2
1156 2827 1326 2865 delectus
1356 2833 1415 2864 est
1443 2832 1639 2876 utcunque
1668 2827 1860 2868 adhibeti—

42 2882 50 2907 s
90 2878 163 2918 dus
183 2882 275 2927 istc,
305 2886 348 2918 nt
377 2881 456 2919 illic
485 2883 626 2931 primas
656 2893 829 2932 quasque
847 2884 1044 2933 sphaeras,
1076 2897 1177 2934 quae
1196 2884 1363 2932 reliquas
1394 2885 1457 2921 uni
1487 2883 1666 2934 planetae
1695 2886 1859 2926 tributas

35 2973 47 2984 ,
90 2939 257 2975 exterius
286 2938 520 2988 complexae,
551 2944 658 2977 motu
688 2940 877 2990 cujusque
906 2944 1059 2992 proprio
1090 2949 1129 2980 et
1158 2941 1354 2990 aequabili
1385 2942 1486 2980 circa
1514 2941 1656 2980 Terrae
1686 2948 1859 2984 centrum

93 3000 264 3043 vectant,
306 3001 343 3034 et
374 2996 436 3034 hic
466 2996 663 3046 primarias
693 2997 854 3036 chordas
883 3010 952 3037 seu
981 3011 1099 3038 sonos
1129 2999 1307 3044 stabiles,
1348 3000 1414 3047 qui
1443 3010 1511 3048 per
1541 2999 1695 3039 diversa
1722 3008 1858 3042 cantus

94 3060 232 3099 genera
261 3058 450 3104 tonosque
481 3065 612 3094 omnes
654 3053 767 3094 iidem
798 3067 947 3108 semper
974 3062 1219 3107 permanent,
1264 3067 1336 3095 nec
1375 3060 1417 3095 ut
1455 3059 1570 3096 ceteri
1611 3057 1858 3102 intenduntur
