1994 3276
601 139 838 177 Harmonicis.
883 138 996 177 Liber
1015 137 1082 176 m
1108 138 1228 184 caput
1246 136 1278 174 1.
1757 135 1844 179 189

55 259 327 310 cognationem
362 260 403 297 in
440 259 528 299 loeo
565 270 643 298 non
682 260 756 299 erit
791 257 1037 309 negligenda.
1094 256 1267 296 Primum
1304 257 1408 296 enim
1437 253 1584 295 Larua
1606 251 1846 303 significatio·

55 318 177 366 vocis,
206 319 479 367 congruentia,
516 319 550 356 si
581 317 711 356 omnia
739 318 927 362 excutias,
956 315 1060 355 idem
1089 320 1225 363 sonat,
1255 313 1359 365 quod
1391 312 1545 353 Graeca
1572 322 1650 350 vox
1681 310 1849 349 barmo—

56 376 135 423 nia,
165 373 215 414 de
243 375 385 425 quibus
415 376 491 415 hoc
518 376 618 414 libro
647 386 818 426 agemus,
849 375 923 414 nisi
953 373 1059 425 quod
1087 384 1181 412 usus
1211 383 1328 412 voces
1357 371 1430 411 bas
1459 383 1482 411 e
1509 370 1626 410 rebus
1654 368 1849 420 subiectis

55 443 265 486 parumper
290 432 475 482 distinxit,
508 433 646 474 deinde
675 435 927 484 congruentia
955 432 1163 483 figurarum
1193 430 1373 470 conciliat
1397 429 1568 468 motibus
1598 425 1669 481 (de
1699 426 1850 478 quibus

55 491 131 530 hoc
160 496 200 530 et
229 492 364 542 quinto
394 490 515 546 libro)
546 491 716 544 aliquam
747 492 1048 543 congruentiam.
1108 489 1240 530 Tertio
1271 490 1343 528 etsi
1373 499 1450 527 non
1487 493 1567 526 tam
1597 484 1648 525 ad
1676 483 1841 535 figuram

55 545 176 588 totai'n
203 550 442 601 respicimus,
473 562 590 601 quam
619 549 670 591 ad
699 562 817 589 unum
848 550 933 600 ejus
962 549 1067 588 latus
1097 558 1290 599 quamque
1320 540 1368 585 ἰᾶ
1390 551 1537 598 partem
1566 542 1762 592 rescindit,
1793 552 1844 582 ea

57 617 227 646 consona
256 612 338 658 est3
368 613 409 647 at
437 607 552 647 simul
581 612 620 648 et
646 607 723 647 boc
751 620 899 654 verum,
930 607 1035 658 quod
1063 600 1140 646 uon
1170 611 1251 645 tam
1279 603 1320 644 id
1350 603 1658 650 consideremus,
1693 605 1841 652 quanta

56 676 146 716 pars
175 665 308 706 circuli
336 666 388 706 sit
415 667 648 718 intercepta,
687 678 804 717 quam
834 665 1050 717 cujusmodi
1081 664 1204 716 ligura
1234 663 1274 703 id
1302 664 1353 704 sit
1385 662 1554 710 factum,
1597 660 1841 701 demonstra-

55 722 124 763 bili
152 728 192 763 et
220 735 391 774 congrua
419 737 469 764 an
501 725 710 764 contraria)
764 724 863 764 Nam
892 723 1017 775 figura
1043 722 1243 773 quaelibet
1271 733 1318 762 ex
1347 720 1503 771 angulis
1530 721 1632 766 suis,
1673 730 1722 758 ex
1750 718 1843 768 qui-

54 781 129 821 bus
156 781 258 821 libro
275 782 330 824 11.
360 784 651 833 congruentiam
680 783 926 829 sortiebatur,
956 782 1100 833 adepta
1129 787 1190 820 est
1217 786 1258 820 et
1290 778 1659 820 demonstrationem
1686 776 1786 816 libro
1808 775 1842 816 1.

55 839 144 879 Non
173 845 234 879 ost
262 840 380 891 igitur
408 841 460 880 ab
488 841 700 880 harmoniis
729 840 960 880 auferendus
989 844 1188 891 respectus
1218 839 1495 890 congruentiae
1522 836 1745 886 figurarum.

167 933 475 986 Propositio
505 934 537 973 Ι.
598 934 759 974 Dimidii
789 946 876 974 cum
906 939 989 974 toto
1019 935 1276 975 consonantia
1305 937 1395 984 post
1422 932 1630 970 unisonum
1670 928 1757 968 sola
1784 931 1846 968 est

55 994 94 1031 in
122 993 248 1044 primo
277 992 421 1043 gradu,
437 992 636 1048 simplex,
665 994 838 1044 perfecta
867 999 906 1033 et
935 992 1124 1041 identica,
1154 992 1303 1031 scilicet
1330 1002 1377 1031 ex
1409 989 1601 1041 opposito.

168 1061 257 1097 Nam
280 1058 377 1105 quod
400 1059 592 1103 figuratum
617 1065 685 1105 est,
709 1060 747 1096 id
770 1071 816 1096 ex
841 1060 991 1096 diversis
1016 1064 1072 1094 est
1096 1058 1354 1105 compositum,
1379 1067 1452 1094 non
1474 1055 1587 1101 igitur
1608 1054 1665 1091 vel
1690 1052 1844 1101 simplex

54 1112 110 1148 vel
141 1112 347 1149 identicum.
394 1112 529 1157 Figura
564 1112 657 1148 enim
690 1113 797 1149 habet
826 1122 946 1148 aream
982 1117 1019 1148 et
1051 1116 1174 1157 partes
1199 1110 1394 1148 secundam
1417 1120 1497 1146 eam
1530 1113 1568 1144 et
1596 1107 1747 1152 angulos
1770 1106 1842 1144 situ

55 1163 270 1201 differentes.
319 1163 424 1210 Quod
447 1174 531 1199 vero
551 1163 745 1209 figuratum
769 1175 841 1200 nou
865 1169 938 1210 est,
969 1163 1066 1211 quod
1090 1162 1228 1199 scilicet
1251 1171 1357 1198 areae
1380 1159 1571 1197 latitudine
1595 1165 1697 1197 caret
1727 1163 1764 1196 et
1788 1169 1844 1195 se-

54 1216 209 1253 cuudum
237 1227 316 1252 eam
348 1222 384 1252 et
414 1216 576 1262 partibus
609 1221 646 1251 et
677 1216 834 1262 angulis,
867 1217 1026 1253 existens
1060 1227 1133 1252 una
1164 1225 1263 1252 mera
1291 1213 1389 1250 linea
1411 1217 1512 1250 recta
1543 1222 1659 1259 eaque
1682 1211 1844 1258 aequalis

53 1273 243 1300 mensurae
266 1264 494 1310 propositae,
518 1263 555 1299 id
580 1264 626 1299 ob
650 1264 740 1300 haec
764 1264 844 1308 ipsa
868 1269 905 1299 et
928 1263 1079 1309 simplex
1104 1267 1160 1299 est
1192 1266 1228 1298 et
1251 1260 1347 1296 idem
1371 1270 1453 1296 cnm
1476 1270 1661 1301 mensura,
1693 1259 1764 1295 hoc
1788 1262 1846 1295 est

52 1317 258 1354 identicmn.
305 1316 503 1353 minmodi
525 1327 610 1351 vero
642 1322 726 1352 sunt
750 1316 888 1363 figurae
911 1316 1093 1361 regulares
1119 1314 1262 1351 'circulo
1286 1313 1503 1360 inscriptae,
1536 1311 1746 1358 hujusmodi
1770 1311 1844 1347 dia-

54 1373 168 1405 meter
189 1369 323 1406 circnli.
372 1372 404 1413 1)
428 1370 642 1414 Figurarum
666 1370 760 1405 euim
785 1371 904 1405 omnia
926 1369 1042 1405 latera
1066 1367 1262 1405 deflectunt
1284 1366 1485 1413 aequaliter
1508 1376 1532 1403 a
1551 1370 1687 1410 centro,
1712 1364 1843 1401 diame-

52 1428 111 1458 ter
131 1432 199 1468 per
218 1422 339 1468 ipsum
360 1428 522 1459 centrum
549 1423 702 1459 ducitur.
749 1423 785 1466 2)
810 1424 967 1467 Mensor,
992 1421 1166 1458 circulum
1189 1420 1234 1456 ab
1261 1431 1333 1456 uno
1343 1424 1492 1466 ‘puncto
1516 1429 1599 1455 cim
1614 1417 1731 1454 lasere
1752 1416 1843 1462 figu-

52 1486 114 1512 rae
138 1473 318 1520 dividens,
352 1475 414 1510 ubi
437 1474 638 1519 perrexerit
666 1474 736 1510 hoc
767 1474 934 1511 faciendo
975 1475 1187 1520 aliquoties,
1219 1473 1273 1511 sie
1295 1472 1442 1509 tandem
1473 1483 1555 1509 cum
1578 1471 1695 1508 altero
1718 1471 1842 1507 lateris

52 1527 207 1564 termino
228 1527 322 1564 redit
345 1526 391 1562 ad
415 1532 589 1572 punctum
613 1526 784 1572 primum3
811 1526 983 1564 diameter
1006 1538 1103 1570 vero,
1127 1537 1194 1572 per
1205 1531 1368 1563 centrum
1384 1525 1503 1571 ipsum
1518 1524 1706 1565 nan-iens,
1729 1523 1847 1568 prima

54 1579 174 1613 statim
198 1579 413 1624 repetitione
436 1579 529 1615 redit
554 1580 599 1615 ad
624 1579 761 1615 initiale
784 1585 968 1625 punctum.
1014 1580 1047 1620 3)
1072 1579 1227 1624 Figurae
1250 1577 1412 1622 reliquae
1437 1580 1474 1612 et
1495 1575 1758 1622 longitudinem
1780 1574 1846 1611 lia-

53 1633 141 1667 bent
162 1632 379 1668 laterum-et
402 1632 630 1676 superficiem
654 1642 778 1672 areae,
811 1643 917 1675 quam
942 1631 1181 1674 circumdant;
1216 1632 1388 1667 diameter
1417 1629 1552 1665 nullam
1581 1627 1682 1673 plani
1704 1630 1844 1673 partem

42 1683 279 1726 ,decumum
301 1683 545 1727 includensve,
570 1683 846 1728 repetitionibus
868 1683 1008 1719 iteratis
1032 1683 1068 1718 in
1092 1694 1132 1719 se
1147 1683 1263 1728 ipsam
1287 1682 1447 1718 secunda
1462 1681 1540 1717 vice
1561 1685 1641 1716 tota
1663 1678 1844 1716 coincidit.

55 1738 89 1781 ὲ)
111 1736 269 1781 Figurae
298 1741 441 1772 ceterae
468 1735 641 1772 circulum
675 1735 874 1771 dividentes
906 1735 1044 1771 faciunt
1066 1739 1188 1780 partes
1212 1734 1364 1778 multas‚·
1399 1733 1574 1769 diameter
1604 1730 1692 1767 facit
1720 1735 1845 1776 partes

53 1788 198 1825 minimo
222 1788 379 1827 omnium
403 1797 564 1829 numero,
589 1798 640 1822 sc.
665 1790 805 1822 tantum
830 1785 940 1830 duas,
971 1797 1038 1822 nec
1062 1786 1154 1822 enim
1186 1786 1364 1832 partitura
1392 1790 1509 1822 totum
1542 1783 1734 1830 pauciores
1757 1782 1844 1819 dua-

54 1842 123 1877 bus
147 1839 268 1876 facere
292 1840 436 1876 omniuo
460 1840 591 1886 potuit.
640 1840 674 1882 5)
700 1839 860 1883 Cumque
884 1837 1057 1874 diameter
1079 1838 1126 1873 sit
1149 1837 1210 1873 illa
1233 1848 1412 1882 mensura,
1437 1836 1485 1874 ad
1501 1846 1610 1882 quam
1624 1836 1740 1872 latera
1754 1835 1844 1881 figu-

55 1905 176 1930 rarum
198 1892 440 1938 comparanda
474 1897 559 1928 sunt
590 1892 746 1928 notionis
778 1897 815 1926 et
839 1891 1152 1927 demonstrationis
1176 1901 1304 1936 causa,
1337 1891 1454 1927 latera
1479 1889 1625 1937 quidem
1647 1889 1844 1935 figurarum

53 1948 270 1993 reliquarum
301 1946 490 1991 operosius
524 1945 777 1981 describuntur
810 1944 1135 1990 imperfectiorique
1165 1943 1482 1982 demonstrationis
1509 1941 1624 1992 gradu
1654 1941 1693 1977 iu
1723 1945 1844 1977 actum

54 2002 225 2040 scientiae
246 1999 511 2046 perducuntur3
545 2003 583 2034 at
609 1998 784 2035 diameter
816 1995 940 2032 circuli
969 1995 1232 2040 simplicissima
1265 1995 1348 2040 lege
1381 1995 1596 2034 describitur
1633 1994 1746 2031 ductu
1778 2003 1845 2039 per

54 2060 219 2092 centrum
242 2053 288 2090 ab
311 2062 384 2088 uno
408 2051 533 2087 circuli
557 2055 692 2096 puncto
717 2050 764 2086 ad
786 2049 1005 2095 oppositum,
1042 2053 1243 2094 aequatque
1266 2048 1347 2094 ipsa
1369 2059 1410 2085 se
1433 2051 1550 2096 ipsam
1574 2051 1703 2097 suique
1727 2050 1842 2096 ipsius

51 2116 219 2146 mensura
249 2109 315 2140 est.
363 2106 399 2147 6)
422 2103 636 2147 Figuramm
666 2103 773 2137 etiam
805 2102 920 2137 latera
948 2101 985 2135 in
1018 2100 1192 2136 divisione
1226 2111 1301 2137 una
1323 2101 1447 2138 circuli
1484 2113 1551 2140 seu
1574 2104 1612 2139 in
1635 2103 1844 2140 absectioue

51 2161 166 2207 partis
189 2158 328 2194 faciunt
348 2155 534 2201 portiones
557 2155 762 2199 inaequales
793 2161 830 2190 et
853 2158 991 2199 partem
1014 2153 1187 2189 minorem
1210 2153 1374 2199 residuo;
1411 2154 1584 2192 diameter
1613 2159 1756 2201 partem
1780 2154 1842 2190 ab·

53 2213 189 2245 sectam
211 2204 383 2250 relinquit
405 2202 592 2246 aequalem
616 2202 772 2237 residuo.
820 2202 920 2236 Haec
943 2210 1025 2235 vero
1049 2200 1236 2245 proportio
1260 2201 1490 2246 aequalitatis
1513 2213 1606 2248 pura
1625 2207 1683 2238 est
1703 2206 1741 2238 et
1760 2201 1842 2237 sim-

53 2262 138 2306 plex
161 2264 198 2295 et
219 2256 392 2303 perfecta,
414 2255 501 2299 quia
524 2259 657 2299 partes,
682 2264 773 2299 quae
797 2258 881 2290 sunt
910 2254 1002 2289 inter
1035 2263 1075 2288 se
1099 2253 1285 2298 aequales,
1316 2253 1402 2289 mae
1432 2264 1543 2291 causa
1565 2253 1843 2290 mensurationis

52 2313 145 2348 idem
174 2315 270 2346 sunt.
316 2309 351 2352 7)
374 2308 539 2351 Denique
572 2307 710 2353 figurae
747 2311 887 2343 ceterae
921 2305 1242 2342 circumferentiam
1274 2306 1417 2351 quidem
1449 2307 1575 2343 circuli
1608 2306 1773 2342 dividunt
1804 2307 1843 2342 in

53 2368 176 2410 partes
199 2361 368 2407 aequales
392 2359 691 2404 aliquammultas,
716 2364 754 2395 at
777 2369 895 2395 aream
919 2358 1045 2394 circuli
1067 2359 1104 2393 in
1128 2364 1251 2403 partes
1274 2359 1493 2405 inaequales,
1522 2359 1609 2404 quia
1628 2359 1844 2406 relinquitur

54 2416 92 2451 in
113 2414 230 2451 medio
255 2423 345 2455 una,
380 2423 432 2449 sc.
457 2422 542 2447 area
564 2411 718 2456 figurae,
751 2412 866 2456 maJor
889 2410 1050 2456 quolibet
1073 2415 1355 2455 segmentomm3
1394 2411 1567 2447 diameter
1596 2421 1671 2447 uon
1694 2412 1841 2447 circum-

55 2467 243 2504 ferentiam
267 2470 424 2508 tantum,
450 2464 514 2499 sed
539 2464 644 2499 simul
669 2465 774 2499 etiam
798 2474 917 2499 aream
940 2463 978 2497 in
1002 2462 1073 2498 duo
1097 2462 1222 2497 dividit
1245 2462 1420 2508 aequalia.

169 2518 241 2554 Sed
264 2528 330 2562 per
354 2516 496 2551 axioma
518 2517 551 2552 2.
576 2517 700 2552 lateris
726 2527 790 2552 seu
813 2516 947 2559 lineae,
981 2525 1073 2560 quae
1099 2514 1269 2551 circulum
1294 2515 1420 2551 dividit
1436 2520 1708 2562 consonanter,
1743 2516 1842 2563 inge-

55 2570 153 2606 nium
175 2569 305 2605 transit
327 2568 364 2602 in
387 2569 659 2604 consonantiam
682 2569 808 2614 ipsam.
856 2569 953 2612 Ergo
976 2567 1100 2612 partis,
1127 2577 1233 2613 quam
1256 2567 1301 2604 de
1318 2568 1452 2604 circulo
1469 2569 1641 2613 rescindit
1659 2568 1841 2614 diameter,

4 2660 10 2662 ,
55 2622 91 2657 id
113 2627 170 2657 est
194 2619 407 2656 semicirculi
429 2629 511 2653 cum
534 2624 612 2655 toto
636 2620 768 2656 circulo
794 2620 1030 2655 consonantia
1055 2624 1111 2655 est
1137 2619 1303 2665 simplex,
1327 2619 1490 2665 perfecta
1520 2625 1557 2656 et
1580 2620 1747 2657 identica.
1792 2621 1845 2656 Et

52 2684 118 2718 per
139 2673 281 2708 axioma
304 2674 336 2708 5.
362 2671 470 2706 etiam
494 2681 615 2707 omnes
638 2671 731 2708 aliae
754 2671 1007 2717 longitudines,
1034 2682 1127 2717 quae
1150 2677 1234 2708 sunt
1259 2672 1354 2708 inter
1370 2683 1410 2708 se
1432 2678 1474 2709 ut
1496 2677 1597 2709 totus
1614 2672 1770 2709 circulus
1793 2673 1841 2710 ad
1904 2694 1906 2696 ν

57 2724 112 2759 sui
135 2724 327 2762 dimidium,
354 2722 491 2757 faciunt
514 2723 673 2767 eandem,
696 2724 734 2759 id
758 2729 812 2760 est
836 2723 1039 2768 identicam,
1064 2724 1260 2769 perfectam
1290 2730 1326 2760 et
1337 2725 1536 2769 simplicem
1560 2724 1840 2764 consonantiam.

43 2775 105 2811 'Et
127 2776 164 2810 in
187 2775 346 2810 numeris
371 2776 455 2817 (non
479 2773 587 2818 plane
609 2775 751 2820 quidem
773 2775 964 2811 abstractis
990 2782 1026 2810 et
1050 2777 1340 2821 numerantibus,
1375 2777 1440 2813 sed
1462 2776 1748 2822 longitudinibus
1771 2788 1840 2813 nu·

55 2827 212 2870 mei-atis)
235 2827 420 2872 proportio
447 2826 567 2870 dupla,
592 2825 684 2862 inter
707 2837 755 2863 sc.
784 2830 797 2863 1
826 2832 862 2862 et
884 2827 918 2870 2,
945 2832 986 2863 ut
1011 2832 1048 2863 et
1069 2829 1163 2864 inter
1185 2839 1308 2864 eorum
1332 2839 1445 2873 aeque
1469 2828 1701 2875 multiplices,
1728 2830 1843 2875 gignit

58 2879 327 2914 consonantiam
349 2880 551 2915 identicam.

43 2929 47 2932 ⁷
167 2930 264 2966 Nota
286 2931 356 2972 hic,
380 2929 679 2976 quemadmodum
703 2929 875 2967 diameter
910 2943 977 2977 per
1000 2944 1123 2969 omnes
1148 2933 1395 2979 simplicitates
1430 2938 1465 2968 et
1493 2932 1732 2979 perfectiones
1755 2944 1840 2972 suas

57 2992 128 3017 non
150 2986 269 3017 tamen
291 2986 365 3017 tam
389 2982 541 3027 simplex
566 2985 630 3025 est,
655 2986 696 3016 ut
717 2988 900 3029 punctum,
924 2985 988 3021 sed
1013 2989 1133 3020 manet
1155 2985 1260 3027 linea,
1288 2984 1430 3020 duobus
1455 2983 1579 3020 circuli
1600 2984 1744 3029 punctis
1769 2990 1838 3021 ter·

63 3032 206 3076 minata,
230 3033 402 3069 circulum
426 3044 552 3069 secans
576 3033 613 3068 in
636 3033 725 3068 locis
750 3035 924 3078 oppositis
955 3041 994 3072 et
1014 3041 1136 3081 partes
1161 3037 1250 3072 duas
1277 3036 1515 3080 constituens,
1551 3040 1589 3072 et
1612 3036 1838 3080 quemadmo-

63 3083 146 3121 dum
169 3085 259 3124 istae
283 3090 414 3132 partes,
438 3085 521 3124 licet
544 3085 638 3122 inter
661 3096 701 3120 se
723 3085 797 3121 sint
820 3087 1006 3133 aequales,
1041 3087 1204 3133 singulae
1226 3092 1345 3125 tamen
1364 3098 1434 3128 v§.mo
1465 3092 1543 3126 toto
1567 3092 1652 3126 sunt
1672 3088 1839 3135 minores,
