1994 3276
619 122 855 160 numam
900 123 1014 160 raher
1031 122 1098 159 ιιι.
1124 122 1244 169 Caput
1264 122 1294 159 1.
1327 167 1340 173 ,
1767 120 1849 163 we

66 239 357 296 (hammus)
400 244 680 291 consonantiae
718 242 1003 292 indignantur,
1041 236 1119 282 hae
1148 239 1248 296 (nou
1274 238 1545 295 hannoniae)
1574 239 1851 295 ‹its-mantiae.

64 298 215 349 Quotbi
239 302 450 340 ⁴secesserit
479 302 597 340 etiam
625 301 752 340 altera
778 302 980 351 proportio
1009 300 1260 351 harmonica,
1297 310 1438 339 vocam
1473 309 1734 349 sonorumque
1763 297 1853 337 lou·

66 368 208 408 gor-ru
233 363 276 398 et
304 357 479 401 brevium
509 371 628 399 causa
658 361 866 408 temporis,
909 365 1003 399 tunc
1033 358 1126 398 illae
1156 369 1319 408 corpora
1349 369 1422 397 sua
1449 357 1745 404 saltationibus,
1773 355 1854 394 lin-

65 426 163 466 guas
191 417 572 466 pronuntiationibus
601 415 654 457 ad
682 416 839 456 easdem
867 415 976 466 leges
1003 421 1184 465 movent3
1227 416 1303 454 huc
1341 416 1499 466 opifices
1536 414 1765 454 malleorum
1793 414 1853 453 ic-

65 480 148 519 tus,
185 474 263 513 hue
288 473 435 513 milites
465 486 639 524 gressum
669 474 986 526 accommodant3
1023 476 1164 514 vivunt
1193 476 1323 513 omnia
1361 473 1592 513 durantibus
1629 473 1851 553 harmoniis,

63 536 290 582 torpescunt
315 531 452 571 iisdem
484 532 720 572 disturbatis.

179 588 293 630 Haec
321 595 363 629 et
389 590 535 630 similia
563 591 714 631 consilii
743 592 824 629 sint
852 592 1119 639 instinctusve,
1148 590 1225 630 hoc
1245 596 1306 630 est
1334 591 1475 628 mentis
1491 600 1624 640 opus,
1654 600 1705 628 au
1735 589 1854 628 etiam

67 653 231 687 naturae
259 647 535 687 elementorum
564 651 826 700 materiaeque
854 650 1091 688 necessitate
1119 649 1199 696 flat,
1230 642 1274 687 tit
1302 649 1508 698 temperies
1537 648 1717 687 sensibus
1746 657 1856 686 com-

67 705 187 745 moda
208 705 325 750 ¹nulla
352 708 478 757 possit
506 718 614 755 esse,
657 708 733 745 nisi
762 718 864 757 quae
892 713 1045 746 constet
1070 707 1386 757 proportionibus
1417 705 1628 756 figurarum
1656 705 1857 744 harmoni-

67 764 136 810 eis,
166 763 206 802 id
235 765 343 805 varie
376 764 616 816 disputatum
644 764 716 803 suit
746 777 771 803 a
799 765 1061 816 philosophis,
1093 765 1370 814 quaerentibus
1398 763 1598 811 omuibus,
1638 762 1743 802 unde
1770 763 1857 802 exi-

69 827 151 873 stat
177 820 268 860 illa
275 823 465 870 suavitas,
497 834 598 872 quae
627 823 786 861 auribus
814 822 1000 862 allabitur
1027 835 1076 862 ex
1104 824 1352 873 proportione
1372 831 1527 869 vocum,
1557 833 1636 872 qua
1663 822 1857 860 suavitate

63 870 348 918 consonantias
379 879 593 919 definimus.
653 879 727 930 Qui
765 880 815 919 ad
845 883 1046 919 materiam
1088 888 1127 920 et
1155 886 1302 919 motum
1342 879 1618 920 elementorum
1658 879 1859 927 inclinant,

69 937 292 988 exemplum
321 937 485 978 afferunt
515 938 600 987 hoe,
630 950 700 990 per
728 950 771 978 se
801 939 957 988 quidem
985 950 1081 978 sane
1113 950 1228 990 qnam
1248 938 1451 985 mirabile,
1468 938 1572 988 quod
1604 937 1749 976 chorda
1766 936 1860 988 pul-

69 1000 160 1034 sata
186 994 370 1034 chordam
411 996 528 1035 aliam
558 1007 635 1035 non
672 997 866 1047 pulsatam
905 1009 1036 1037 secum
1073 999 1113 1035 in
1144 998 1315 1035 sonitum
1345 996 1483 1043 trahit,
1525 997 1560 1034 si
1588 1001 1701 1034 tensa
1743 995 1860 1034 tuerit

70 1053 147 1092 sibi
177 1064 357 1100 consone,
387 1053 544 1093 dissone
573 1059 723 1093 tensam
753 1056 952 1094 immotam
980 1055 1175 1105 relinquit.
1234 1054 1322 1094 Hoc
1357 1066 1445 1094 cum
1483 1064 1562 1092 non
1588 1055 1714 1104 possit
1741 1052 1859 1092 ullius

70 1110 212 1150 inentis
240 1113 456 1151 ministerio
487 1112 580 1158 lieri,
610 1115 704 1162 quia
733 1124 865 1161 sonus,
895 1113 971 1152 hoc
999 1111 1194 1161 causatus,
1224 1119 1394 1152 mentem
1423 1118 1492 1150 aut
1514 1112 1751 1151 intellectum
1781 1122 1860 1150 non

71 1169 210 1217 hahet,
253 1171 444 1220 sequitur,
484 1176 528 1208 ut
563 1170 603 1208 id
633 1173 986 1221 contemperatione
1021 1177 1195 1210 motuum
1228 1171 1318 1211 fleri
1349 1170 1536 1209 dicamus.
1593 1168 1724 1210 Sonus
1758 1170 1861 1209 enim

74 1227 242 1266 chordae
273 1227 400 1266 habet
435 1239 596 1267 acumen
635 1228 700 1267 vel
737 1230 970 1275 gravitatem
1008 1241 1032 1267 a
1062 1229 1260 1269 celeritate
1298 1229 1362 1268 vel
1399 1227 1583 1268 tarditate
1618 1227 1861 1275 vibrationis,

75 1298 154 1336 qua
182 1281 267 1324 tota
295 1285 461 1324 chordae
485 1286 691 1333 longitudo
722 1286 846 1326 libera
875 1287 1069 1334 vibratur,
1099 1298 1172 1326 nec
1201 1288 1331 1326 insunt
1363 1287 1439 1326 hae
1466 1296 1649 1325 sonorum
1680 1285 1862 1325 differen-

75 1347 153 1384 tiae
182 1345 306 1394 primo
344 1349 386 1382 et
421 1343 644 1383 immediate
686 1347 724 1382 in
755 1347 840 1395 ipsa
879 1345 1120 1395 longitudine
1162 1345 1225 1383 vel
1261 1346 1472 1390 brevitate,
1509 1344 1580 1383 sed
1620 1343 1860 1391 secundario,

74 1404 168 1454 quia
195 1401 344 1440 scilieet
370 1412 457 1440 curn
487 1401 728 1450 longitudine
759 1402 948 1442 diminuta
977 1403 1140 1442 tarditas
1171 1403 1399 1442 vibrationis
1437 1401 1681 1450 diminuitur,
1721 1401 1861 1441 eeleri-

13 1487 17 1490 >
73 1468 136 1500 tas
164 1466 338 1509 augetur.
396 1459 492 1499 Inde
522 1465 592 1506 est,
624 1461 728 1510 quod
758 1468 936 1500 manente
967 1461 1104 1500 eadem
1135 1461 1303 1500 chordae
1322 1460 1565 1511 longitudine
1584 1459 1708 1499 libera
1738 1456 1863 1500 tensio

73 1521 159 1570 ipsa
186 1528 324 1557 sonum
353 1520 470 1563 acuit,
500 1520 593 1568 quia
621 1520 748 1556 minus
777 1519 907 1558 laxam
936 1519 1118 1558 chordam
1147 1519 1381 1570 relinquens,
1412 1518 1594 1557 diminuit
1622 1519 1740 1558 etiam
1768 1529 1863 1569 spa-

75 1579 182 1621 tium,
211 1587 282 1626 per
310 1575 415 1626 quod
444 1571 738 1625 illa-reciproco
769 1585 874 1615 motu
907 1578 1048 1615 vibrari
1078 1579 1214 1627 possit.
1275 1577 1371 1614 Cum
1404 1577 1522 1625 igitur
1555 1576 1717 1615 duarum
1748 1576 1863 1615 ehor-

75 1635 211 1673 darum
241 1633 356 1672 luerit
384 1634 520 1672 eadem
551 1638 688 1680 tensio,
719 1637 777 1673 sic
807 1642 850 1672 ut
877 1639 1084 1673 unisonum
1113 1635 1273 1674 reddere
1292 1637 1455 1685 possint,
1487 1641 1578 1673 tune
1596 1645 1715 1673 sonus
1734 1636 1862 1681 unius,

75 1693 116 1731 id
146 1698 206 1731 est
233 1693 383 1742 speeies
413 1693 671 1730 immateriata
701 1693 872 1742 corporis
900 1692 1081 1740 chordae,
1112 1694 1344 1732 constitutae
1374 1693 1413 1730 in
1443 1692 1671 1739 vibratione,
1702 1691 1865 1743 delapsa

75 1763 101 1789 a
130 1761 205 1789 sua*
232 1749 389 1795 chorda,
419 1750 507 1787 ferit
537 1749 719 1788 chordam
751 1750 932 1798 alteram3
972 1753 1073 1789 sicut
1101 1753 1135 1789 si
1167 1752 1253 1800 quis
1284 1751 1443 1789 boatum
1483 1749 1576 1788 edat
1603 1761 1741 1801 yersus
1769 1750 1865 1790 che-

74 1808 141 1859 lyn
173 1806 250 1846 autv
268 1806 379 1846 aliud
409 1818 560 1854 cavum,
591 1818 638 1846 eo
668 1807 788 1845 boatu
818 1809 984 1858 percutit
1013 1807 1053 1846 id
1085 1819 1243 1856 cavum,
1288 1808 1458 1858 facitque
1486 1819 1671 1848 resonare
1700 1808 1865 1848 chordas

74 1866 160 1916 ejus
180 1876 335 1914 emnes3
365 1865 452 1903 serit
474 1871 605 1903 autem
627 1865 694 1903 illa
716 1866 945 1904 vibrationis
965 1868 1116 1916 species
1137 1867 1321 1905 chordam
1341 1865 1502 1906 alteram
1524 1865 1662 1905 eodem
1682 1866 1864 1918 rhythmo

76 1924 305 1969 celeritatis,
329 1934 425 1973 quo
454 1929 634 1961 movetur
662 1930 702 1961 et
730 1923 848 1970 haec,
890 1924 982 1973 quia
1013 1936 1138 1974 aeque
1169 1931 1301 1971 tensa,
1344 1933 1387 1962 ut
1415 1926 1472 1964 ita
1500 1923 1644 1973 singuli
1672 1925 1773 1964 ictus
1803 1921 1863 1978 (in

77 1993 176 2032 quos
207 1982 372 2020 vibratio
405 1980 532 2018 divisa
568 1992 652 2022 esse
692 1979 942 2035 intelligitur)
974 1983 1012 2020 in
1043 1983 1217 2027 singulas
1256 1993 1462 2032 percussae
1498 1981 1659 2021 alterius
1698 1982 1865 2022 chordae

77 2039 341 2079 cessiunculas
361 2045 549 2088 perpetuo
572 2038 763 2077 incidant:
796 2041 851 2077 ita
870 2039 924 2086 fit,
956 2048 999 2078 ut
1021 2042 1191 2078 omnium
1213 2042 1380 2080 maxime
1399 2045 1606 2079 moveatur
1625 2040 1695 2079 illa
1706 2040 1862 2088 chorda,

76 2108 177 2148 quae
205 2097 256 2136 ad
284 2098 491 2135 unisonum
521 2102 581 2134 est
609 2103 721 2135 tensa
751 2108 837 2135 cum
868 2098 1020 2147 prima,
1061 2106 1242 2137 movetur
1269 2110 1364 2137 vero
1393 2103 1433 2137 et
1462 2097 1532 2137 illa
1558 2097 1723 2146 chorda,
1763 2110 1864 2148 quae

78 2156 220 2205 duplae
251 2161 311 2193 est
339 2160 407 2193 aut
434 2153 653 2204 subduplae
684 2154 905 2202 celeritatis,
936 2157 1030 2205 quia
1060 2156 1137 2195 duo
1158 2156 1390 2195 vibrationis
1410 2158 1510 2194 ictus
1539 2157 1578 2193 in
1600 2167 1679 2195 una
1698 2156 1865 2195 chordae

77 2211 320 2252 sessiuncul'a
347 2211 602 2251 absolvuntur
642 2218 680 2251 et
710 2214 767 2251 sic
795 2225 947 2263 semper
973 2215 1075 2252 ictus
1105 2226 1130 2252 a
1157 2216 1275 2264 priori
1305 2216 1442 2254 tertius
1480 2215 1645 2263 quisque
1686 2207 1864 2264 congruit

77 2273 117 2309 in
155 2271 270 2308 unius
315 2270 579 2308 cessiuneulae
617 2277 850 2319 extremum3
891 2278 1071 2310 movetur
1110 2272 1276 2322 denique
1318 2279 1356 2311 et
1394 2271 1464 2310 illa
1497 2271 1642 2310 chorda
1676 2271 1865 2320 nonnihil,

78 2339 180 2378 quae
210 2333 270 2367 est
298 2327 576 2377 sesquialterae
606 2328 839 2375 celeritatis,
876 2330 970 2378 qnia
1000 2336 1077 2367 tres
1107 2329 1339 2369 ictiuuculae
1368 2330 1465 2368 fiunt
1494 2330 1533 2366 iu
1562 2328 1716 2368 duabus
1745 2329 1862 2380 hujus

78 2385 343 2431 cessinnculis,
372 2384 441 2424 sed
466 2385 547 2433 Jam
578 2387 766 2435 incipiunt
794 2387 961 2425 invicem
991 2387 1150 2426 obviare
1180 2388 1350 2426 crebrius
1379 2386 1437 2425 illi
1467 2388 1568 2425 ictus
1606 2392 1647 2425 et
1674 2386 1749 2426 hae
1778 2399 1865 2426 ees-

79 2443 277 2482 siuuculae
307 2454 427 2492 seque
455 2448 590 2480 mutuo
620 2443 817 2492 impedire,
849 2443 940 2482 dum
961 2443 1039 2483 duo
1070 2444 1174 2483 illius
1203 2447 1302 2483 ictus
1325 2458 1348 2484 a
1367 2445 1444 2483 fine
1465 2444 1729 2483 sessiunculas
1748 2444 1865 2494 hujus

80 2502 271 2549 aberrant,
302 2512 402 2539 unus
432 2499 539 2537 solus
568 2501 703 2539 incidit
732 2512 913 2548 congrue,
946 2513 1025 2551 quo
1053 2513 1215 2540 occursu
1246 2509 1374 2541 motus
1394 2502 1624 2541 chordarum
1653 2508 1864 2541 ceterarum

79 2561 237 2605 sistitur,
268 2570 343 2597 non
374 2569 486 2597 secus
515 2569 562 2595 ac
590 2559 622 2596 si
654 2561 741 2608 qnis
771 2559 935 2609 digitum
966 2560 1143 2599 vibratae
1171 2560 1422 2599 admovisset.
1481 2559 1595 2599 Haec
1630 2560 1723 2598 mihi
1753 2560 1865 2599 vidc-

79 2623 140 2655 tur
170 2628 291 2655 causa
319 2614 506 2654 mirabilis
534 2615 651 2664 hujus
681 2618 949 2667 experimenti.
982 2619 1048 2667 qui
1078 2630 1140 2656 me
1171 2618 1320 2658 felicior
1349 2624 1409 2657 est
1435 2617 1620 2668 indagine
1645 2619 1797 2665 mentis,
1827 2619 1864 2657 ei

78 2674 245 2725 palmam
275 2676 389 2713 dabo.

196 2732 298 2780 Quid
328 2731 475 2781 igitur?
504 2731 536 2766 si
566 2729 743 2769 celeritas
774 2732 939 2771 chordae
969 2735 1083 2771 unius
1114 2733 1219 2772 valet
1248 2733 1300 2772 ad
1329 2738 1476 2771 motum
1513 2732 1679 2771 chordae
1709 2728 1866 2773 alterins

84 2792 422 2840 proportionatae,
455 2798 556 2837 quae
586 2789 716 2835 quoad
747 2791 872 2828 visum
902 2796 1033 2829 manet
1063 2793 1229 2837 intacta,
1273 2801 1321 2829 an
1351 2802 1429 2829 non
1460 2790 1620 2829 eaedem
1649 2789 1866 2829 celeritates

42 2841 67 2853 ”
84 2846 242 2885 duamm
273 2847 499 2886 chordarum
530 2847 627 2882 inter
655 2857 699 2883 se
728 2846 914 2886 valebunt
943 2848 993 2887 ad
1015 2848 1273 2887 titillationem
1293 2847 1449 2886 auditus
1469 2859 1630 2886 suavem
1650 2852 1864 2897 propterea,

85 2904 187 2953 quod
217 2906 249 2943 is
280 2903 563 2953 quodammodo
593 2902 831 2943 uniformiter
867 2906 918 2944 ab
947 2911 1110 2955 utraque
1140 2906 1283 2945 chorda
1320 2912 1499 2943 movetur
1529 2904 1696 2954 duoque'
1714 2906 1812 2944 ictus
1839 2918 1866 2944 a

86 2961 234 3000 duobus
264 2963 368 3000 sonis
396 2975 467 3001 seu
498 2960 777 2999 vibrationibus
817 2963 860 2999 irr
886 2963 987 3002 idem
1016 2968 1253 3002 momentum
1296 2962 1551 3012 competunt?
1607 2962 1865 3013 Nequaquam

84 3030 192 3070 vero,
220 3021 377 3068 inquam
408 3032 495 3070 ego,
525 3022 579 3056 ita
608 3017 719 3055 facile
749 3020 971 3069 transigitur
999 3032 1086 3060 cum
1109 3021 1184 3059 hac
1204 3033 1256 3067 re,
1286 3021 1480 3069 mirorque
1498 3019 1727 3071 Porphyrio,
1757 3031 1864 3060 com·

38 3123 47 3134 Ι
85 3080 288 3117 amatori
317 3088 434 3128 supet
462 3076 708 3116 Harmonice,
726 3074 952 3127 Ptolemaei,
982 3079 1059 3118 tale
1089 3078 1185 3130 quid
1214 3080 1315 3143 cirea
1343 3077 1459 3128 hujus
1487 3078 1542 3117 rei
1571 3089 1727 3118 causam
1745 3080 1865 3120 satis-
