1994 3276
138 95 219 135 166
844 99 899 136 De
922 98 1222 146 Proportionibus

137 223 229 251 vam
259 218 535 253 coacerventur
565 217 797 268 principales
828 219 994 259 chordae
1026 218 1170 266 decern,
1201 228 1270 269 per
1304 228 1388 268 cap.
1412 218 1449 265 7,
1482 213 1707 254 omnifariae
1733 220 1824 249 vero
1854 212 1934 247 tre-

140 269 286 319 decim,
325 284 393 321 per
425 284 508 324 cap.
543 274 592 323 8,
628 275 671 313 fit
701 281 743 315 ut
774 276 851 316 duo
881 281 991 327 soni,
1031 277 1128 316 diesi
1159 276 1222 315 vel
1260 275 1441 314 lemmate
1480 273 1686 318 distantes,
1728 270 1936 321 pingantur

141 328 279 368 codem
309 329 598 381 diagrammatis
628 333 737 384 loco,
779 347 849 375 seu
880 338 914 375 is
944 338 1048 376 linea
1078 337 1128 374 sit
1157 345 1228 374 seu
1258 333 1499 372 interlineare
1537 328 1819 381 intervallum,
1844 326 1937 376 quia

143 387 271 428 dieses
303 393 342 427 et
371 388 557 430 lemmata
586 403 663 430 non
685 399 874 433 canuntur
904 395 1100 446 deinceps,
1131 398 1175 432 ut
1205 393 1287 432 toni
1319 397 1357 431 et
1377 391 1600 439 semitonia3
1634 399 1711 438 qua
1741 385 1788 424 de
1819 395 1938 430 causa

144 447 261 485 etiam
289 446 399 485 nolui
430 448 517 488 illas
548 461 635 488 cum
665 451 862 502 aliquibus
892 455 1099 493 semitonia
1126 453 1276 491 minora
1308 450 1446 489 dicere.
1506 448 1594 487 Hac
1612 448 1727 497 igitur
1753 443 1800 482 de
1821 453 1963 481 causa.

143 504 417 555 praefigendas
446 507 553 546 suere
583 508 695 548 lineis
727 515 766 549 et
796 513 1022 561 intervallis,
1054 511 1282 551 chordarum
1303 508 1550 558 imaginibus,
1583 510 1711 545 certae
1731 507 1860 549 notae,
1892 511 1940 538 ex

145 563 285 613 quibus
317 569 453 604 cantus
485 565 602 606 durus
633 580 656 606 a
686 568 795 607 molli
826 572 1146 619 internosceretur
1176 573 1446 617 constaretque
1474 566 1583 604 locus
1614 561 1826 607 semitonii,
1857 558 1940 596 sive

147 620 341 670 ordinarii,
374 634 445 662 seu
475 626 591 663 ctiam
625 631 863 674 ceterorum,
906 641 953 669 ex
984 628 1084 668 to'nis
1115 622 1328 677 maj0ribus
1366 624 1636 664 abscissorum.
1696 620 1766 658 Est
1796 621 1834 674 et
1864 615 1943 654 alia

146 681 359 718 necessitas
391 682 597 731 occultior,
640 697 716 724 non
748 698 795 725 ex
827 687 1051 727 diversitate
1082 698 1288 737 generum,
1330 683 1399 724 sed
1438 684 1478 721 in
1510 680 1686 732 quolibet
1716 680 1854 722 cantu,
1897 685 1944 712 ex

148 737 427 787 inaequalitate
467 745 645 780 tonorum
683 745 842 794 majoris
881 751 920 784 et
949 748 1125 792 minoris,
1168 750 1210 783 ut
1239 746 1266 783 ii
1298 745 1337 780 in
1369 739 1712 792 diagrammatibus
1743 737 1820 774 sint
1849 743 1944 772 con-

149 800 210 836 tra
238 807 280 835 se
312 796 494 837 distincti.
554 800 655 839 Nam
686 803 858 853 syllabas
897 803 957 854 Ut,
990 805 1060 854 Re,
1093 803 1153 842 Mi
1182 813 1339 842 necesse
1371 805 1429 840 est
1459 810 1543 839 esse
1574 795 1775 848 generales
1804 797 1843 831 et
1873 802 1945 841 ap—

149 854 352 905 plicabiles
389 860 469 894 tam
509 859 650 908 majori
692 872 807 910 quam
847 863 983 901 minori
1024 868 1138 911 tono,
1193 872 1312 912 quare
1353 864 1548 908 utcunque
1590 855 1829 895 satisfaciant
1871 850 1946 889 hae

150 912 483 954 denominationes
515 927 652 956 canere
684 919 920 959 discentibus
953 926 991 960 et
1023 921 1214 970 organicis
1245 919 1437 971 practicis,
1470 922 1511 955 at
1539 913 1761 954 theoreticis
1791 909 1947 948 minime

149 971 404 1011 satisfaciunt.
463 973 521 1012 Ex
552 974 627 1014 hoc
657 978 774 1027 igitur
805 979 931 1018 officio
962 980 1037 1020 hae
1067 980 1227 1027 literae,
1273 976 1428 1028 quando
1459 973 1722 1026 praefiguntur
1751 969 1948 1018 diagram-

150 1030 275 1078 matis,
309 1030 440 1069 claves
470 1033 657 1083 appellari
689 1036 836 1085 solent,
883 1038 987 1088 quod
1019 1040 1102 1078 sin'e
1134 1039 1181 1075 iis
1214 1037 1360 1075 cantori
1399 1045 1475 1072 non
1506 1035 1641 1083 pateat
1681 1030 1878 1078 ingressus
1908 1025 1948 1061 ἱῐὶ

152 1087 402 1137 diagramma.
462 1090 634 1131 Eaedem
675 1090 768 1133 ve'ro
806 1094 941 1135 literae
985 1098 1101 1136 etiam
1141 1095 1373 1134 adhibentur
1412 1095 1450 1130 in
1483 1091 1636 1141 organis
1667 1086 1843 1133 musicis,
1887 1084 1949 1122 in-

153 1147 372 1185 scribuntur
403 1149 502 1186 enim
534 1152 746 1191 manubriis
776 1152 1010 1204 plectrorum
1041 1156 1080 1192 in
1111 1155 1251 1201 tensis,
1291 1158 1359 1191 aut
1398 1150 1687 1202 epistomiorum
1727 1146 1765 1182 in
1796 1142 1950 1188 infiatis,

154 1216 178 1242 a
209 1216 286 1254 qua
316 1206 565 1256 inscriptione
603 1212 805 1251 manubria
837 1212 905 1251 illa
945 1215 1099 1264 privato
1127 1213 1214 1262 jure
1254 1210 1385 1250 claves
1420 1209 1615 1255 dicuntur,
1662 1209 1701 1243 et
1731 1201 1824 1242 ordo
1854 1202 1950 1265 ipseg

155 1274 224 1301 seu
253 1269 426 1314 systema
465 1277 511 1303 ex
554 1270 766 1308 manubriis
797 1272 977 1311 omnibus
1017 1272 1270 1316 claviarium,
1311 1269 1384 1309 bus
1420 1263 1593 1318 (Slwiet,
1636 1268 1673 1302 et
1710 1263 1953 1299 instrumentl

155 1332 278 1370 genus
310 1322 636 1375 clavichordium,
669 1328 773 1377 quod
806 1329 973 1370 chordae
1006 1330 1205 1376 clavibus,
1237 1325 1311 1366 hoc
1343 1331 1402 1365 est
1432 1324 1641 1363 manubriis
1671 1321 1763 1360 foris
1794 1317 1953 1368 depres-

157 1380 210 1418 sis
240 1379 475 1431 plectrisquc
507 1384 609 1424 intus
641 1386 930 1436 exsilientibus,
962 1389 1177 1440 pulsentur.

273 1437 374 1487 Quin
406 1441 523 1479 etiam
553 1450 642 1482 sunt
674 1445 966 1496 diagrammata,
998 1459 1069 1497 pro
1101 1445 1306 1495 organistis
1337 1442 1452 1481 scribi
1482 1439 1610 1486 solita,
1644 1438 1683 1474 in
1712 1434 1853 1487 quibus
1883 1443 1953 1482 pro

158 1495 270 1534 lineis
301 1498 422 1546 nigris
452 1505 541 1538 sunt
562 1504 680 1540 series
711 1503 919 1553 literarum,
952 1506 1220 1549 indicantium,
1254 1512 1446 1551 quaenam
1477 1498 1606 1537 claves
1635 1496 1745 1545 tangi
1776 1492 1954 1537 debeant,

160 1554 228 1592 ubi
258 1553 395 1594 literae
426 1562 515 1596 sunt
546 1571 614 1609 pro
646 1563 770 1613 notis,
814 1575 912 1613 quas
944 1564 1184 1604 adhibebant
1215 1560 1496 1609 diagrammata
1534 1555 1719 1600 cantoria,
1763 1553 1802 1589 in
1833 1549 1956 1586 lineas

162 1616 230 1651 aut
273 1614 478 1653 intervalla
518 1620 681 1667 positas.
756 1621 865 1660 Circa
903 1623 1037 1663 literas
1077 1622 1148 1660 has
1187 1620 1320 1669 aliqua
1359 1617 1472 1655 nobis
1515 1615 1676 1652 veniunt
1717 1605 1961 1649 observanda

159 1670 343 1720 jucunde.
405 1672 576 1714 Primum
606 1689 682 1715 non
718 1690 850 1718 omnes
882 1683 1016 1721 literae
1047 1683 1129 1719 suis
1160 1680 1409 1728 imponuntur
1431 1674 1544 1712 lineis
1576 1677 1613 1711 et
1636 1666 1862 1714 intervallis,
1896 1663 1963 1703 sed

166 1728 293 1768 SOlum
324 1731 435 1778 istae,
471 1731 521 1782 F,
559 1733 605 1780 G,
643 1735 683 1782 Ο,
716 1740 869 1787 quoties
901 1740 1011 1780 locus
1043 1732 1118 1778 uni'
1142 1748 1273 1777 earum
1303 1739 1361 1773 est
1381 1745 1496 1783 super
1515 1731 1631 1777 linea,
1661 1728 1701 1767 B
1722 1736 1814 1766 vero
1847 1724 1963 1762 etiam

164 1792 273 1835 tunc,
307 1799 393 1827 cum
433 1789 560 1830 locum
591 1793 710 1834 habet
749 1797 787 1834 in
820 1796 1036 1838 intervallo.
1099 1795 1250 1835 Deinde
1291 1793 1402 1831 litera
1439 1790 1471 1830 O
1506 1790 1624 1828 habet
1653 1788 1808 1836 signum
1849 1782 1965 1830 longe

167 1845 384 1896 diversum,
417 1849 531 1898 quale
561 1862 613 1890 sc.
645 1853 708 1893 hic
739 1855 789 1893 ad
831 1855 932 1896 latus
962 1859 1129 1908 pictum3
1172 1859 1266 1905 puto
1306 1853 1458 1901 signum
1499 1848 1574 1886 hoc
1610 1850 1745 1884 natum
1783 1854 1830 1882 ex

168 1903 387 1944 detorsione
417 1909 629 1957 scripturae
661 1914 800 1952 veteris
830 1913 965 1955 literae
1001 1916 1040 1955 Ο.
1103 1915 1204 1952 Nam
1236 1912 1327 1961 ‘1⁰³3
1354 1909 1444 1947 latis
1477 1906 1712 1945 calamorum
1741 1913 1830 1964 ¹¹¹¹?-
1875 1890 1923 1951 Ξ

170 1962 350 2001 cronibus
391 1965 601 2005 utebantur
641 1972 864 2021 scriptores,
911 1979 1029 2013 notae
1072 1972 1280 2022 pleraeque
1325 1964 1600 2016 compendiosa
1642 1962 1832 2011 scriptura
1876 1962 1924 2006 Ε

160 2019 314 2069 ‚fiebant
345 2022 581 2074 quadratae,
614 2039 684 2066 nec
714 2034 868 2078 poterat
898 2033 943 2071 iis
975 2033 1135 2072 calamis
1165 2026 1373 2067 rotundum
1403 2024 1436 2063 O
1462 2023 1603 2074 pingi3.
1631 2022 1762 2070 itaque
1799 2016 1833 2056 Ο

171 2078 344 2117 fecerunt
373 2091 421 2119 cx
451 2082 570 2122 tribus
602 2084 776 2135 lineolis,
819 2100 896 2127 una
927 2092 1045 2138 tenui,
1079 2090 1164 2127 vice
1195 2085 1394 2131 cavitatis,
1434 2088 1472 2121 et
1502 2080 1653 2118 duabus
1686 2077 1843 2122 crassis,
1883 2076 1968 2114 vice

172 2147 376 2186 cornuum,
421 2138 536 2179 ducto
567 2143 606 2179 in
637 2144 879 2185 latitudinem
932 2149 1081 2188 calamo
1122 2148 1178 2185 sic
1208 2156 1272 2192 :-
1333 2141 1425 2180 Jam
1466 2137 1611 2178 lineola
1640 2136 1783 2183 tenuis,
1825 2144 1969 2186 prope-

172 2199 282 2234 rante
314 2195 477 2246 calamo,
510 2203 552 2237 ut
581 2201 788 2250 plurimum
818 2205 920 2244 sacta
950 2207 1022 2246 fuit
1050 2206 1203 2256 longior
1235 2206 1273 2241 et
1303 2205 1458 2239 exstans
1480 2198 1660 2246 utrinque
1690 2193 1792 2233 ultra
1812 2203 1985 2239 cornuaf

174 2255 231 2292 sic
266 2264 325 2305 ς.
386 2252 439 2294 Ut
469 2261 599 2296 autem
637 2272 780 2301 cornua
810 2265 1121 2312 terminarentur,
1157 2260 1321 2300 lincolas
1351 2259 1497 2308 primae
1527 2252 1736 2305 parallelas
1766 2250 1968 2297 duxerunt,

177 2313 234 2350 sic
271 2321 338 2363 z,
379 2318 417 2351 et
458 2316 514 2354 sic
550 2317 706 2358 tandem
749 2332 796 2359 ex
839 2321 990 2361 duabus
1023 2323 1168 2362 talibus
1199 2317 1352 2358 lineolis
1383 2328 1461 2354 una
1491 2315 1594 2352 sacta
1625 2316 1701 2359 est,
1739 2309 1885 2360 primae
1916 2308 1972 2346 si-

179 2369 281 2408 milis
313 2375 351 2409 et
380 2372 578 2422 parallela‚
612 2381 813 2428 totumque
844 2376 997 2430 signum
1027 2382 1108 2420 tale
1148 2379 1216 2427 Ξ,
1259 2374 1385 2427 quod,
1417 2379 1460 2412 ut
1489 2377 1606 2411 notae
1636 2370 1745 2421 ipsae
1775 2369 1814 2406 in
1844 2366 1970 2413 lineis,

179 2428 289 2467 hiatu
321 2429 459 2468 calami
490 2431 532 2470 fit
564 2445 722 2485 cavum,
755 2438 810 2476 sic
839 2444 897 2492 Ξ.
1754 2479 1755 2482 ¹

296 2485 471 2526 Occurrit
501 2494 629 2530 tamen
661 2499 698 2532 et
728 2494 819 2544 boc,
852 2508 902 2534 an
933 2509 1009 2536 non
1042 2499 1195 2547 signum
1225 2495 1298 2532 hoe
1330 2503 1375 2530 ex
1406 2501 1478 2527 usu
1510 2488 1636 2534 vocis,
1678 2483 1784 2523 scala
1813 2483 1972 2529 musica,

182 2545 292 2583 suerit
322 2550 474 2595 natum,
508 2560 593 2587 cum
623 2551 784 2601 figuram
815 2566 906 2603 prae
937 2567 978 2594 se
1010 2556 1106 2594 ferat
1135 2553 1285 2603 scalae,
1326 2550 1436 2599 qnasi
1466 2545 1696 2597 principium
1725 2542 1856 2580 scalae
1885 2551 1972 2577 mu-

185 2603 289 2641 sicae
319 2607 534 2654 notaverit,
567 2609 633 2646 ubi
663 2611 890 2660 ponebatur.
926 2614 1011 2654 ‚An
1045 2613 1190 2659 verim,
1226 2611 1332 2659 prius
1364 2619 1411 2645 ex
1441 2605 1554 2644 litera
1589 2601 1622 2641 C
1648 2600 1777 2640 scalae
1808 2597 1973 2648 effigiem

184 2662 338 2709 factam,
368 2668 505 2712 postea
536 2677 582 2703 ex
612 2666 728 2717 hujus
759 2669 898 2719 effigiei
929 2672 1061 2710 crebro
1091 2682 1162 2708 usu
1193 2668 1339 2706 scalam
1370 2665 1444 2703 diei
1466 2667 1654 2713 coeptam,
1687 2657 1792 2708 quod
1820 2657 1973 2708 proprie

188 2719 423 2768 diagramma
455 2723 564 2762 erat?
623 2725 719 2765 Cum
751 2739 841 2766 vcro
881 2728 989 2767 locus
1030 2741 1106 2767 non
1138 2731 1196 2765 est
1225 2726 1359 2763 literae
1396 2722 1427 2761 Ο
1463 2724 1500 2759 in
1538 2721 1641 2759 linea
1669 2715 1777 2766 (quia
1809 2715 1900 2754 olim
1933 2718 1974 2751 ut

187 2777 392 2827 plurimum
423 2779 547 2820 lineae
577 2789 685 2822 erant
715 2790 864 2824 tantum
895 2785 1091 2839 quatuor),
1133 2790 1225 2823 tunc
1254 2784 1364 2822 locus
1395 2785 1453 2819 cst
1482 2779 1616 2818 literae
1649 2774 1691 2814 F
1716 2776 1755 2812 in
1786 2773 1974 2812 linearum

189 2847 287 2884 una,
327 2849 427 2886 quae
458 2840 635 2879 scribitur
665 2844 704 2881 in
734 2845 868 2883 ceteris
899 2847 1059 2884 vocibus
1090 2843 1291 2882 altioribus
1332 2840 1501 2890 genuina
1529 2847 1602 2875 sua
1637 2839 1751 2880 nota,
1791 2833 1827 2870 in
1859 2831 1973 2869 basso

192 2895 428 2934 semicirculo
458 2908 619 2938 recurvo
650 2912 736 2940 cum
767 2902 913 2941 duobus
940 2903 1055 2952 juxta
1083 2902 1255 2952 punctis,
1288 2898 1392 2949 quod
1422 2897 1571 2946 signum
1597 2898 1691 2943 puto
1723 2892 1820 2929 inter
1851 2889 1972 2935 initia,

193 2952 415 3001 priusquam
448 2954 757 3008 detorqueretur,
789 2960 906 2999 fuisse
937 2973 1117 3011 graecum
1148 2976 1165 3011 y
1196 2956 1391 3012 (gamma)
1422 2951 1695 2996 minusculum,
1739 2950 1794 2987 sic
1826 2952 1867 2985 ut
1898 2946 1975 2983 duo

195 3014 338 3056 puncta
369 3011 502 3051 addita
532 3016 749 3065 significent
779 3018 984 3068 digamma,
1017 3020 1108 3068 quia
1137 3023 1310 3056 nostrum
1343 3012 1386 3053 F
1412 3017 1470 3052 est
1501 3010 1735 3049 Graecorum
1769 3005 1910 3069 duplex
1933 3005 1967 3043 Γ
1966 3033 1974 3040 .

196 3065 295 3110 Nam
326 3079 350 3112 a
381 3069 538 3115 Graecis
570 3074 773 3121 defluxisse
804 3077 903 3125 hanc
932 3079 1118 3125 rationem
1148 3074 1325 3125 signandi
1356 3083 1472 3118 §Quos
1499 3068 1720 3126 systematis
1750 3077 1818 3119 per
1847 3064 1977 3105 literas
