1994 3276
754 91 867 129 mer
886 89 948 127 w.
973 90 1091 136 caput
1110 89 1141 126 1.
1754 88 1837 129 219

56 215 214 265 derum,
244 218 285 255 et
310 212 428 267 plane
457 212 632 253 tabulam
659 222 800 260 naam,
830 215 875 249 ut
902 211 943 248 iu
972 221 1051 261 qua
1077 209 1303 259 inscriptum
1331 206 1384 246 sit
1410 204 1519 254 nihil,
1547 211 1599 246 ue
1620 204 1839 246 mathema-

56 274 175 313 ticum
203 270 372 324 quidem,
399 272 559 311 inscribi
590 282 681 310 vero
708 270 862 321 possint
890 269 1040 317 omuia3
1070 266 1144 307 hac
1173 267 1330 316 iuquam
1359 265 1399 302 ln
1424 268 1535 315 parte
1562 275 1636 304 nec
1663 265 1705 303 in
1725 263 1842 304 Chri-

57 332 187 371 stiana
214 329 400 381 religione
428 328 654 369 tolerandus
683 333 742 367 est
770 332 811 367 et
838 328 988 366 invenit
1014 330 1106 377 post
1134 324 1284 376 aliquot
1303 321 1437 364 secula
1465 333 1553 362 cum
1579 321 1677 362 alias
1696 321 1840 363 multas

56 387 243 438 εὐθνηις,
271 393 317 429 ut
342 387 514 439 loquitur
541 386 721 436 Procius,
750 391 834 425 tum
851 383 1032 424 Proclum
1062 385 1188 435 ipsum
1208 381 1493 430 adversarium3
1524 391 1748 431 quanquam
1775 379 1841 420 hic

57 445 309 487 Aristotelem
337 447 463 496 ipsum
487 446 649 488 ,nomine
678 455 754 484 non
784 444 889 492 citat,
919 442 1122 483 Platonem
1151 451 1264 489 vero,
1294 449 1411 490 quem
1440 438 1629 487 defendit,
1660 439 1841 479 nomina-

55 511 139 545 tum
165 509 299 555 aperte
328 503 466 544 ducem
494 515 608 543 suum
637 501 848 554 profitetur.
1538 531 1541 534 ,

173 562 303 614 Hujus
338 563 458 613 igitur
485 561 614 600 Procli
652 559 939 613 philosophiam
980 557 1028 598 de
1066 556 1269 608 speciebus
1308 565 1433 595 rerum
1468 555 1840 603 mthematicamm,

56 627 154 672 quas
182 631 259 672 ego
287 622 472 660 terminos
499 619 682 671 profiteor
709 617 968 670 proportionis
997 616 1244 656 harmonicae
1272 624 1394 666 purae
1426 618 1465 651 et
1493 618 1665 653 secretae
1695 626 1720 653 a
1748 624 1841 652 sen-

55 677 211 728 silibus,
252 689 394 731 operae
435 680 600 729 pretium
638 682 698 717 est
732 688 778 716 ex
819 675 904 726 ejus
942 674 1043 714 libro
1074 673 1104 712 1.
1149 675 1187 711 iu
1219 670 1326 712 Eucl.
1365 671 1441 711 huc
1478 671 1754 711 transscribere
1792 671 1841 710 de

57 737 178 777 verbo
207 736 259 776 ad
288 737 460 778 verbum.

153 794 233 836 ‘Sic
250 794 338 836 me:
372 797 564 843 Reliquum
587 798 644 831 est
673 800 714 831 ut
736 794 935 839 videamus,
969 803 1143 840 quaenam
1181 790 1413 827 subsistentia
1439 800 1504 826 seu
1528 788 1689 826 essentia
1711 788 1843 825 debeat

55 850 229 897 assignari
257 849 519 886 mathematicis
554 846 745 892 generibus
783 851 820 883 et
851 845 1069 893 speciebus?
1115 841 1434 881 eoncedendumne
1469 841 1537 884 sit,
1571 839 1635 876 illa
1657 851 1680 877 a
1704 841 1842 878 sensili·
1891 870 1895 873 .

54 901 122 939 bus
146 902 413 939 subsistentiam
437 901 611 946 accipere,
635 899 710 935 sive
732 909 798 944 per
820 898 1107 939 abstractionem,
1130 901 1172 932 ut
1194 905 1271 931 mos
1296 900 1351 931 est
1374 893 1557 940 loquendi,
1581 894 1656 930 sive
1679 904 1747 940 per
1769 894 1842 931 col·

54 953 243 992 lectionem
267 966 411 1001 eorum,
442 964 534 1000 quae
556 956 642 988 suut
664 961 729 997 per
751 956 873 997 partes
897 951 1078 997 dispersa,
1111 950 1147 985 in
1175 959 1281 985 unam
1316 956 1540 984 communem
1562 945 1739 982 rationem
1762 951 1841 987 (seu

56 1005 323 1053 definitionem),
347 1017 441 1043 anne
465 1006 572 1042 ctiam
597 1010 681 1040 aute
703 1004 794 1041 haec
817 1004 906 1050 ipsis
929 1002 1048 1039 danda
1072 999 1315 1044 subsistentia,
1339 1005 1380 1035 ut
1400 998 1505 1035 Plato
1531 1001 1684 1043 usurpat
1703 1003 1741 1034 et
1764 998 1840 1035 uni·

54 1059 236 1096 versitatis
258 1070 379 1098 rerum
402 1057 607 1105 progressio
630 1057 875 1094 demonstrat?
1807 1084 1810 1085 γ

167 1111 326 1148 Primum
349 1112 473 1156 itaque
498 1110 527 1145 si
550 1108 788 1154 affirmarnus,
826 1109 965 1155 species
991 1106 1259 1143 mathematicas
1283 1116 1306 1141 a
1329 1102 1521 1141 sensilibus
1545 1104 1729 1149 constitui,
1758 1102 1844 1140 dum

58 1163 177 1199 anirna
199 1175 222 1200 a
243 1164 394 1209 trigonis
425 1169 489 1199 aut
518 1162 662 1198 circulis
685 1161 929 1198 materialibus
961 1160 1118 1207 speciem
1142 1159 1352 1196 circularem
1368 1162 1447 1193 *aut
1473 1156 1684 1201 trigonicam
1718 1167 1843 1211 secun·

57 1215 157 1253 daria
179 1218 334 1264 quadam
357 1217 521 1263 genitura
542 1215 580 1251 in
603 1226 643 1251 se
666 1215 747 1262 ipsa
771 1215 918 1250 format:
955 1222 1108 1258 quaero,
1131 1211 1226 1252 unde
1248 1210 1370 1246 veniat
1393 1208 1593 1245 ratiom’hus
1618 1210 1695 1254 (seu
1720 1209 1843 1246 defini·

59 1269 227 1311 tiom‘bus)
250 1270 311 1306 illa
333 1274 436 1306 tanta
458 1268 635 1305 certitudo
668 1273 843 1312 tantaque
866 1266 1075 1302 accuratio?
1121 1265 1202 1300 Erit
1231 1265 1324 1300 enim
1357 1267 1420 1299 aut
1441 1273 1463 1298 a
1487 1261 1680 1298 sensilibus
1712 1266 1775 1297 aut
1798 1261 1844 1296 ab

56 1322 136 1368 ipsa
158 1323 283 1359 aniina
330 1323 380 1359 At
402 1321 624 1368 impossibile
659 1333 681 1358 a
704 1319 910 1362 sensilibus3
946 1317 1058 1353 multo
1091 1327 1244 1362 namque
1278 1315 1394 1360 major
1426 1313 1611 1350 subtilitas
1645 1319 1682 1350 et
1704 1313 1845 1349 exactio

56 1375 151 1412 inest
171 1377 371 1414 ratiom'bus
394 1375 483 1412 istis.
534 1375 587 1411 Ab
611 1374 730 1409 anima
753 1373 879 1418 igitur,
904 1380 998 1414 quae
1021 1368 1239 1414 imperfectis
1262 1367 1541 1413 perfectionem,
1575 1366 1720 1402 minime
1743 1377 1845 1402 accu-

57 1429 145 1464 ratis
169 1427 403 1465 subtilitatem
426 1426 523 1462 illam
549 1429 752 1462 accuratam
786 1421 964 1459 conciliet.
1012 1422 1079 1457 Dic
1112 1421 1223 1466 euim,
1259 1420 1321 1457 uhi
1343 1420 1438 1455 iuter
1469 1418 1615 1454 sensilia
1646 1419 1847 1455 inveniatur

57 1486 184 1517 natura
217 1479 442 1527 impartibilis
470 1474 633 1529 (puncti)
666 1483 703 1513 et
737 1475 926 1511 latitudine
957 1483 1083 1509 carens
1120 1472 1177 1523 (ut
1206 1469 1328 1517 linea)
1367 1475 1405 1506 et
1432 1469 1679 1515 profunditate
1707 1468 1766 1522 (ut
1777 1480 1846 1507 su-

64 1534 268 1588 perficies),
307 1543 369 1574 aut
392 1537 454 1574 ubi
478 1536 677 1583 aequalitas
702 1537 875 1572 linearum
901 1543 947 1568 ex
971 1537 1109 1576 centro,
1148 1538 1210 1567 aut
1239 1531 1299 1568 uhi
1324 1528 1575 1576 proportiones
1599 1539 1742 1575 semper
1764 1540 1847 1565 con·

59 1599 196 1632 stantes
224 1595 378 1631 laterum
405 1591 584 1645 (materia
611 1594 687 1637 mei
718 1592 806 1630 libri
826 1588 875 1641 L)
907 1596 969 1627 aut
998 1590 1059 1625 ubi
1090 1589 1303 1635 angulorum
1334 1587 1596 1625 rectitudines?
1643 1588 1726 1624 Non
1748 1587 1846 1633 equi-

62 1646 144 1694 dem
166 1647 282 1687 video.
302 1652 345 1682 ut
367 1642 666 1683 sunt'commixta
690 1652 727 1682 et
750 1645 901 1682 confusa
922 1645 1016 1679 inter
1040 1653 1079 1677 se
1104 1642 1224 1677 omnia
1246 1641 1439 1688 partibilis,
1463 1642 1555 1677 nihil
1578 1642 1767 1682 sincerum,
1795 1640 1847 1675 ni-

58 1698 116 1734 hir
144 1709 166 1734 a
197 1699 376 1735 contrario
411 1709 477 1734 suo
506 1709 657 1744 purum,
692 1699 811 1734 omnia
842 1695 1040 1743 partibilis,
1075 1700 1112 1729 et
1142 1705 1235 1740 quae
1269 1694 1359 1730 locis
1393 1693 1519 1729 dissita
1548 1700 1585 1730 et
1608 1704 1700 1740 quae
1732 1692 1844 1729 unita.

60 1751 253 1795 Quomodu
271 1750 380 1796 igitur
402 1750 643 1787 immobilibus
673 1752 787 1796 ipsam
814 1749 1011 1785 durabilem
1043 1748 1235 1782 essentiam
1267 1759 1312 1783 ex
1336 1746 1529 1782 mobilibus
1557 1747 1720 1792 aliasque
1742 1745 1847 1781 aliter

58 1801 274 1838 habentibus
297 1799 591 1838 conciliabimus?
614 1802 617 1804 ’
640 1802 820 1848 Quicquid
844 1802 938 1837 enim
954 1801 1222 1836 subsistentiam
1238 1811 1341 1836 suam
1363 1800 1476 1835 habet
1498 1810 1522 1834 a
1544 1799 1649 1835 motis
1674 1797 1849 1839 essentiis,

57 1852 190 1889 habere
213 1863 292 1889 eam
316 1854 525 1890 mutabilem
548 1854 750 1890 concedunt
773 1854 852 1899 ipsi.
902 1853 950 1888 Et
985 1852 1164 1897 quomodo
1200 1852 1379 1889 accuratis
1410 1856 1448 1888 et
1479 1852 1587 1887 certis
1611 1850 1802 1897 speciebus
1826 1862 1848 1886 a

59 1917 132 1942 uon
154 1907 331 1942 accuratis
354 1907 624 1952 impetrabimus
649 1906 865 1941 accuratiam
885 1905 1011 1941 suam?
1059 1903 1171 1940 Omne
1187 1915 1361 1951 namque,
1385 1904 1483 1951 quod
1498 1915 1607 1941 causa
1622 1910 1679 1940 est
1693 1902 1848 1939 notionis

30 1957 34 1960 ’
58 1967 200 2002 semper
220 1957 414 2000 mutabilis,
436 1958 554 2003 ipsum
575 1959 688 1995 multo
712 1958 824 2003 magis
849 1963 905 1993 est
919 1957 1004 1993 tale.
1052 1956 1334 2002 supponendum
1351 1967 1437 2002 ergo
1454 1956 1533 1999 erit,
1555 1957 1710 1992 animam
1734 1957 1849 2002 ipsam

62 2010 267 2055 genitricem
292 2021 373 2047 esse
396 2011 727 2046 mathematicarum
761 2011 960 2056 specierum
992 2014 1027 2045 et
1052 2009 1240 2044 rationum.
1287 2009 1398 2054 Atqui
1429 2008 1493 2044 illa
1526 2008 1712 2044 continens
1736 2009 1773 2044 in
1797 2020 1847 2054 se,

0 2081 2 2084 >
64 2069 103 2097 ut
126 2063 241 2108 prima
264 2063 428 2108 exempla
451 2074 515 2098 seu
538 2063 803 2108 paradigmata,
832 2061 1029 2098 secundum
1053 2060 1244 2096 essentiam
1268 2060 1349 2106 ipsa
1374 2060 1570 2096 subsistere
1594 2060 1698 2103 facit,
1735 2067 1776 2096 ut
1799 2061 1850 2097 ita

0 2127 1 2156 ἐ
62 2122 134 2158 sint
155 2120 402 2167 generationes
434 2117 698 2172 (Christianus
720 2118 914 2165 subaudit,
945 2118 1089 2155 creatio
1116 2128 1242 2155 rerum
1262 2114 1485 2170 sensilium)
1502 2119 1591 2154 nihil
1608 2118 1720 2161 aliud,
1742 2129 1848 2164 quam

0 2187 30 2212 τ,
61 2179 341 2226 propagationes
365 2180 583 2224 specierum,
609 2188 702 2223 quae
726 2179 762 2214 in
786 2178 850 2213 illa
871 2178 972 2223 prius
996 2176 1137 2212 inerant
1177 2173 1369 2223 (rationes
1410 2175 1662 2214 creandorum
1707 2186 1849 2225 corpo-

0 2263 1 2277 ¹
42 2228 148 2274 ‘rum
186 2234 480 2274 mathematicas
510 2236 597 2273 Deo
637 2240 864 2273 coaeternas
904 2233 1022 2271 fuisse
1053 2233 1257 2282 Deumque
1293 2234 1462 2271 animam
1498 2239 1538 2271 et
1566 2237 1734 2271 mentem
1764 2244 1850 2271 esse

0 2294 1 2336 ζ
62 2289 430 2344 superexcellenter,
460 2288 618 2332 animas
659 2304 751 2331 vero
778 2293 982 2330 -humanas
1022 2302 1107 2328 esse
1138 2290 1214 2328 Dei
1254 2293 1438 2330 creatoris
1479 2292 1691 2340 imagines,
1733 2292 1850 2329 etiam

0 2383 1 2393 ,
30 2349 34 2351 ’
65 2353 104 2390 iu
133 2350 421 2390 essentialibus*
439 2363 510 2391 suo
538 2350 667 2398 modo,
698 2351 737 2388 id
767 2353 894 2389 sciunt
914 2349 1156 2399 Christiani),
1186 2354 1275 2385 tunc
1298 2350 1442 2385 Platoni
1466 2351 1732 2387 consentiemus
1762 2351 1850 2386 haec

0 2432 1 2435 η
64 2406 234 2449 diceutes,
260 2410 296 2440 et
319 2415 405 2440 vera
428 2406 584 2442 essentia
606 2405 864 2440 mathematum
887 2403 991 2439 nobis
1013 2404 1157 2438 inventa
1173 2401 1250 2437 erit.
1300 2401 1363 2437 Sin
1379 2407 1501 2438 autem
1517 2402 1645 2445 annua,
1673 2414 1752 2438 cum
1779 2415 1850 2438 non

63 2463 212 2500 haberet
244 2473 310 2498 nec
334 2463 433 2507 prius
457 2463 620 2499 alicunde
652 2463 850 2508 accepisset
883 2461 1039 2497 rationes
1067 2460 1339 2496 mathematicas
1373 2457 1443 2512 (si,
1466 2471 1553 2497 cum
1582 2471 1659 2498 uon
1691 2460 1853 2498 fuissent

0 2559 1 2562 ,
66 2520 140 2569 ipsi
169 2515 421 2568 concreatae),
459 2520 687 2561 nihilomiuus
718 2519 962 2556 admirabilem
994 2519 1089 2555 hunc
1120 2524 1285 2555 ornatum
1313 2520 1588 2555 immutet-iatum
1620 2521 1733 2564 texit,
1771 2518 1849 2564 pul-

64 2573 274 2609 cherrimam
302 2572 394 2606 banc
430 2572 708 2616 speculationem
741 2573 904 2616 enititur,
937 2572 1114 2618 quomodo
1145 2583 1229 2618 ergo
1264 2572 1443 2608 discernet
1472 2572 1524 2607 sic
1557 2572 1694 2616 genita,
1732 2571 1851 2606 sintne

0 2628 2 2653 ὖ
66 2630 297 2666 subsistentia
328 2635 363 2664 et
388 2632 588 2666 constantia
611 2629 762 2679 (norma
792 2640 871 2669 non
902 2644 1032 2680 youpa
1048 2626 1164 2679 lego),
1188 2640 1235 2664 an
1259 2628 1296 2663 in
1320 2634 1446 2664 ventos
1472 2629 1625 2664 evanida
1649 2633 1686 2664 et
1711 2633 1854 2674 spectra

0 2696 3 2731 y
66 2683 185 2729 potius
215 2693 322 2727 quam
353 2682 459 2716 vera?
508 2682 645 2726 Quibus
676 2684 809 2718 normis
843 2694 909 2718 usa
939 2683 1121 2719 veritatem
1153 2692 1275 2718 eorum
1308 2681 1501 2716 metietur?
1552 2682 1629 2716 Imo
1661 2681 1852 2725 quomodo,

0 2734 12 2758 'r
67 2745 147 2770 cum
171 2734 361 2770 essentiam
392 2745 515 2769 eorum
550 2745 621 2770 non
655 2735 822 2780 haberet,
858 2735 970 2780 gignit
1000 2740 1135 2770 tantam
1168 2734 1379 2769 varietatem
1409 2733 1613 2768 rationum?
1660 2733 1751 2768 Nam
1783 2733 1853 2770 hoc

67 2792 173 2832 pacto
198 2785 378 2821 fortuitam
403 2785 545 2820 illorum
570 2786 838 2821 subsistentiam
861 2787 1033 2822 faciemus
1058 2796 1174 2831 neque
1199 2786 1244 2820 ad
1270 2784 1384 2820 ullum
1408 2795 1556 2830 scopum
1581 2785 1852 2822 velterminum

67 2837 282 2873 tendentem.
331 2838 421 2872 Sunt
445 2836 528 2880 ergo
553 2837 691 2872 auim'ae
714 2838 825 2882 ipsius
851 2838 993 2873 soboles
1019 2839 1158 2882 species
1182 2836 1466 2881 mathematicae,
1490 2848 1557 2872 nec
1578 2837 1690 2874 babet
1711 2838 1773 2873 illa
1795 2850 1851 2874 ra-

68 2888 195 2933 tiones,
220 2898 309 2934 quas
333 2889 529 2931 constituit,
555 2899 576 2923 a
600 2888 803 2933 sensilibus,
827 2891 913 2935 quin
936 2891 1056 2936 potius
1082 2891 1171 2926 haec
1195 2891 1240 2925 ab
1263 2889 1334 2924 illis
1351 2894 1609 2935 propagantur,
1635 2895 1791 2935 suntque
1812 2891 1851 2926 bi

69 2941 195 2976 enixus
218 2940 331 2985 ipsius
356 2945 391 2974 et
415 2939 504 2974 haec
528 2940 718 2984 puerperia
742 2943 1024 2985 permanentium
1049 2949 1085 2978 et
1108 2941 1316 2988 perennium
1342 2940 1543 2985 specierum
1571 2940 1760 2976 evidentia.

183 2991 346 3031 Secundo
370 2993 400 3026 si
425 2993 468 3027 ab
494 2992 587 3027 infra
610 2998 648 3026 et
671 3002 691 3026 a
716 2994 908 3030 sensilibus
933 2995 1131 3040 colligimus
1162 2994 1320 3029 rationes
1343 2993 1601 3028 matbematum
1624 2995 1701 3037 (seu
1726 2993 1851 3031 defini·

71 3042 210 3086 tiones),
237 3043 415 3088 quomodo
439 3055 511 3079 nou
535 3043 701 3082 meliores
727 3050 830 3101 erunt
854 3045 1192 3091 demonstrationes,
1225 3056 1316 3092 quas
1340 3045 1564 3081 constituunt
1590 3045 1757 3093 sensilia,
1793 3046 1852 3083 de-
