1994 3276
107 102 188 140 232
658 98 714 133 De
732 96 1093 144 Configurationibus
1117 99 1355 136 Harmonicis.

106 218 348 258 conformant
375 218 473 258 radii
505 218 644 265 lucidi,
685 230 746 258 res
777 218 886 258 coelo
919 218 1103 264 oriunda,
1143 218 1212 257 sed
1243 220 1282 256 in
1312 219 1473 258 Terram
1498 219 1583 271 jam
1614 220 1788 272 delapsa.
1849 223 1911 262 De

107 289 196 316 vere
226 277 459 317 coelestibus
491 289 582 316 vero
613 277 824 316 harmoniis
852 277 954 315 libro
986 276 1035 316 V.
1066 289 1116 315 ex
1145 277 1320 327 professo
1352 290 1526 327 agemus.
1587 279 1785 319 Breviter:
1831 286 1911 320 ter-

105 337 198 373 mini
228 336 517 375 harmoniarum
546 336 644 374 libro
677 337 790 375 tertio
821 336 976 374 fuerunt
1014 335 1182 374 hominis
1213 347 1284 374 seu
1315 338 1411 374 artis
1442 347 1561 386 opus,
1602 338 1678 377 hoc
1706 338 1807 378 libro
1837 339 1908 378 IV.

106 398 219 433 erunt
248 401 410 433 naturae
443 405 561 445 opus,
593 394 692 433 libro
725 394 891 444 denique
922 394 972 432 V.
1005 399 1116 432 erunt
1145 405 1243 443 opus
1275 394 1352 432 Dei
1384 394 1591 447 Creatoris.

220 453 292 492 ΙΙΙ.
325 452 523 502 Quantum
549 453 632 502 jam
662 452 712 491 ad
742 452 972 491 rationalem
1003 464 1172 499 causam,
1206 463 1308 501 quae
1329 452 1541 492 harmoniis
1572 460 1686 493 suum
1707 466 1784 494 esse
1814 467 1910 494 con·

106 510 231 559 ciliat,
265 511 469 550 discrimen
499 511 684 550 librorum
715 512 816 550 tertii
847 515 885 549 et
916 512 1044 560 quarti
1076 511 1114 547 iu
1147 522 1288 559 genere
1320 511 1469 550 nullum
1493 518 1563 560 est,
1594 513 1664 551 sed
1696 513 1836 552 saltem
1867 516 1907 553 in

105 570 247 619 specie.
309 570 531 609 Influebant
562 571 663 608 enim
694 570 792 608 libro
823 569 897 607 ΙΙΙ.
929 569 1155 607 harmoniae
1197 570 1347 607 ratione
1388 571 1449 608 sui
1487 571 1654 620 subJecti
1695 572 1910 611 materialis

105 626 318 680 (sonorum)
354 630 392 666 in
432 640 586 676 sensus,
632 629 918 679 recipiebantur
962 633 1000 665 et
1041 627 1355 676 dijudicabantur
1400 629 1550 667 ratione
1598 642 1693 668 snae
1735 630 1909 669 formalis

106 687 312 735 essentiae,
346 698 424 736 qua
453 686 678 725 harmoniae
709 691 800 724 sunt
829 686 886 736 (id
924 693 983 723 est
1014 685 1315 735 formabantur),
1347 686 1398 724 ab
1431 688 1616 725 instinctu
1661 690 1780 727 menti
1815 701 1910 728 con-

106 750 248 793 creato,
278 747 440 784 rationis
472 746 555 783 sine
586 745 762 783 discursu
793 745 995 795 participe.
1056 744 1106 781 Et
1144 743 1334 782 hactenus
1369 744 1597 784 harmoniae
1641 748 1908 786 tantummodo

107 814 149 841 se
180 804 274 853 ipsis
305 804 664 842 considerabantur.
724 802 876 841 Deinde
919 813 1011 840 vero
1047 813 1116 851 per
1154 802 1368 850 occultum,
1411 803 1481 841 sed
1521 804 1738 843 confessum
1778 810 1909 844 tamen

107 863 377 901 commercium
408 862 639 900 facultatum
671 863 823 899 animae
857 860 1225 899 transfundebantur
1245 860 1470 901 harmoniae
1502 863 1707 901 introrsum
1730 871 1908 914 receptae

107 921 144 957 in
177 920 338 959 affectus
375 920 501 959 cordis
542 921 688 967 variOS,
733 931 802 970 per
840 919 1029 968 quasdam
1073 920 1133 956 sui
1170 919 1443 957 similitudines
1485 931 1554 959 seu
1586 922 1736 972 icones;
1777 922 1908 962 'trans-

104 978 365 1017 fundebantur
395 985 433 1017 et
464 980 500 1015 in
533 978 823 1026 locomotivam,
858 983 899 1015 ut
928 977 1044 1015 homo
1078 983 1306 1027 conceptam
1329 979 1458 1017 animo
1481 980 1649 1029 speciem
1681 980 1908 1020 harmoniae

104 1049 183 1076 non
214 1048 311 1076 voce
343 1042 493 1077 tantum
525 1038 774 1086 exprimeret,
818 1036 885 1074 sed
925 1037 1042 1074 etiam
1083 1041 1190 1074 motu
1223 1038 1395 1086 corporis
1436 1038 1663 1077 imitaretur.
1723 1039 1786 1077 Ita
1816 1039 1908 1078 har-

104 1097 259 1134 moniae
291 1097 397 1134 vices
429 1095 595 1145 alicujus
625 1106 767 1134 causae
799 1095 1010 1133 subierunt.

217 1153 401 1193 Similiter
440 1159 479 1192 et
517 1154 579 1191 hic
609 1155 777 1191 animam
815 1164 1033 1202 supponere
1070 1163 1229 1191 necesse
1272 1158 1353 1201 est,
1406 1155 1466 1191 cui
1510 1154 1602 1193 inde
1648 1167 1671 1193 a
1713 1155 1908 1195 creatione

102 1224 229 1250 rerum
259 1214 309 1251 sit
342 1213 563 1250 instinctum
602 1212 676 1250 hoc
718 1213 1010 1261 proportionum
1051 1210 1360 1249 harmonicarum
1393 1227 1584 1264 κριτηριω
1626 1218 1664 1251 et
1694 1225 1795 1263 quae
1835 1226 1908 1252 an-

103 1270 237 1321 gulum
269 1271 431 1309 duorum
473 1271 707 1308 radiantium
745 1270 933 1317 siderum,
977 1269 1328 1319 quomodocunque
1369 1271 1468 1309 intro
1507 1276 1705 1322 receptum
1737 1269 1827 1326 (seu
1871 1273 1910 1311 id

102 1328 171 1367 fiat
202 1329 336 1378 aliqua
367 1342 407 1368 re
437 1340 620 1367 sensuum
654 1328 838 1377 analoga,
871 1324 955 1365 sive
985 1339 1079 1366 suae
1111 1329 1325 1374 essentiae,
1359 1339 1438 1377 qua
1469 1331 1600 1368 anima
1631 1336 1700 1378 est,
1731 1331 1910 1380 proprie-

102 1391 203 1436 tate3
245 1387 291 1426 dc
324 1399 402 1437 quo
435 1393 473 1426 et
507 1388 651 1425 dictum
683 1387 810 1436 capite
840 1385 1088 1436 praecedenti
1130 1391 1168 1424 et
1199 1385 1372 1424 dicentur
1417 1388 1452 1423 in
1485 1389 1740 1438 sequentibus
1770 1387 1905 1442 plura)

102 1457 234 1484 secum
265 1447 350 1495 ipsa
382 1446 572 1490 aestimet,
605 1444 655 1483 ad
687 1450 853 1494 quatuor
884 1450 1009 1482 rectos
1041 1450 1254 1493 comparet,
1288 1444 1556 1483 harmonicum
1586 1459 1610 1485 a
1641 1458 1717 1485 non
1748 1447 1910 1486 harmo-

103 1505 189 1542 nico
221 1504 420 1554 dijudicet,
454 1510 492 1543 et
522 1505 578 1542 sic
608 1503 834 1542 harmoniae
865 1514 978 1540 suum
1009 1514 1086 1540 esse
1117 1502 1379 1542 intellectuale
1412 1504 1604 1553 conciliet,
1638 1505 1744 1555 quod
1774 1506 1910 1556 anguli

102 1562 142 1600 hi
173 1562 265 1601 foris
299 1569 407 1601 extra
437 1563 577 1601 mentis
609 1562 741 1599 limina
772 1560 945 1599 nondum
977 1560 1187 1600 habebant.

218 1620 368 1670 Quodsi
410 1626 637 1671 quaeratur,
683 1619 903 1669 qu'usmodi
942 1619 1040 1658 haec
1081 1621 1211 1658 anima
1246 1620 1317 1666 sit,
1362 1620 1426 1657 ubi
1460 1620 1521 1658 vel
1565 1622 1602 1657 in
1635 1632 1712 1670 quo
1746 1633 1904 1671 corpore

104 1678 325 1727 collocetur,
358 1678 588 1730 respondeo,
622 1679 785 1729 primum
817 1677 914 1716 tales
946 1689 1030 1716 esse
1062 1679 1234 1716 omnium
1263 1677 1464 1715 hominum
1485 1681 1649 1717 animas.
1709 1679 1787 1719 Sed
1807 1680 1908 1719 libro

103 1738 218 1776 tertio
251 1742 334 1776 erat
363 1737 550 1786 facultas,
585 1749 684 1786 quae
716 1742 871 1786 praeest
901 1735 1052 1774 auditui
1093 1741 1132 1775 et
1161 1738 1217 1774 sic
1247 1737 1443 1784 sensibus,
1483 1736 1546 1776 hic
1577 1748 1653 1775 non
1686 1745 1745 1776 est
1776 1740 1904 1777 sensi-

105 1797 188 1834 tiva
217 1796 395 1835 facultas,
458 1795 572 1834 Oculi
603 1797 716 1842 enim,
749 1806 911 1844 quorum
945 1794 1140 1843 objectum
1173 1799 1263 1833 sunt
1292 1793 1359 1833 lux
1391 1801 1430 1832 et
1459 1795 1556 1833 radii
1587 1795 1724 1844 lucidi,
1757 1796 1908 1835 nullum

105 1855 252 1892 faciunt
291 1854 472 1893 idoneum
514 1854 698 1892 indicium
741 1854 988 1891 harmonicae
1026 1853 1254 1891 radiationis
1293 1853 1471 1890 binorum
1511 1853 1768 1903 planetarum.
1827 1855 1910 1894 Nec

107 1918 164 1951 est
194 1914 467 1951 ratiocinativa
496 1912 680 1961 facultas3
720 1913 791 1950 etsi
823 1913 925 1950 enim
955 1923 1003 1949 ex
1035 1911 1375 1950 observationibus
1407 1913 1676 1950 astronomicis
1712 1925 1782 1962 per
1813 1924 1908 1952 ocu-

95 1970 165 2019 ,los
196 1970 511 2009 administrandis
542 1971 640 2008 ratio
672 1972 821 2008 invenit
850 1975 889 2008 et
921 1974 1142 2018 computat,
1187 1972 1253 2020 qui
1284 1970 1425 2020 quovis
1455 1974 1628 2020 tempore
1659 1972 1741 2009 'sint
1770 1983 1909 2021 aspec-

103 2032 180 2077 tus,
212 2029 250 2067 id
281 2034 411 2067 tamen
442 2040 521 2066 non
551 2028 632 2078 agit
668 2028 912 2075 naturaliter,
947 2029 1091 2077 quippe
1122 2039 1199 2067 non
1230 2028 1335 2078 apud
1367 2039 1499 2066 omnes
1531 2030 1750 2078 promiscue
1779 2029 1909 2068 homi·-

105 2099 187 2135 nes,
219 2087 288 2126 sed
318 2086 549 2135 voluntarie,
581 2086 686 2136 apud
718 2098 864 2137 paucos
895 2088 1157 2125 astronomiae
1195 2086 1442 2135 singulariter
1484 2086 1647 2125 deditos.
1711 2087 1788 2126 Sed
1819 2092 1909 2126 sunt

107 2147 259 2184 animae
300 2145 496 2184 humanae
537 2145 755 2194 subjectum
797 2144 1082 2182 harmoniarum
1125 2144 1279 2182 illarum
1315 2146 1480 2193 primurn
1517 2147 1666 2184 ratione
1705 2147 1908 2199 instinctus

106 2203 315 2253 naturalis,
357 2205 397 2241 in
430 2208 618 2253 quantum
659 2205 810 2240 animae
851 2208 941 2240 sunt
974 2202 1210 2252 exemplaria
1248 2204 1451 2250 creatoris,
1495 2209 1534 2241 ut
1567 2203 1709 2242 dictum
1751 2216 1834 2253 cap.
1868 2206 1906 2252 4,

108 2262 280 2301 secundo
313 2264 461 2302 ratione
492 2261 738 2308 facultatum,
781 2260 910 2298 vitalis
942 2266 979 2298 et
1012 2261 1201 2299 naturalis
1232 2266 1485 2310 motuumque
1519 2261 1693 2300 vitalium
1723 2268 1761 2300 et
1792 2267 1908 2300 natu-

106 2321 257 2368 ralium,
290 2333 359 2360 seu
390 2320 596 2359 Platonico
631 2331 735 2358 more
768 2318 1082 2368 concupiscibilis
1114 2324 1151 2357 et
1181 2319 1386 2358 irascibilis
1416 2321 1606 2369 partium3
1639 2320 1788 2358 ratione
1818 2322 1908 2370 qui-

108 2379 351 2428 demimus,
394 2380 432 2416 in
478 2382 667 2428 quantum
705 2378 930 2415 harmoniae
967 2382 1076 2425 sunt,
1121 2379 1271 2416 ratione
1313 2389 1406 2416 vero
1437 2377 1592 2426 harum,
1639 2380 1676 2416 in
1720 2383 1906 2428 quantum

112 2439 261 2488 species
292 2437 578 2475 harmoniarum
619 2437 887 2485 imprimuntur
928 2436 964 2471 in
1004 2435 1074 2473 has
1115 2435 1320 2474 facultates
1361 2436 1534 2485 fiuntque
1575 2447 1716 2475 causae
1748 2447 1907 2487 operum

107 2500 393 2543 naturae,·tam
425 2496 464 2532 in
497 2496 625 2533 animo
658 2506 775 2544 quam
807 2496 845 2532 in
878 2504 1046 2544 corpore,
1080 2494 1316 2543 impultrices
1350 2499 1387 2532 et
1419 2494 1705 2534 stimulati-icem
1753 2494 1905 2541 Deinde

107 2555 318 2604 praecipua
349 2554 490 2599 anima,
524 2554 559 2589 in
594 2565 710 2601 quam
742 2553 816 2591 hae
846 2551 1106 2590 radiationum
1135 2552 1360 2590 harmoniae
1391 2553 1566 2601 influunt,
1599 2557 1659 2591 est
1687 2551 1755 2591 illa
1777 2552 1905 2603 philo·-

107 2613 240 2662 sophis
273 2611 376 2651 dicta
405 2617 542 2649 natura
574 2610 814 2658 sublunaris,
860 2622 926 2661 per
957 2615 1080 2647 totum
1112 2610 1298 2658 Telluris,
1339 2610 1518 2649 alumnae
1549 2616 1723 2658 nostrae,
1765 2622 1905 2661 corpus

111 2671 252 2709 diffusa
283 2671 400 2719 inque
432 2669 515 2718 ejus
547 2668 680 2717 aliqua
711 2672 815 2706 certa
846 2673 955 2717 parte
986 2679 1063 2705 non
1084 2667 1206 2715 aliter,
1239 2681 1354 2718 quam
1375 2671 1503 2706 anima
1526 2669 1695 2708 humana
1715 2670 1754 2706 in
1777 2669 1902 2716 corde,

108 2728 299 2777 radicata,
340 2740 387 2767 ex
418 2739 494 2777 quo
528 2738 599 2765 ceu
630 2726 735 2773 foco,
779 2726 883 2764 fonte
929 2725 990 2764 vel
1026 2726 1215 2775 penetrali
1257 2739 1325 2777 per
1355 2729 1523 2776 speciem
1553 2728 1613 2765 sui
1650 2728 1797 2765 exit'in
1827 2728 1904 2765 cir-

113 2786 328 2826 cumfusum
359 2786 487 2824 Terris
511 2796 698 2824 oceanum
720 2788 758 2822 et
778 2784 1021 2833 superfusum
1043 2786 1215 2833 utrisque
1238 2788 1376 2824 ae'rem.
1440 2784 1774 2833 Quemadmodum
1797 2797 1902 2833 vero,
1964 2786 1969 2790 “

111 2847 176 2895 qui
207 2844 361 2884 melodo
392 2845 565 2883 suaviter
596 2843 748 2882 canenti
778 2841 991 2888 auscultat,
1034 2842 1066 2878 is
1104 2841 1256 2881 laetitia
1293 2843 1446 2890 frontis,
1488 2854 1602 2891 voce,
1646 2843 1786 2892 plausu
1818 2855 1904 2882 ma-

109 2915 228 2941 nuum
258 2903 462 2953 pedumve,
496 2902 546 2940 ad
576 2900 767 2939 melodiae
798 2911 1014 2938 mensuram
1047 2905 1323 2950 attemperam,
1355 2905 1528 2948 testatur,
1567 2913 1607 2939 se
1636 2900 1742 2950 quod
1773 2907 1831 2940 est
1861 2903 1902 2939 in

110 2960 279 3000 melodia
318 2961 584 2999 harmonicum
623 2960 820 3009 percipere
860 2962 899 2996 et
939 2958 1175 3007 approbare,
1230 2971 1304 2998 non
1346 2959 1456 2996 aliter
1505 2964 1643 2997 natura
1683 2958 1901 2997 sublunaris

111 3020 366 3058 commotione
396 3019 537 3067 insigni
577 3022 615 3056 et
647 3017 817 3056 evidenti
857 3017 1046 3054 viscerum
1078 3016 1266 3065 Telluris,
1306 3017 1355 3054 ad
1398 3017 1485 3054 illos
1527 3018 1767 3066 potissimum
1806 3016 1899 3066 dies,

112 3076 250 3131 quibus
283 3078 449 3116 errantia
478 3075 605 3116 sidera
643 3075 760 3114 radiis
793 3075 873 3121 suis
903 3074 1125 3113 harmonice
1157 3075 1441 3125 configurantur
1478 3075 1516 3112 in
1549 3075 1696 3123 Terris,
1737 3071 1900 3114 testatur
