1994 3276
638 129 876 168 Harmonicis.
924 130 1036 168 Liber
1049 131 1114 170 m.
1140 132 1257 176 Caput
1267 123 1332 169 TV.
1802 135 1877 174 151

91 254 142 293 ab
171 254 423 301 incensionis,
454 264 555 303 quae
583 251 728 291 nullius
758 255 896 290 cautus
926 250 1096 290 ordinati
1124 254 1290 291 tractum
1319 250 1605 304 ingrediuntur3
1651 261 1790 302 graece
1820 249 1881 289 di-

92 317 232 351 euntm·
258 310 401 362 ἆμμελη
431 316 470 350 et
499 310 649 360 ἐκμελη.
1716 364 1720 365 ⁷

142 383 154 397 s
203 368 320 419 Quod
347 372 511 408 naturae
540 368 736 417 ingenium
766 367 806 404 in
837 365 1055 406 discrimine
1085 368 1359 406 concinnotum
1391 373 1431 407 et
1449 368 1765 407 inconcinnorum
1794 378 1881 406 cum

91 426 267 467 viderent
301 432 477 475 veteres,
519 424 782 477 quaerendum
818 425 936 475 igitur
964 426 1253 474 existimarunt,
1296 426 1492 475 quodnam
1533 422 1637 465 esset
1678 435 1880 465 commune

94 485 272 524 omnibus
302 486 500 524 concinnis
539 490 578 524 et
608 484 789 523 consonis
828 483 1027 521 minimum
1058 482 1316 533 elementum,
1360 495 1407 523 ex
1437 495 1516 535 quo
1556 481 1768 523 secundum
1804 482 1881 522 ali-

92 553 208 592 quem
236 554 438 583 numerum
466 548 594 581 sumto
624 539 824 592 quodlibet
853 552 900 580 ex
931 542 1111 580 consonis
1143 548 1182 580 et
1212 542 1410 580 concinnis
1430 547 1739 592 componeretur.
1797 540 1880 580 Ne-

89 611 197 640 cesse
226 602 328 641 enim
356 600 565 640 videbatur
601 599 764 638 existere
803 598 964 648 aliquod
993 599 1083 640 ‘tale
1121 600 1323 638 minimum
1352 601 1603 640 intervallum
1644 599 1879 650 ut‚simplex

90 664 130 697 et
157 663 244 698 ortu
274 659 383 710 prius
411 660 507 709 ipsis
538 657 823 704 consonantiis,
864 668 965 707 quae
995 656 1232 697 videbantur
1260 659 1500 710 compositae
1530 670 1578 698 ex
1607 658 1677 697 tali
1707 658 1878 702 minimo.
1940 679 1943 686 »

92 721 227 768 utpote
256 727 344 756 cum
374 722 503 756 essent
532 713 740 756 intervalia
770 714 848 754 alia
878 714 966 754 aliis
996 714 1158 765 maiora.
1221 717 1341 766 Atqui
1371 727 1432 755 res
1462 716 1578 765 longe
1609 716 1723 756 aliter
1748 715 1878 764 habet,

90 774 195 825 quod
234 774 367 814 multis
404 773 591 826 exemplis
632 773 759 812 doceri
797 778 940 823 potest.
998 773 1099 812 Nam
1137 776 1170 812 si
1208 775 1423 824 specierum
1461 775 1632 813 omnium
1664 773 1879 818 individua,

92 843 194 887 quae
223 832 464 884 magitudine
495 832 686 877 differunt,
719 842 765 869 ex
796 842 875 868 uno
906 832 1100 870 communi
1130 833 1289 871 minimo
1320 836 1520 879 constant,
1554 833 1625 871 erit
1655 829 1774 881 igitur
1801 843 1879 870 una

93 890 227 941 aliqua
254 892 416 930 minima
446 891 643 941 quantitas
671 889 865 928 humanae
894 891 1056 940 speciei,
1095 900 1143 928 ex
1174 890 1392 940 cujusmodi
1422 892 1628 941 pusionum
1668 894 1772 929 certo
1803 889 1879 928 ali-

90 958 168 999 quo
197 959 356 988 numero
383 949 494 988 velut
523 960 571 988 ex
601 947 801 987 elementis
819 942 996 997 *quilibet
1025 947 1141 987 homo
1173 954 1447 999 componatur,
1486 960 1667 999 procerus
1698 958 1747 987 ex
1774 948 1878 986 mul-

89 1008 151 1055 tis,
180 1006 350 1058 pumilus
380 1017 427 1045 ex
457 1008 605 1058 paucis.
664 1005 751 1044 Non
782 1006 908 1043 minus
938 1007 1040 1044 enim
1070 1007 1111 1043 in
1142 1005 1375 1045 harmonicis
1406 1008 1577 1057 qualitas
1608 1007 1704 1050 ista,
1735 1017 1878 1045 conso-

89 1065 235 1112 nantia,
266 1064 446 1103 informat
474 1065 703 1103 chordarum
732 1064 1021 1113 proportionem
1052 1075 1121 1102 seu
1151 1076 1292 1103 vocum
1317 1065 1575 1113 intervallum,
1607 1075 1724 1115 quam
1754 1064 1877 1103 t'orma

90 1122 256 1160 hominis
286 1122 429 1162 molem
458 1122 566 1161 illam
595 1122 781 1161 materiae
810 1121 1014 1170 informat,
1047 1132 1147 1171 quae
1177 1122 1344 1162 hominis
1375 1128 1463 1163 cute
1493 1123 1673 1163 ambitur.
1735 1123 1782 1160 Et
1811 1134 1877 1161 cnr

91 1180 202 1218 obliti
231 1184 322 1219 sunt
352 1182 609 1230 geometriae,
649 1182 688 1217 in
720 1190 798 1229 qua
833 1179 1000 1229 plurima
1031 1185 1121 1218 sunt
1150 1181 1330 1231 exempla
1370 1183 1495 1220 omnis
1528 1182 1680 1232 generis
1720 1181 1877 1230 quanti-

90 1242 213 1277 tatum
242 1239 698 1285 iueommensurabilium,
731 1247 894 1287 quarum
924 1236 1097 1276 definitio
1128 1244 1201 1286 est,
1231 1238 1340 1277 nulla
1364 1241 1520 1290 penitus
1552 1239 1744 1278 communi
1766 1249 1877 1277 men·

92 1307 203 1346 sura,
240 1302 341 1347 quae
370 1298 421 1335 sit
450 1308 498 1336 ex
528 1296 665 1336 eodem
695 1306 836 1346 genere
866 1297 1152 1348 quantitatum,
1189 1303 1375 1347 tanquam
1415 1297 1549 1348 aliquo
1584 1298 1876 1347 compositionis

6 1409 13 1422 Ι
93 1353 283 1394 elemento
314 1356 542 1405 quantitatis
571 1359 719 1401 certae,
753 1353 1067 1392 communicare?

176 1435 179 1437 -
203 1412 268 1452 Sic
296 1413 416 1463 igitur
443 1411 652 1452 tenendum
682 1417 759 1458 est,
799 1412 1007 1450 intervalla
1038 1422 1208 1450 consona
1239 1409 1532 1465 (praeterquam
1564 1423 1728 1463 quorum
1757 1423 1876 1451 unum

90 1473 150 1510 est
178 1469 337 1510 alterius
366 1468 590 1524 multiplex)
620 1481 718 1517 esse,
749 1474 791 1507 ut
816 1471 1083 1519 proportiones
1113 1469 1200 1508 illas
1222 1471 1341 1520 ipsas,
1373 1471 1791 1523 incommensurabilis,
1821 1472 1877 1510 sic

90 1527 255 1582 quidem,
285 1534 330 1567 ut
358 1530 538 1579 quamvis
568 1539 700 1568 eorum
730 1527 970 1567 differentiae
999 1530 1169 1567 numeris
1199 1530 1482 1579 exprimantur,
1519 1528 1623 1580 quod
1654 1531 1692 1567 in
1724 1530 1876 1579 simpli-

27 1590 30 1593 '
90 1586 201 1625 cibus
228 1588 399 1625 numeris
436 1591 496 1625 est
525 1588 679 1636 signum
710 1586 1112 1633 commensurationis,
1153 1586 1227 1624 hae
1264 1591 1393 1625 tamen
1435 1587 1691 1634 differentiae,
1733 1589 1876 1638 quippe

92 1654 169 1694 nou
199 1644 394 1694 simplices
422 1647 591 1693 numeri,
631 1644 700 1682 sed
729 1644 955 1691 fractiones,
996 1654 1073 1681 non
1111 1644 1188 1681 sint
1228 1643 1486 1683 differentium
1524 1657 1613 1695 pars
1653 1645 1716 1683 vel
1746 1650 1875 1695 partes

91 1700 289 1751 aliquotae
331 1702 543 1740 secundum
583 1702 753 1751 aliquem
793 1712 1006 1740 numerum.
1067 1701 1187 1739 Verbi
1224 1713 1343 1740 causa
1381 1703 1482 1742 duae
1519 1704 1789 1753 proportiones
1824 1701 1873 1758 Ἀ

92 1763 131 1797 et
167 1755 217 1812 Ἰ4
246 1765 338 1798 sunt
367 1761 466 1798 inter
501 1771 541 1798 se
571 1765 615 1797 ut
654 1770 834 1797 numerus
868 1761 887 1797 1
931 1758 981 1797 ad
1021 1770 1222 1797 numerum
1252 1762 1297 1808 2,
1334 1767 1424 1799 sunt
1453 1772 1545 1811 ergo
1584 1772 1875 1800 commensura-

12 1858 16 1862 ,
90 1815 200 1865 biles,
230 1828 320 1855 nam
355 1814 407 1872 ¹]⁴
438 1822 496 1856 est
526 1817 646 1868 dupla
675 1818 797 1867 ipsius
832 1814 892 1869 ¹l2.
952 1816 1040 1854 Hoc
1070 1818 1107 1853 in
1139 1817 1224 1855 sola
1245 1819 1344 1856 serie
1374 1821 1556 1858 continue
1577 1818 1779 1869 duplarum
1808 1819 1871 1858 lo-

91 1884 180 1912 cum
208 1873 336 1913 habet.
396 1875 497 1914 Nam
533 1877 574 1912 in
613 1876 711 1913 serie
747 1875 947 1924 triplarum
986 1880 1026 1912 et
1065 1879 1277 1913 ceterarum
1317 1877 1588 1926 multiplicium
1623 1888 1701 1915 non
1733 1875 1873 1916 dantur

90 1931 191 1970 duae
219 1935 486 1983 proportiones
517 1944 729 1980 consonae,
768 1938 812 1971 ut
846 1929 897 1986 ¹l9
928 1938 988 1971 est
1027 1932 1182 1981 quidem
1212 1933 1328 1984 tripla
1364 1936 1486 1985 ipsius
1523 1933 1593 1987 73,
1631 1939 1672 1973 at
1699 1934 1787 1974 sola
1818 1933 1868 1990 Ἰ,

90 1995 150 2028 est
178 1991 277 2029 inter
307 2001 514 2037 consonas,
552 1989 598 2043 ¹l9
629 2002 722 2029 vero
759 1995 817 2028 est
846 1991 944 2028 inter
975 1990 1169 2036 dissonas,
1213 2003 1281 2041 per
1310 2003 1370 2030 ax.
1405 1993 1442 2031 3.
1502 1993 1611 2031 Idem
1649 1991 1782 2032 videre
1812 1998 1872 2032 est

27 2071 31 2074 »
91 2047 208 2085 etiam
236 2049 276 2085 in
306 2059 383 2086 non
411 2048 712 2099 multiplicibus,
753 2053 796 2086 ut
825 2049 863 2085 in
893 2049 1150 2098 sesquialtera
1179 2045 1250 2101 ²l3,
1282 2060 1475 2095 consona3
1506 2050 1621 2089 datur
1654 2062 1750 2090 sane
1785 2051 1870 2101 ejtts

90 2103 292 2156 multiplex
321 2116 362 2144 et
388 2108 445 2144 sic
475 2106 842 2153 commensurabilis,
873 2117 963 2144 nam
995 2103 1050 2158 ⁴s9
1080 2111 1138 2144 est
1167 2106 1218 2144 ad
1250 2105 1304 2160 ‘²s3
1334 2113 1377 2146 ut
1407 2120 1587 2148 numerus
1618 2110 1642 2146 2
1674 2108 1725 2147 ad
1757 2110 1792 2157 1,
1827 2114 1871 2148 at

93 2155 254 2215 ⁸s9⁸non
283 2169 341 2202 est
370 2165 468 2203 inter
498 2176 702 2204 consonas.
763 2164 793 2201 E
824 2169 957 2202 contra
987 2165 1064 2202 siut
1092 2163 1193 2203 aliae
1224 2165 1324 2204 duae
1351 2177 1556 2214 consonae,
1589 2178 1704 2216 quam
1736 2178 1783 2206 ex
1803 2178 1869 2206 sc-

91 2220 147 2258 rie
177 2221 357 2271 continue
387 2222 609 2272 duplarum,
647 2226 692 2259 ut
726 2219 778 2275 ¹s4
807 2227 846 2260 et
877 2218 953 2274 ‘²l33
993 2221 1070 2259 hae
1105 2221 1205 2260 duae
1241 2225 1510 2274 proportiones
1547 2235 1623 2263 non
1655 2228 1745 2263 sunt
1771 2226 1871 2264 inter

93 2290 135 2314 se
166 2280 542 2327 commensurabiles,
573 2281 647 2319 hoc
678 2283 738 2318 est
765 2290 842 2317 non
874 2284 917 2317 ut
946 2290 1127 2318 numerus
1158 2280 1207 2319 ad
1227 2293 1449 2330 uumerum3
1479 2293 1661 2320 excessus
1691 2283 1792 2320 enim
1816 2282 1870 2336 ⁸!8

91 2336 211 2385 ipsius
245 2333 291 2387 ¹),
322 2348 437 2386 super
467 2335 519 2389 '²l3
555 2349 632 2376 non
659 2339 816 2376 metitur
857 2349 983 2386 neque
1019 2334 1068 2390 ¹!⁴
1106 2348 1233 2387 neque
1264 2335 1332 2392 ²s3.
1392 2339 1573 2378 consona
1603 2341 1721 2389 igitur
1748 2339 1868 2379 inter-

91 2392 196 2432 valla
224 2398 363 2432 natura
390 2396 519 2443 priora
549 2401 638 2434 sunt
667 2395 879 2433 minoribus
909 2394 1133 2441 intervallis,
1166 2408 1267 2444 quae
1298 2398 1485 2436 concinna
1503 2397 1767 2448 appellamus3
1797 2408 1869 2437 nec

90 2449 161 2489 illa
188 2456 470 2500 componuntur
497 2463 544 2491 ex
572 2454 658 2491 istis
687 2458 873 2502 tanquam
903 2464 950 2491 ex
981 2451 1178 2491 elementis
1209 2460 1277 2492 aut
1306 2466 1353 2492 ex
1382 2456 1521 2494 minori
1549 2456 1683 2505 aliqua
1712 2456 1867 2504 quanti·

91 2512 191 2556 tate,
221 2508 291 2547 sed
322 2515 454 2547 contra
483 2510 580 2549 haec
610 2522 659 2549 ex
688 2510 766 2548 illis
795 2514 981 2559 tanquam
1011 2520 1059 2548 ex
1090 2513 1217 2549 causis
1248 2513 1432 2550 oriuntur.
1474 2535 1476 2538 -
1504 2520 1506 2523 ’

205 2564 281 2604 Ubi
312 2566 482 2604 notanda
513 2573 571 2606 est
602 2580 677 2606 vox
708 2568 892 2617 ambigua
923 2569 1232 2618 compositionis,
1272 2582 1373 2622 quae
1413 2570 1603 2609 interdum
1623 2573 1766 2608 ‘ortum
1797 2569 1868 2608 de-

90 2628 200 2661 notat
227 2625 282 2662 rei
313 2624 548 2672 naturalem,
590 2625 781 2664 interdum
818 2637 913 2664 vero
945 2624 1174 2665 divisionem
1215 2629 1268 2666 rei
1300 2630 1621 2677 quantitativam‚
1661 2633 1760 2677 quae
1790 2635 1867 2666 non
1924 2678 1927 2680 q

11 2704 19 2719 .
92 2685 198 2719 ortus
228 2687 298 2730 est,
329 2681 398 2720 sed
428 2682 636 2721 destructio
666 2684 821 2733 potius3
863 2688 907 2720 ut
936 2694 1021 2721 cum
1053 2684 1235 2723 circulum
1267 2685 1428 2724 dicimus
1463 2684 1638 2725 constare
1669 2697 1716 2724 ex
1746 2686 1867 2724 tribus

91 2739 308 2786 trientibus,
339 2739 556 2778 dividentes
584 2742 690 2789 prius
722 2740 905 2780 circulum
934 2746 1062 2779 mente
1092 2743 1131 2779 in
1162 2744 1246 2789 tria,
1278 2748 1347 2781 aut
1376 2755 1463 2781 eum
1492 2743 1702 2782 humanum
1729 2754 1867 2794 corpus

18 2807 20 2811 ’
94 2794 255 2834 dicimus
284 2808 370 2836 esse
401 2799 656 2847 compositum
685 2809 733 2836 ex
761 2799 961 2844 membris,
998 2809 1074 2836 non
1105 2800 1210 2850 quod
1241 2800 1380 2838 suerint
1409 2801 1580 2839 membra
1608 2805 1697 2839 ante
1727 2811 1885 2851 corpus

94 2859 133 2891 et
161 2864 299 2903 corpus
329 2866 375 2893 ex
406 2855 485 2893 illis
516 2854 718 2893 collectum
748 2861 788 2895 et
816 2861 1096 2902 constructum,
1127 2863 1170 2896 ut
1201 2858 1345 2899 domus,
1368 2870 1414 2896 ex
1444 2858 1639 2908 lapidibus
1669 2862 1709 2896 et
1735 2857 1862 2909 lignis,

26 2956 33 2964 ,
93 2911 161 2956 sed
194 2913 289 2960 quia
328 2924 466 2962 corpus
496 2923 614 2951 causa
642 2911 756 2951 molis
793 2914 832 2950 in
861 2913 958 2952 haec
986 2916 1178 2960 membra,
1221 2926 1320 2964 quae
1350 2915 1503 2963 singula
1537 2916 1696 2954 seorsim
1726 2927 1864 2967 corpus

28 2966 30 2970 ’
96 2970 318 3020 organicum
345 2971 512 3020 amplius
543 2981 620 3007 nou
650 2974 757 3016 sunt,
788 2976 849 3008 est
877 2970 1088 3010 dividuum.
1151 2973 1271 3011 Priori
1301 2972 1516 3017 significatu
1546 2972 1763 3023 negandum
1794 2979 1864 3022 est,

29 3054 35 3083 ;
94 3025 296 3065 intervalla
326 3037 495 3066 consona
525 3027 588 3065 vel
620 3038 667 3065 ex
698 3027 785 3064 alii's
815 3030 993 3072 consonis
1021 3029 1085 3067 vel
1115 3041 1162 3067 ex
1192 3031 1388 3068 concinnis
1419 3032 1595 3080 componi
1611 3040 1633 3080 3*
1662 3033 1863 3081 posteriori

97 3083 311 3132 significatu
342 3096 436 3124 sane
466 3090 642 3124 constant
673 3089 711 3123 et
739 3085 795 3123 sic
826 3087 936 3137 quasi
967 3092 1247 3139 componuntur
1276 3083 1400 3139 (quod
1434 3089 1507 3143 ipsi
1537 3090 1576 3127 in
1606 3090 1863 3143 superioribus
