1994 3276
124 98 209 137 230
381 91 389 103 *
651 68 732 130 ⁴ne
757 90 1110 141 configurationibus
1135 95 1373 132 Harmonicis.

125 219 245 252 unum
283 212 346 254 vel
387 214 518 253 omnia
547 218 656 253 motu
699 213 876 264 'quodam
905 213 1190 264 longitudinem
1225 215 1282 253 rei
1309 220 1533 270 percurrant
1570 218 1800 268 terminique
1830 217 1925 257 fiant

123 273 292 323 partium
321 272 596 323 longitudinis,
641 274 740 312 inter
780 284 878 322 quas
909 274 971 311 sit‘
989 274 1211 323 proportio,
1255 278 1293 312 et
1322 273 1396 319 hoc
1434 273 1485 313 ad
1514 276 1728 314 minimum.
1762 271 1921 326 'Atque

125 331 165 370 id
194 331 239 369 fit
269 343 316 370 ex
346 336 456 381 parte
488 332 527 369 in
559 331 948 382 configurationibus,
980 331 1097 380 hujus
1127 332 1194 370 lib.
1218 331 1289 371 IV.
1319 334 1475 382 proprio
1497 333 1689 383 subjecto.
1720 333 1925 373 {Nam-ut

125 390 272 429 dicetur
302 391 429 440 capite
460 385 650 440 sequenti,
682 390 1094 440 harmoniae-quidem
1125 391 1164 427 in
1196 390 1372 438 angulis,
1412 401 1511 440 quos
1541 394 1697 431 metitur
1714 392 1947 442 ,zodiac‘us,'

125 448 416 489 considerantur
446 450 529 487 sine
560 453 702 497 motu,
726 447 859 499 anguli
890 453 1019 489 tamen
1050 449 1125 498 ipsi
1156 449 1225 487 alii
1256 460 1303 486 ex
1333 448 1420 487 aliis
1441 459 1656 500 corporum
1686 450 1922 493 radiantium
1982 491 1983 494 ,

125 512 234 545 motu
264 518 333 557 per
362 506 565 546 zodiacum
597 508 897 546 constituuntur.
958 506 1058 560 Sunt
1088 512 1216 546 tamen
1247 507 1352 545 modi
1383 510 1705 564 praestantioreS,
1746 509 1797 549 ad
1827 520 1926 558 cung-

127 566 213 605 dem
242 565 358 604 finem
388 566 609 614 tendentes,
642 571 686 604 ut
716 577 802 605 cum
833 576 1007 616 corpora,
1039 577 1140 615 quae
1170 565 1315 604 habent
1344 559 1638 616 longitudinem,
1670 570 1770 618 ipsa
1785 572 1824 606 et
1854 567 1925 606 (le-⁴

126 625 379 664 terminantur
409 624 552 664 talibus
582 626 716 674 signis,
748 636 899 663 sursum
931 619 1110 662 deorsum
1142 624 1377 672 errantibus,
1410 629 1449 663 et
1478 626 1601 664 trunci
1632 625 1808 676 qualibet
1840 627 1924 666 vice
1961 663 1963 665 ,

125 683 327 732 intercepti
357 683 472 721 simul
502 687 726 733 moventur;
771 684 904 721 ut-ita
930 694 1008 721 non
1034 683 1117 732 jam
1149 693 1328 734 corpora,
1360 682 1429 736 sed
1459 688 1587 724 motus
1617 685 1705 734 ipsi·
1723 687 1927 735 corporum
1943 692 1958 724 ζ
1982 725 1984 729 ‚

127 753 247 792 causa
275 741 529 791 longitudinis
561 746 599 780 et
629 742 832 793 brevitatis
862 752 946 793 non
971 741 1196 792 temporalis
1235 738 1304 780 sed
1335 742 1543 791 corporeae
1574 739 1925 796 (quippsspeeies
1966 747 1975 755 ‘

126 805 304 839 motuum
333 801 676 850 incorporatorum,
709 811 778 839 seu
809 811 1013 850 corporum
1051 801 1229 838 in-,motu
1261 797 1578 854 constitutorum)
1611 803 1710 840 inter
1744 812 1786 840 se
1817 812 1926 840 com·
1975 803 1977 806 ⁴

126 863 322 911 parentur.
385 857 722 908 Quemadmodum
761 870 802 897 se
841 870 924 909 res
940 858 1058 896 habet
1083 869 1183 897 cum
1221 859 1348 897 sonis:
1393 870 1483 897 nam
1522 870 1641 898 sonus
1682 863 1741 899 est
1777 859 1926 912 species
1982 891 1984 895 ,

129 919 270 957 emissa
301 928 321 955 e
353 928 547 967 corpore,-
545 921 603 956 et
632 922 675 955 ιιι
701 906 894 967 quantum
925 916 1040 963 illud,
1084 921 1134 955 et·
1154 920 1196 955 ut
1225 916 1434 966 figuratum
1472 915 1772 973 quadamtenus,
1815 923 1854 957 et
1884 921 1928 967 ut
1966 946 1972 953 .

128 979 166 1015 in
198 980 306 1014 motu
338 977 592 1014 constitutum
624 981 705 1024 est,-
744 977 844 1025 quia
866 987 936 1025 pre
950 971 1184 1025 aptitudine
1215 974 1362 1026 figurae
1403 981 1473 1014 est
1490 980 1530 1015 et
1559 981 1688 1020 motus
1726 979 1765 1015 et
1793 972 1926 1015 sonus.
1957 978 1983 994 '¹

246 1034 376 1084 Atque
417 1034 514 1073 haec
545 1034 628 1084 jam
666 1005 790 1073 altera
827 1036 953 1083 magis
994 1029 1153 1072 evidens
1194 1044 1314 1072 causa
1355 1039 1432 1082 est,
1480 1045 1546 1074 cur
1585 1039 1724 1074 natura
1761 1035 1948 1074 hominis·

129 1104 311 1133 sonorum
342 1094 588 1143 potissimum
608 1093 935 1160 proportionibus
965 1091 1217 1131 harmonicis
1214 1093 1279 1130 sit
1309 1091 1451 1131 dedita.
1511 1093 1575 1131 Fit
1604 1104 1642 1133 n.
1674 1093 1749 1132 hoc
1777 1095 1927 1132 rursum'

131 1153 181 1191 ob
215 1150 558 1191 conformationem
601 1148 663 1189 sui
704 1152 897 1201 corporis,
940 1152 978 1188 in
1011 1162 1088 1205 qup
1126 1146 1259 1200 guttur
1298 1149 1394 1189 illud
1426 1162 1565 1202 corpus
1605 1157 1683 1200 est,
1725 1147 1833 1202 quod
1858 1158 1928 1202 pro
1976 1179 1977 1182 η

130 1211 338 1262 superioris
368 1210 430 1248 vel
464 1211 653 1248 inferioris
685 1209 817 1248 circuli
849 1209 1089 1258 cartilaginei
1120 1210 1158 1247 in
1189 1221 1327 1259 aspera
1357 1210 1498 1249 arteria
1526 1211 1797 1249 constrictione
1827 1217 1934 1263 nunc⁴

129 1270 290 1320 longum
325 1280 427 1306 nunc
458 1269 575 1307 breve
608 1274 666 1307 est
697 1268 880 1318 quodque
909 1268 1121 1318 impulsum
1151 1269 1288 1319 spiritu
1326 1278 1377 1307 ex
1408 1267 1665 1319 pulmonum
1671 1268 1844 1309 follibus
1860 1280 1929 1308 ex-

130 1340 265 1378 presso
305 1329 476 1365 cavitate
521 1339 594 1366 sua
633 1326 772 1379 (figura
808 1324 962 1378 nempe)
1004 1331 1150 1364 motum
1192 1326 1271 1365 edit
1312 1326 1509 1383 similem,
1548 1327 1659 1377 cujus
1702 1332 1740 1366 et
1779 1328 1929 1394 species
1960 1343 1977 1362 μ

131 1386 274 1426 accidit
305 1386 485 1433 auribus,
527 1390 566 1424 et
595 1387 725 1434 sensio
758 1383 935 1437 (arteriae
966 1385 1109 1434 ipsius,
1151 1389 1194 1425 ut
1222 1389 1282 1423 est
1310 1386 1351 1422 in
1381 1381 1489 1424 motu
1520 1383 1745 1438 constituta)
1775 1386 1930 1425 animae
1960 1386 1963 1389 ”

130 1446 313 1484 sentienti
347 1448 505 1494 praesto
537 1448 618 1493 est3
656 1445 800 1494 quippe
839 1443 913 1494 hoc
949 1444 1143 1488 communi
1175 1445 1463 1482 sensu‘sentire
1505 1449 1582 1492 est,
1622 1444 1965 1499 frui-speciebus⁸

130 1504 390 1542 membrorum
434 1503 623 1552 corporis,
663 1507 705 1540 ut
743 1501 940 1540 sunt³illa
979 1503 1097 1540 variis
1134 1501 1273 1540 affecta
1312 1507 1349 1540 et
1376 1503 1502 1551 quasi
1543 1502 1709 1542 formata
1738 1503 1931 1552 motibus;

132 1574 235 1612 quae
264 1562 426 1612 specieS,
459 1567 505 1598 ut
531 1562 570 1597 in
593 1561 805 1610 Dioptricis
833 1559 1039 1613 explicavi,
1071 1561 1274 1611 spirituum
1299 1561 1553 1605 continuitate
1573 1561 1748 1600 feruntur
1766 1571 1791 1600 a
1808 1567 1933 1617 mem-

131 1622 212 1660 bris
244 1621 428 1671 corporis,
461 1620 579 1658 etiam
609 1620 778 1666 remotis,
810 1618 860 1657 ad
890 1617 1022 1657 sedem
1052 1630 1188 1669 sensus
1219 1620 1446 1661 communis.
1506 1619 1571 1657 Fit
1601 1620 1735 1669 igitur,
1766 1623 1817 1658 ut*
1841 1620 1934 1670 quia

131 1680 250 1718 homo
296 1679 430 1717 crebra
474 1679 654 1717 sensione
701 1689 873 1727 asperae.
894 1680 989 1717 suae
1031 1678 1195 1716 arteriae
1220 1679 1278 1715 ‘in
1321 1683 1430 1716 motu
1473 1674 1706 1717 constitutae
1748 1676 1935 1717 combibit

132 1737 262 1777 ideam
295 1736 489 1787 quandam
522 1736 840 1775 conformationis
872 1747 1075 1785 corporum
1106 1735 1400 1786 quomodolibet
1427 1738 1660 1785 sonantium,
1691 1735 1795 1775 idem
1824 1740 1933 1775 tanto
1969 1766 1972 1768 v

133 1796 286 1835 facilius
317 1799 506 1845 agnoscat
546 1799 585 1834 et
617 1794 804 1844 dijudicet
834 1796 969 1843 quasi
987 1795 1311 1834 conformationes
1343 1805 1545 1844 corporum
1586 1796 1695 1833 extra
1722 1806 1764 1834 se
1790 1795 1934 1834 moto·-¹

136 1867 220 1893 rum
270 1865 395 1903 eoque
435 1859 542 1892 motu
584 1854 734 1891 sonitus
777 1853 1052 1891 emittentium
1077 1858 1221 1903 eosque
1263 1855 1362 1892 inter
1391 1864 1433 1892 se
1464 1857 1707 1903 comparatos
1749 1853 1799 1892 ad
1829 1853 1965 1904 leges?

135 1913 446 1952 harmonicarum
476 1913 768 1969 proportionum
799 1913 1014 1952 examinet
1200 1923 1203 1926 ’

888 2065 1076 2114 CAPUT
1092 2110 1097 2116 ,
1113 2066 1183 2112 lv.-

138 2166 254 2212 Quid
287 2165 584 2202 discriminis
621 2165 682 2201 sit
718 2166 846 2200 inter
880 2163 1366 2215 harmoniasrquarto,
1410 2167 1455 2198 et
1496 2164 1618 2200 inter
1652 2163 1760 2200 illas
1788 2149 1951 2213 'tertio‘

792 2222 913 2266 lib1ro
948 2221 1282 2257 consideratas.

187 2347 189 2349 ·
255 2320 400 2370 Quanti
430 2332 491 2360 res
521 2321 706 2358 momenti
737 2321 787 2357 sit
816 2316 869 2357 ad
896 2319 996 2359 bene
1017 2316 1384 2368 philosophandum,
1417 2317 1664 2369 distinguere
1679 2330 1804 2358 rerum
1826 2316 1933 2367 fines,

141 2383 241 2419 inter
271 2392 312 2418 se
345 2384 512 2430 cognata
542 2379 730 2425 conferre,
768 2389 816 2416 ne
847 2387 916 2428 pro
947 2375 1086 2414 iisdem
1117 2376 1344 2424 habeantur,
1383 2378 1563 2427 opposita
1593 2373 1852 2425 committere,
1893 2376 1941 2421 ut,

143 2439 396 2486 illustrentur,
439 2438 478 2476 id
507 2437 605 2475 nihil
635 2439 773 2475 attinet
802 2433 980 2487 longiori=
998 2446 1173 2473 sermone
1200 2434 1383 2484 praefari.
1443 2434 1570 2483 Quare
1605 2446 1744 2485 operae
1774 2433 1966 2486 pretium

140 2498 266 2544 fuerit,
301 2498 442 2544 omnia,
477 2507 576 2546 quae
606 2492 794 2533 hactenus
824 2493 875 2532 ad
905 2494 979 2532 hoc
1009 2493 1121 2531 utilia
1154 2493 1213 2531 vel
1236 2494 1397 2542 sparsim
1419 2493 1483 2531 vel
1506 2493 1713 2532 obscurius
1726 2494 1790 2532 vel
1808 2490 1973 2539 'obiterss

142 2556 245 2594 dicta
274 2559 375 2602 sunt,
408 2555 480 2592 sub·
510 2565 629 2591 unum
660 2557 861 2602 aspectum
888 2560 1103 2605 proponere
1135 2556 1173 2590 et
1201 2551 1325 2588 sicubi
1354 2563 1450 2600 opus
1472 2557 1531 2590 est
1560 2552 1726 2602 amplius
1745 2548 1936 2594 illustrare

141 2614 269 2663 adque
299 2614 576 2664 praescriptum
609 2613 747 2660 capitis
768 2610 908 2655 lemma
930 2617 975 2651 εἰς
997 2609 1171 2659 professo
1192 2609 1494 2667 accommodare.
1557 2609 1794 2659 Quintuplex
1820 2606 1936 2660 igitur
1964 2632 1970 2654 3

142 2672 344 2710 discrimen
385 2676 442 2709 est
482 2672 581 2709 inter
617 2669 733 2718 huJus
775 2673 828 2706 et
850 2667 1116 2728 praecedentis
1161 2666 1249 2705 libri
1290 2668 1633 2718 contemplationes
1670 2664 1933 2706 harmonicas·

144 2742 265 2768 unum
295 2731 333 2768 in
364 2741 404 2768 re
434 2730 520 2779 ipsa
549 2728 784 2775 harmonica,
818 2724 936 2764 ca'usa
962 2736 1059 2763 suae
1091 2725 1367 2775 amplitudinis,
1401 2726 1563 2764 alterum
1593 2727 1632 2763 in
1658 2727 1829 2765 terminis
1851 2721 1935 2775 ejus

144 2788 364 2836 sensilibus,
396 2789 550 2827 tertium
582 2788 620 2823 in
653 2797 782 2833 causa,
815 2795 915 2834 quae
947 2783 1128 2822 conciliat
1157 2783 1381 2822 harmoniae
1413 2796 1520 2822 suam
1554 2785 1778 2832 essentiam,
1811 2782 1935 2834 quar-⁴

143 2852 224 2884 tum
255 2848 295 2884 in
324 2846 440 2885 modo
472 2843 685 2892 inessendi,
729 2842 903 2907 quintum
934 2843 972 2879 in
1005 2841 1138 2880 ordine
1168 2853 1392 2890 causarum,
1425 2853 1524 2891 quae
1554 2842 1721 2881 formant
1750 2844 1933 2883 terminos
1969 2871 1984 2898 ·.

143 2906 400 2955 proportionis
430 2898 701 2942 harmonicae..
828 2912 829 2916 ¹
1970 2927 1994 2949 ,,

259 2963 290 3000 Ι.
324 2962 437 3012 Quod
467 2973 546 3000 rem
577 2963 702 3012 ipsam
733 2929 880 3004 attinet,
913 2965 1014 3007 quae
1044 2957 1268 2996 harmonica
1298 2958 1495 3007 proportio
1527 2957 1682 3006 dicitur,
1713 2957 1803 2996 illae
1832 2955 1931 2996 libro
1968 2958 1994 3017 μ]

145 3021 258 3058 tertio
288 3023 452 3070 primum
484 3026 590 3058 ortae
621 3031 644 3058 a
673 3014 910 3058 sectionibus
941 3015 1071 3054 circuli
1108 3025 1176 3065 per
1204 3015 1347 3065 figuras
1378 3015 1572 3065 regulares
1604 3015 1738 3066 planas
1771 3014 1930 3054 demon·
1956 3016 1994 3042 ·’

135 3078 336 3127 -strabiles,
368 3090 457 3120 mox
490 3077 539 3120 ad
569 3083 693 3119 rectas
723 3074 847 3118 lineas
877 3059 1088 3113 translatae
1107 3075 1285 3124 interque
1307 3086 1349 3113 se
1370 3074 1598 3113 commissae
1627 3078 1665 3113 et
1686 3073 1933 3124 conjugatae,
1959 3068 1963 3071 ’
