1988 3276
644 148 1216 214 seems-mmcd
1525 217 1529 221 ¹
1765 167 1846 216 ιει

60 290 297 341 conparatis
321 288 532 340 flgurarum
554 285 855 339 proprietatibus
882 295 968 326 curn
984 284 1220 336 emlieium
1243 284 1399 324 illorum
1417 295 1618 335 corporum
1630 283 1849 327 affeeuoni-

205 347 309 389 Nan
334 348 397 386 -in
405 346 534 385 cubo
562 343 751 386 rectitudo
769 353 888 393 super
906 343 994 383 basi
1022 340 1214 394 quadrata
1231 342 1457 382 stabilitatis
1485 340 1680 392 quandam
1709 337 1850 383 aduni-

62 402 277 447 hasson-n
304 404 443 452 habet,
480 415 583 454 quae
611 402 748 444 eadem
777 403 994 452 proprietas
1021 408 1082 441 est
1110 406 1152 440 et
1179 402 1367 440 materiae
1396 401 1608 449 terrestris,
1645 402 1849 452 gravitatis

62 464 266 505 ιιιοιιειιιὶε
294 464 375 502 ina
402 464 590 512 petentis,
620 471 708 501 eum
737 461 853 528 etism
882 464 988 498 totus
1017 464 1141 499 terrae
1170 459 1314 509 globus
1344 458 1462 508 vulgo
1492 458 1670 505 credatur
1697 459 1737 498 in
1764 465 1851 524 nte-

63 521 128 561 dio
155 520 291 571 ιιιιιιᾶί
319 522 528 570 quiescere.
1886 530 1891 534 ·

176 564 359 619 Vicissim
388 575 615 617 octaedri
642 586 835 626 congruus
866 581 926 614 εει
953 576 1052 614 situs
1080 576 1268 626 aspectui,
1298 576 1331 613 si
1363 576 1397 612 is
1427 587 1450 613 a
1481 573 1632 614 duobus
1660 574 1852 625 oppositis

65 636 219 687 angulis
248 636 358 676 velut
386 637 425 674 iu
458 641 572 674 torno
599 632 869 684 suspendatur,
901 635 1001 672 inter
1031 644 1131 683 qnos
1159 632 1289 672 medio
1318 633 1495 683 praecise
1523 631 1612 671 loco
1642 638 1702 672 est
1725 631 1852 672 latens

67 693 383 749 quadrilaterum,
412 693 592 732 dividens
622 702 761 742 corpus
790 691 936 741 figurae
965 693 1005 729 in
1018 690 1114 730 ᾶιιο
1142 691 1351 742 aequalia,
1379 692 1484 735 sicut
1509 690 1670 741 globum
1699 701 1725 729 a
1753 689 1853 728 duo-
1878 722 1884 728 .

62 754 138 793 bus
154 752 257 803 pol·-
274 763 506 803 suspensum
536 750 675 790 dividit
693 750 882 789 maximus
912 748 1098 788 circulus:
1129 749 1226 788 haec
1249 754 1309 788 est
1329 747 1551 799 quaedam
1540 759 1668 799 imago
1696 747 1853 787 mobili-

64 812 168 860 tatis,
196 812 255 850 uti
283 813 350 850 ae‘r
379 815 440 849 est
468 809 744 849 elenrentorum
774 807 1069 847 mobilissimum
1090 812 1131 847 et
1150 807 1347 847 celeritate
1373 813 1415 846 et
1433 807 1622 846 varietate
1639 806 1854 860 plagarum.

174 868 224 907 In
252 867 509 908 tetrae‘dro
546 864 723 918 paucitas
761 865 964 916 planorum
1004 868 1158 922 signare
1197 865 1350 904 'videtur
1378 866 1593 904 siccitatem
1621 865 1736 915 ignis,
1766 875 1853 903 cum

62 926 233 966 definitio
252 928 305 966 sit
322 926 524 973 siccorum,
554 925 636 964 suis
655 925 840 963 contineri
864 925 1058 971 terminis3
1089 925 1127 961 in
1158 922 1440 962 ieosae'dro
1462 923 1631 962 vicissim
1650 914 1855 961 multitudo

63 985 264 1036 planorum
292 985 452 1034 signare
476 982 629 1022 videtur
659 981 927 1021 humiditatem
956 993 1095 1031 aquae,
1126 992 1213 1020 cnm
1244 981 1448 1020 definiatur
1467 980 1701 1033 humiditas,
1722 980 1857 1019 alienis

62 1043 248 1083 contineri
277 1043 474 1090 ten-minin
511 1047 571 1080 est
609 1042 753 1093 qnippe
783 1042 959 1091 paucitas
999 1041 1265 1091 propriorum,
1306 1037 1516 1079 multitudo
1555 1038 1791 1078 adscitorum
1820 1045 1857 1077 et

62 1101 277 1140 alienorum
305 1099 507 1141 indicium
562 1099 612 1137 Et
642 1097 754 1138 aliter
783 1099 925 1147 etiam,
967 1100 1141 1148 trigonus
1171 1098 1311 1149 planus
1349 1103 1410 1137 est
1449 1096 1630 1137 teu-aedri
1668 1097 1858 1148 proprius,

64 1159 156 1208 quia
174 1163 258 1197 tota
276 1158 506 1198 tetraedrica
534 1156 657 1205 figura
687 1162 746 1195 est
773 1157 948 1205 trigonus
977 1155 1147 1195 solidus:
1178 1156 1280 1196 idem
1312 1167 1404 1195 vero
1435 1157 1610 1205 trigonus
1640 1160 1700 1194 est
1727 1156 1858 1193 ieosa·

63 1216 147 1256 edri
165 1226 253 1255 non
280 1217 480 1268 proprius,
510 1214 581 1254 sed
610 1215 872 1261 mutuatitius,
904 1215 1000 1265 quia
1029 1214 1218 1253 icosaedri
1247 1214 1440 1268 soliditas
1474 1214 1694 1270 pentagoni
1722 1213 1860 1252 similis

62 1279 134 1324 est,
162 1284 241 1316 non
270 1275 421 1326 trigoni.
463 1273 631 1313 Rursum
661 1274 700 1310 in
730 1271 912 1312 ten-aedri
939 1274 1117 1311 acumine
1146 1273 1198 1312 ah
1228 1284 1306 1311 una
1336 1273 1419 1312 basi
1457 1277 1640 1322 surgente
1669 1271 1730 1316 vis
1758 1271 1861 1321 ignis

63 1333 306 1382 penetrativa
332 1336 372 1372 et
400 1331 588 1370 divisoria
605 1330 757 1370 videtur
786 1330 1017 1370 adumbrata
1046 1342 1143 1377 esse,
1175 1332 1214 1368 in
1234 1330 1424 1370 icosae'dri
1443 1330 1585 1369 obtuso
1606 1336 1647 1369 et
1666 1331 1861 1379 quinque-

64 1384 198 1429 lineari
226 1390 369 1440 angulo
401 1391 462 1428 vis
488 1388 708 1440 impletoris
736 1389 961 1437 humorum,
1001 1389 1077 1428 ho'c
1113 1396 1172 1427 est
1210 1391 1271 1427 vis
1301 1388 1570 1437 humectandi;
1610 1389 1652 1426 in
1679 1386 1861 1427 tetraedri

64 1448 258 1499 parvitate
286 1452 327 1487 et
353 1447 579 1487 macilentia
597 1452 736 1486 natura
756 1448 876 1496 ignis,
905 1448 944 1485 in
975 1446 1163 1486 icosaedri
1194 1447 1296 1486 mole
1315 1447 1537 1496 globisormi
1565 1451 1707 1485 natura
1735 1457 1861 1495 aquae

66 1512 105 1546 ει
133 1505 324 1556 quaedam
357 1506 464 1545 velut
482 1505 605 1556 figura
633 1509 791 1555 guttae3
820 1506 861 1543 in
883 1504 1075 1549 tetrae‘dro
1095 1504 1302 1556 plurimum
1322 1510 1380 1543 est
1400 1504 1630 1556 superficiei,
1660 1505 1861 1542 minimum
1936 1524 1947 1536 ·

65 1564 252 1616 corporis,
283 1565 322 1602 in
350 1563 551 1604 icossedro
571 1563 703 1602 moles
733 1573 917 1614 corporea
945 1563 1069 1602 multo
1099 1563 1223 1613 maj0r
1253 1575 1371 1614 qnam
1401 1562 1640 1614 superficies:
1671 1562 1863 1613 quemad-

66 1621 219 1660 modum
252 1621 292 1660 in
319 1622 409 1672 igne
439 1622 562 1660 forma
589 1620 799 1673 praecellit,
833 1621 870 1658 in
902 1633 1005 1671 aqua
1036 1623 1207 1660 materia.

180 1679 541 1730 Βοᾶεειιὲᾶιοιι
569 1690 663 1718 vero
692 1678 920 1728 relinquitur
949 1681 1098 1730 corpori
1128 1679 1309 1726 coelesti,
1345 1679 1495 1717 habens
1526 1677 1692 1717 eundem
1722 1675 1863 1728 plano·-

66 1749 150 1777 rnm
176 1749 391 1788 numerum,
419 1748 536 1804 quem
564 1736 756 1775 zodiacus
778 1736 957 1776 coelestis
984 1738 1205 1786 signornm3
1237 1736 1599 1786 demonstraturque
1623 1735 1863 1790 reliquarum

0 1785 1 1803 ¹
65 1795 274 1851 figurarum
303 1795 567 1847 capacissima,
600 1793 926 1844 quemadmodum
951 1802 994 1834 ει
1025 1794 1176 1835 εοεΙιιιιι
1206 1797 1311 1846 capit
1339 1796 1483 1834 omnia.
1881 1799 1890 1842 ζ

177 1849 289 1893 Haec
316 1853 502 1903 analogia
529 1854 603 1892 etsi
631 1852 852 1903 plausibilis
880 1857 959 1900 est,
996 1864 1075 1891 non
1104 1853 1262 1902 quidem
1294 1852 1492 1892 Aristoteli
1520 1851 1604 1905 (qui
1634 1863 1725 1891 cum
1752 1851 1863 1892 crea-

65 1916 146 1949 tum
176 1922 263 1950 esse
291 1910 478 1949 mundum
506 1916 676 1960 negaret,
709 1912 787 1947 vim
817 1912 857 1948 in
886 1910 1020 1960 figuris
1041 1913 1314 1960 quantitativis
1328 1909 1623 1962 archetypalem
1650 1921 1862 1960 agnoscere

64 1979 140 2007 ιιοιι
170 1970 315 2019 potuit,
348 1971 491 2019 quippe
521 1980 622 2018 quae
652 1970 735 2006 sine
766 1968 976 2007 architecto
1007 1969 1115 2007 nulla
1144 1969 1222 2007 illis
1250 1971 1353 2008 inest
1381 1968 1433 2007 ad
1463 1967 1684 2019 faciendum
1714 1967 1862 2018 aliquid

63 2023 322 2079 corporeum),
352 2026 421 2065 sed
446 2026 542 2064 mihi
562 2025 1090 2076 christianisque-omnibus,
1121 2028 1189 2075 qni
1218 2027 1294 2066 fide
1324 2031 1512 2075 tenemus,
1542 2025 1742 2074 mundum,
1773 2028 1874 2065 cum.

13 2101 16 2103 ·
64 2091 180 2124 antea
205 2095 284 2123 non
314 2089 428 2134 esset,
458 2097 482 2123 a
513 2084 597 2123 Deo
629 2089 799 2123 creatum
829 2095 927 2132 esse,
959 2085 997 2122 in
1018 2085 1201 2136 pondere,
1231 2082 1412 2137 mensura
1441 2090 1480 2125 ει
1508 2096 1682 2133 numero,
1692 2081 1861 2132 ⁴scilicet

62 2141 160 2181 ideis
189 2143 264 2192 ipsi
294 2143 527 2181 coaeternis:
558 2143 643 2190 etsi,
673 2143 843 2192 inquam,
874 2142 1094 2193 plausibilis
1115 2147 1174 2182 est
1203 2144 1262 2181 in·
1270 2154 1412 2193 genere
1442 2143 1541 2183 haec
1571 2142 1782 2193 analogia,'
1798 2148 1860 2182 ta-

63 2211 151 2240 men
180 2201 237 2239 sic
266 2201 306 2238 in
335 2201 464 2251 specie
495 2200 699 2239 informata
727 2199 836 2238 nulla
865 2201 1096 2240 necessitate
1128 2202 1364 2249 continetur,
1396 2205 1433 2239 et
1464 2202 1609 2253 patitur
1638 2201 1859 2248 instantias,

63 2269 141 2296 non
170 2257 400 2296 tantum-ob
430 2257 670 2307 quarundam
698 2259 974 2308 proprietatum
996 2259 1295 2310 discrepantiam
1326 2261 1363 2296 in
1396 2258 1533 2298 eadem
1564 2258 1767 2309 analogia,
1791 2258 1860 2298 sed

64 2317 182 2355 etiam
214 2315 264 2354 'ob
294 2315 479 2368 majorem
509 2317 818 2355 convenientiam
849 2316 1078 2355 dodecaefdri
1118 2322 1158 2356 ει
1185 2317 1375 2357 ἰεοειιέᾶιί
1414 2329 1501 2356 cum
1540 2318 1664 2367 igne,
1693 2316 1859 2383 deniqne
1892 2338 1897 2342 ·

61 2375 158 2423 quia
191 2372 240 2412 ᾶε
275 2372 548 2412 elementorum
586 2378 745 2417 numero
786 2376 826 2412 et
862 2376 994 2424 quiete
1024 2374 1190 2413 Telluris
1227 2374 1439 2427 disputatio
1478 2375 1601 2413 multo
1630 2374 1759 2424 major
1786 2381 1858 2421 est,

27 2447 44 2478 ,·
63 2441 181 2480 quam
210 2429 258 2470 de
287 2430 425 2469 harum
452 2431 674 2481 figurarum
690 2443 863 2471 numero.
1910 2480 1912 2483 Ι

180 2484 329 2537 Quodsi
357 2488 422 2533 hic
450 2489 702 2527 substiterunt
721 2489 971 2540 Pythagorei,
1001 2500 1080 2528 non
1108 2489 1365 2541 reprehendo
1378 2490 1416 2526 in
1449 2489 1522 2529 hae
1552 2454 1660 2545 parte
1680 2489 1857 2535 Ramum,
1886 2489 1891 2495 ’

30 2579 36 2599 ;,
55 2556 142 2597 ,non
172 2545 441 2593 Aristotelem,
479 2544 586 2595 quod
624 2546 724 2585 hanc
757 2546 982 2597 analogiam
1014 2547 1342 2598 disputationibus
1372 2545 1600 2586 convulsam
1629 2544 1857 2596 reiecerunt.

31 2610 45 2656 'y
66 2602 118 2642 st
145 2614 219 2654 ego
249 2610 340 2643 ante
370 2615 493 2642 annus
474 2605 661 2653 sviginti
700 2610 867 2654 quatuor
902 2604 1019 2654 longe
1060 2605 1174 2644 aliter
1203 2605 1303 2645 haec
1332 2607 1504 2655 quinque
1535 2604 1698 2656 corpora
1727 2606 1767 2650 in
1797 2606 1858 2643 fa-

62 2661 169 2700 briea
196 2653 328 2700 mundi
358 2661 553 2711 indagavi,
585 2661 771 2711 dixique
761 2675 800 2700 ιιι
831 2664 1082 2714 praeambulo
1114 2664 1200 2709 libri
1222 2664 1254 2711 I,
1284 2664 1379 2701 mihi
1399 2662 1522 2702 videri
1544 2667 1857 2711 consentaneum,
1896 2700 1901 2705 .

28 2716 226 2774 ean-dem
256 2718 469 2758 doctrinam
498 2720 614 2757 etiam
645 2712 818 2759 veterum
850 2721 986 2765 fuisse,
1028 2720 1098 2759 sed
1137 2721 1369 2760 occultatam
1411 2732 1516 2759 more
1556 2727 1700 2759 sectae.
1760 2720 1857 2759 Cum

34 2777 165 2819 ειιίιιι
195 2776 347 2816 habeat
378 2778 618 2815 astronomia
644 2777 907 2828 Copernicaua
935 2790 1006 2818 seu
1036 2780 1179 2818 veteris
1211 2778 1423 2818 Aristarchi
1453 2777 1574 2816 Samii
1604 2777 1856 2828 Pythagorici
1907 2791 1910 2794 ·

38 2816 354 2901 {dispositionem
382 2834 516 2872 mundi
554 2833 710 2872 mobilis
747 2835 882 2885 talem,
920 2832 963 2874 ιιι
999 2838 1077 2875 sint
1114 2838 1153 2874 in
1194 2850 1239 2884 eo
1278 2848 1345 2875 sex
1385 2836 1497 2874 orbes
1537 2846 1606 2874 seu
1646 2835 1855 2879 enrricula.

38 2884 165 2940 ferrea
194 2903 332 2941 corpus
362 2891 464 2931 Solis
502 2893 540 2929 in
577 2896 709 2930 centro
748 2894 948 2933 immobile
978 2894 1237 2933 circumducta
1266 2895 1495 2943 magnisque
1526 2898 1566 2931 et
1594 2893 1692 2932 inter
1720 2905 1764 2933 se
1792 2895 1854 2932 in·

43 2947 291 3004 §nequamus
321 2949 533 2989 intervallis
564 2949 738 3000 diremta‚
767 2950 923 2990 Saturni
954 2953 1097 2998 extimi,
1128 2952 1265 2991 deinde
1296 2951 1434 3001 JoviS,
1463 2949 1550 2989 dein
1582 2944 1735 3002 Martis,
1763 2951 1853 2991 inde

25 2994 230 3055 {l'elluris
257 3018 346 3045 eum
377 3007 509 3054 Luna,
539 3013 622 3045 tum
651 3005 834 3054 Veneris,
864 3008 1029 3059 denique
1058 3009 1239 3048 Mercurii
1268 3009 1411 3047 intimi:
1450 3019 1616 3057 cumque
1643 3007 1850 3058 figurarum

15 3117 17 3119 ι
48 3056 199 3102 *hum
227 3066 398 3115 quinque
422 3066 580 3115 propria
609 3070 648 3103 ει
677 3066 895 3104 essentialis
929 3069 981 3105 sit
1018 3068 1216 3117 inscriptio
1255 3069 1294 3104 in
1331 3065 1571 3115 sphaericam
1611 3066 1851 3116 superficiem

62 3124 155 3159 tm
181 3121 357 3172 angulis,
395 3128 434 3161 et
462 3123 762 3172 circumscriptio
799 3124 901 3163 circa
928 3124 1171 3174 sphaericam
1207 3124 1448 3175 superficiem
1478 3135 1564 3163 cum
1595 3126 1735 3164 centris
1762 3125 1851 3176 pla-
