<?xml version="1.0" encoding="UTF-8"?>
<!DOCTYPE html PUBLIC "-//W3C//DTD XHTML 1.0 Transitional//EN"
    "http://www.w3.org/TR/xhtml1/DTD/xhtml1-transitional.dtd">
<html xmlns="http://www.w3.org/1999/xhtml" xml:lang="en" lang="en">
 <head>
  <title>
</title>
<meta http-equiv="Content-Type" content="text/html;charset=utf-8" />
  <meta name='ocr-system' content='tesseract 3.04.00' />
  <meta name='ocr-capabilities' content='ocr_page ocr_carea ocr_par ocr_line ocrx_word'/>
</head>
<body>
  <div class='ocr_page' id='page_1' title='image "./operaomniaedidit05kepluoft_0358.png"; bbox 0 0 1994 3276; ppageno 0'>
   <div class='ocr_carea' id='block_1_1' title="bbox 71 1956 1937 2004">
    <p class='ocr_par' dir='ltr' id='par_1_1' title="bbox 71 1956 1937 2004">
     <span class='ocr_line' id='line_1_1' title="bbox 71 1956 1937 2004; baseline -0.003 -7"><span class='ocrx_word' id='word_1_1' title='bbox 71 1960 73 1963; x_wconf 52' lang='lat'><em>⁴</em></span> <span class='ocrx_word' id='word_1_2' title='bbox 131 1961 230 1997; x_wconf 88' lang='lat' dir='ltr'>nica:</span> <span class='ocrx_word' id='word_1_3' title='bbox 264 1957 464 2004; x_wconf 87' lang='lat' dir='ltr'>speculatio</span> <span class='ocrx_word' id='word_1_4' title='bbox 496 1958 783 1999; x_wconf 79' lang='lat' dir='ltr'><strong>harmoniarum,</strong></span> <span class='ocrx_word' id='word_1_5' title='bbox 814 1956 1099 2001; x_wconf 79' lang='lat' dir='ltr'>repraesentatio</span> <span class='ocrx_word' id='word_1_6' title='bbox 1134 1956 1275 1991; x_wconf 86' lang='lat' dir='ltr'>illarum</span> <span class='ocrx_word' id='word_1_7' title='bbox 1307 1961 1344 1990; x_wconf 88' lang='lat' dir='ltr'>et</span> <span class='ocrx_word' id='word_1_8' title='bbox 1379 1956 1600 1992; x_wconf 85' lang='lat' dir='ltr'>exercitatio.</span> <span class='ocrx_word' id='word_1_9' title='bbox 1657 1956 1838 1993; x_wconf 86' lang='lat' dir='ltr'>Differunt</span> <span class='ocrx_word' id='word_1_10' title='bbox 1871 1956 1937 1991; x_wconf 88' lang='lat' dir='ltr'>sic:</span> 
     </span>
    </p>
   </div>
   <div class='ocr_carea' id='block_1_2' title="bbox 132 141 1239 187">
    <p class='ocr_par' dir='ltr' id='par_1_2' title="bbox 132 141 1239 187">
     <span class='ocr_line' id='line_1_2' title="bbox 132 141 1239 187; baseline -0.005 0"><span class='ocrx_word' id='word_1_11' title='bbox 132 145 216 187; x_wconf 85' lang='lat'>340</span> <span class='ocrx_word' id='word_1_12' title='bbox 819 141 1016 183; x_wconf 78' lang='lat' dir='ltr'>Ptolemaei</span> <span class='ocrx_word' id='word_1_13' title='bbox 1033 142 1239 184; x_wconf 83' lang='lat' dir='ltr'>Harmonia.</span> 
     </span>
    </p>
   </div>
   <div class='ocr_carea' id='block_1_3' title="bbox 90 261 1994 1890">
    <p class='ocr_par' dir='ltr' id='par_1_3' title="bbox 90 261 1994 1101">
     <span class='ocr_line' id='line_1_3' title="bbox 131 261 1933 309; baseline 0.003 -13"><span class='ocrx_word' id='word_1_14' title='bbox 131 261 282 307; x_wconf 81' lang='lat' dir='ltr'>species,</span> <span class='ocrx_word' id='word_1_15' title='bbox 309 261 403 308; x_wconf 73' lang='grc' dir='ltr'>εἰὸηε</span> <span class='ocrx_word' id='word_1_16' title='bbox 442 265 528 297; x_wconf 88' lang='lat' dir='ltr'>sunt</span> <span class='ocrx_word' id='word_1_17' title='bbox 550 261 644 298; x_wconf 88' lang='lat' dir='ltr'>enim</span> <span class='ocrx_word' id='word_1_18' title='bbox 668 261 879 299; x_wconf 85' lang='lat' dir='ltr'>affectiones</span> <span class='ocrx_word' id='word_1_19' title='bbox 903 264 1055 300; x_wconf 86' lang='lat' dir='ltr'>rationis</span> <span class='ocrx_word' id='word_1_20' title='bbox 1080 264 1114 299; x_wconf 88' lang='lat' dir='ltr'>in</span> <span class='ocrx_word' id='word_1_21' title='bbox 1142 264 1325 309; x_wconf 79' lang='lat' dir='ltr'>operando</span> <span class='ocrx_word' id='word_1_22' title='bbox 1350 264 1586 307; x_wconf 49' lang='lat' dir='ltr'>*constitutam</span> <span class='ocrx_word' id='word_1_23' title='bbox 1625 275 1748 302; x_wconf 91' lang='lat' dir='ltr'>omnes</span> <span class='ocrx_word' id='word_1_24' title='bbox 1773 275 1857 301; x_wconf 84' lang='lat' dir='ltr'>vero</span> <span class='ocrx_word' id='word_1_25' title='bbox 1883 265 1933 302; x_wconf 88' lang='lat' dir='ltr'>af-</span> 
     </span>
     <span class='ocr_line' id='line_1_4' title="bbox 90 313 1932 364; baseline 0.003 -16"><span class='ocrx_word' id='word_1_26' title='bbox 90 334 95 341; x_wconf 91' lang='lat'><em>·</em></span> <span class='ocrx_word' id='word_1_27' title='bbox 130 313 305 351; x_wconf 80' lang='lat' dir='ltr'>sectiones</span> <span class='ocrx_word' id='word_1_28' title='bbox 331 314 486 359; x_wconf 75' lang='lat' dir='ltr'>aliquus</span> <span class='ocrx_word' id='word_1_29' title='bbox 511 315 564 350; x_wconf 86' lang='lat' dir='ltr'>rei</span> <span class='ocrx_word' id='word_1_30' title='bbox 590 320 627 351; x_wconf 91' lang='lat' dir='ltr'>et</span> <span class='ocrx_word' id='word_1_31' title='bbox 650 317 863 361; x_wconf 88' lang='lat' dir='ltr'>praesertim</span> <span class='ocrx_word' id='word_1_32' title='bbox 881 317 1032 353; x_wconf 85' lang='lat' dir='ltr'>affectus</span> <span class='ocrx_word' id='word_1_33' title='bbox 1058 318 1197 353; x_wconf 82' lang='lat' dir='ltr'>animae</span> <span class='ocrx_word' id='word_1_34' title='bbox 1223 328 1289 362; x_wconf 90' lang='lat' dir='ltr'>per</span> <span class='ocrx_word' id='word_1_35' title='bbox 1306 322 1421 354; x_wconf 90' lang='lat' dir='ltr'>totum</span> <span class='ocrx_word' id='word_1_36' title='bbox 1439 318 1535 354; x_wconf 88' lang='lat' dir='ltr'>hunc</span> <span class='ocrx_word' id='word_1_37' title='bbox 1551 318 1680 354; x_wconf 89' lang='lat' dir='ltr'>librum</span> <span class='ocrx_word' id='word_1_38' title='bbox 1703 317 1932 364; x_wconf 78' lang='lat' dir='ltr'>appellantur</span> 
     </span>
     <span class='ocr_line' id='line_1_5' title="bbox 131 366 1937 416; baseline 0.003 -15"><span class='ocrx_word' id='word_1_39' title='bbox 131 366 283 412; x_wconf 88' lang='lat' dir='ltr'>species,</span> <span class='ocrx_word' id='word_1_40' title='bbox 309 366 392 413; x_wconf 77' lang='grc' dir='ltr'><strong><em>εἰδη,</em></strong></span> <span class='ocrx_word' id='word_1_41' title='bbox 418 368 503 412; x_wconf 89' lang='lat' dir='ltr'>quia</span> <span class='ocrx_word' id='word_1_42' title='bbox 528 368 722 404; x_wconf 86' lang='lat' dir='ltr'>conciliant</span> <span class='ocrx_word' id='word_1_43' title='bbox 747 369 886 405; x_wconf 84' lang='lat' dir='ltr'>animae</span> <span class='ocrx_word' id='word_1_44' title='bbox 912 374 1046 406; x_wconf 86' lang='lat' dir='ltr'>certam</span> <span class='ocrx_word' id='word_1_45' title='bbox 1073 370 1252 414; x_wconf 80' lang='lat' dir='ltr'>speeiem,</span> <span class='ocrx_word' id='word_1_46' title='bbox 1294 379 1365 415; x_wconf 84' lang='lat' dir='ltr'>qua</span> <span class='ocrx_word' id='word_1_47' title='bbox 1388 370 1468 416; x_wconf 87' lang='lat' dir='ltr'>ipsa</span> <span class='ocrx_word' id='word_1_48' title='bbox 1493 383 1515 407; x_wconf 84' lang='lat' dir='ltr'>a</span> <span class='ocrx_word' id='word_1_49' title='bbox 1539 381 1577 406; x_wconf 89' lang='lat' dir='ltr'>se</span> <span class='ocrx_word' id='word_1_50' title='bbox 1601 371 1681 416; x_wconf 85' lang='lat' dir='ltr'>ipsa</span> <span class='ocrx_word' id='word_1_51' title='bbox 1705 371 1937 416; x_wconf 78' lang='lat' dir='ltr'>distinguitur</span> 
     </span>
     <span class='ocr_line' id='line_1_6' title="bbox 130 419 1937 468; baseline 0.003 -15"><span class='ocrx_word' id='word_1_52' title='bbox 130 419 473 464; x_wconf 86' lang='lat' dir='ltr'>internosciturque.</span> <span class='ocrx_word' id='word_1_53' title='bbox 524 419 661 455; x_wconf 84' lang='lat' dir='ltr'>Deinde</span> <span class='ocrx_word' id='word_1_54' title='bbox 686 422 917 459; x_wconf 88' lang='lat' dir='ltr'>harmonicen</span> <span class='ocrx_word' id='word_1_55' title='bbox 942 422 1002 458; x_wconf 91' lang='lat' dir='ltr'>hic</span> <span class='ocrx_word' id='word_1_56' title='bbox 1027 423 1216 459; x_wconf 83' lang='lat' dir='ltr'>manifeste</span> <span class='ocrx_word' id='word_1_57' title='bbox 1250 422 1418 468; x_wconf 85' lang='lat' dir='ltr'>intelligit</span> <span class='ocrx_word' id='word_1_58' title='bbox 1441 424 1654 460; x_wconf 84' lang='lat' dir='ltr'>facultatem</span> <span class='ocrx_word' id='word_1_59' title='bbox 1678 423 1818 460; x_wconf 87' lang='lat' dir='ltr'>animae</span> <span class='ocrx_word' id='word_1_60' title='bbox 1842 423 1937 459; x_wconf 86' lang='lat' dir='ltr'>circa</span> 
     </span>
     <span class='ocr_line' id='line_1_7' title="bbox 130 472 1936 522; baseline 0.002 -16"><span class='ocrx_word' id='word_1_61' title='bbox 130 472 336 508; x_wconf 86' lang='lat' dir='ltr'>harmonias</span> <span class='ocrx_word' id='word_1_62' title='bbox 364 478 587 518; x_wconf 85' lang='lat' dir='ltr'>occupatam.</span> <span class='ocrx_word' id='word_1_63' title='bbox 634 474 690 509; x_wconf 90' lang='lat' dir='ltr'>De</span> <span class='ocrx_word' id='word_1_64' title='bbox 727 485 768 510; x_wconf 88' lang='lat' dir='ltr'>ea</span> <span class='ocrx_word' id='word_1_65' title='bbox 804 474 959 511; x_wconf 83' lang='lat' dir='ltr'>affirmat</span> <span class='ocrx_word' id='word_1_66' title='bbox 996 486 1106 510; x_wconf 91' lang='lat' dir='ltr'>unum</span> <span class='ocrx_word' id='word_1_67' title='bbox 1141 475 1310 521; x_wconf 88' lang='lat' dir='ltr'>generale</span> <span class='ocrx_word' id='word_1_68' title='bbox 1347 480 1384 512; x_wconf 88' lang='lat' dir='ltr'>et</span> <span class='ocrx_word' id='word_1_69' title='bbox 1409 487 1519 512; x_wconf 90' lang='lat' dir='ltr'>unum</span> <span class='ocrx_word' id='word_1_70' title='bbox 1546 476 1712 522; x_wconf 85' lang='lat' dir='ltr'>speciale.</span> <span class='ocrx_word' id='word_1_71' title='bbox 1762 476 1936 512; x_wconf 89' lang='lat' dir='ltr'>Generale</span> 
     </span>
     <span class='ocr_line' id='line_1_8' title="bbox 130 524 1936 573; baseline 0.002 -14"><span class='ocrx_word' id='word_1_72' title='bbox 130 525 210 564; x_wconf 90' lang='lat' dir='ltr'>hoc,</span> <span class='ocrx_word' id='word_1_73' title='bbox 237 524 334 569; x_wconf 85' lang='lat' dir='ltr'>quod</span> <span class='ocrx_word' id='word_1_74' title='bbox 360 525 460 567; x_wconf 82' lang='lat' dir='ltr'>ratio,</span> <span class='ocrx_word' id='word_1_75' title='bbox 489 531 562 569; x_wconf 79' lang='lat' dir='ltr'>non</span> <span class='ocrx_word' id='word_1_76' title='bbox 587 526 794 572; x_wconf 83' lang='lat' dir='ltr'>specialiter</span> <span class='ocrx_word' id='word_1_77' title='bbox 813 527 909 563; x_wconf 88' lang='lat' dir='ltr'>dicta</span> <span class='ocrx_word' id='word_1_78' title='bbox 932 527 1154 573; x_wconf 85' lang='lat' dir='ltr'>harmonica,</span> <span class='ocrx_word' id='word_1_79' title='bbox 1180 526 1242 563; x_wconf 88' lang='lat' dir='ltr'>sed</span> <span class='ocrx_word' id='word_1_80' title='bbox 1269 528 1463 563; x_wconf 85' lang='lat' dir='ltr'>universim</span> <span class='ocrx_word' id='word_1_81' title='bbox 1482 529 1596 564; x_wconf 86' lang='lat' dir='ltr'>omnis</span> <span class='ocrx_word' id='word_1_82' title='bbox 1626 529 1729 573; x_wconf 88' lang='lat' dir='ltr'>ratio,</span> <span class='ocrx_word' id='word_1_83' title='bbox 1756 539 1821 565; x_wconf 87' lang='lat' dir='ltr'>seu</span> <span class='ocrx_word' id='word_1_84' title='bbox 1845 529 1936 564; x_wconf 87' lang='lat' dir='ltr'>ratio</span> 
     </span>
     <span class='ocr_line' id='line_1_9' title="bbox 130 577 1938 627; baseline 0 -12"><span class='ocrx_word' id='word_1_85' title='bbox 130 578 453 626; x_wconf 88' lang='lat' dir='ltr'>quomodocunque</span> <span class='ocrx_word' id='word_1_86' title='bbox 477 577 626 621; x_wconf 88' lang='lat' dir='ltr'>habens,</span> <span class='ocrx_word' id='word_1_87' title='bbox 652 579 697 614; x_wconf 85' lang='lat' dir='ltr'>sit</span> <span class='ocrx_word' id='word_1_88' title='bbox 735 584 862 615; x_wconf 82' lang='lat' dir='ltr'>auctor</span> <span class='ocrx_word' id='word_1_89' title='bbox 899 579 1034 615; x_wconf 87' lang='lat' dir='ltr'>ordinis</span> <span class='ocrx_word' id='word_1_90' title='bbox 1071 584 1109 615; x_wconf 90' lang='lat' dir='ltr'>et</span> <span class='ocrx_word' id='word_1_91' title='bbox 1133 589 1372 616; x_wconf 86' lang='lat' dir='ltr'>commensus.</span> <span class='ocrx_word' id='word_1_92' title='bbox 1425 580 1605 617; x_wconf 88' lang='lat' dir='ltr'>Affirmati</span> <span class='ocrx_word' id='word_1_93' title='bbox 1630 591 1758 617; x_wconf 88' lang='lat' dir='ltr'>sensus</span> <span class='ocrx_word' id='word_1_94' title='bbox 1784 587 1938 627; x_wconf 84' lang='lat' dir='ltr'>possunt</span> 
     </span>
     <span class='ocr_line' id='line_1_10' title="bbox 131 630 1937 678; baseline 0 -11"><span class='ocrx_word' id='word_1_95' title='bbox 131 642 210 667; x_wconf 87' lang='lat' dir='ltr'>esse</span> <span class='ocrx_word' id='word_1_96' title='bbox 235 631 355 667; x_wconf 89' lang='lat' dir='ltr'>multi:</span> <span class='ocrx_word' id='word_1_97' title='bbox 382 641 492 665; x_wconf 90' lang='lat' dir='ltr'>unum</span> <span class='ocrx_word' id='word_1_98' title='bbox 516 630 629 666; x_wconf 81' lang='lat' dir='ltr'>habes</span> <span class='ocrx_word' id='word_1_99' title='bbox 655 642 765 677; x_wconf 85' lang='lat' dir='ltr'>supra</span> <span class='ocrx_word' id='word_1_100' title='bbox 788 632 880 667; x_wconf 89' lang='lat' dir='ltr'>libro</span> <span class='ocrx_word' id='word_1_101' title='bbox 906 643 986 667; x_wconf 90' lang='lat' dir='ltr'>meo</span> <span class='ocrx_word' id='word_1_102' title='bbox 1000 632 1060 678; x_wconf 93' lang='lat' dir='ltr'>IV,</span> <span class='ocrx_word' id='word_1_103' title='bbox 1086 632 1169 677; x_wconf 88' lang='lat' dir='ltr'>quia</span> <span class='ocrx_word' id='word_1_104' title='bbox 1196 632 1283 668; x_wconf 89' lang='lat' dir='ltr'>ordo</span> <span class='ocrx_word' id='word_1_105' title='bbox 1311 635 1346 667; x_wconf 88' lang='lat' dir='ltr'>et</span> <span class='ocrx_word' id='word_1_106' title='bbox 1370 643 1595 669; x_wconf 88' lang='lat' dir='ltr'>commensus</span> <span class='ocrx_word' id='word_1_107' title='bbox 1614 637 1669 669; x_wconf 89' lang='lat' dir='ltr'>est</span> <span class='ocrx_word' id='word_1_108' title='bbox 1689 644 1753 669; x_wconf 86' lang='lat' dir='ltr'>ens</span> <span class='ocrx_word' id='word_1_109' title='bbox 1769 632 1937 668; x_wconf 86' lang='lat' dir='ltr'>intentio-</span> 
     </span>
     <span class='ocr_line' id='line_1_11' title="bbox 129 681 1937 731; baseline 0.001 -13"><span class='ocrx_word' id='word_1_110' title='bbox 129 681 212 718; x_wconf 89' lang='lat' dir='ltr'>nale</span> <span class='ocrx_word' id='word_1_111' title='bbox 237 688 274 719; x_wconf 92' lang='lat' dir='ltr'>et</span> <span class='ocrx_word' id='word_1_112' title='bbox 298 682 444 719; x_wconf 87' lang='lat' dir='ltr'>sublata</span> <span class='ocrx_word' id='word_1_113' title='bbox 468 683 607 719; x_wconf 87' lang='lat' dir='ltr'>ratione</span> <span class='ocrx_word' id='word_1_114' title='bbox 632 683 719 719; x_wconf 91' lang='lat' dir='ltr'>ordo</span> <span class='ocrx_word' id='word_1_115' title='bbox 747 690 782 721; x_wconf 86' lang='lat' dir='ltr'>et</span> <span class='ocrx_word' id='word_1_116' title='bbox 808 695 1034 720; x_wconf 86' lang='lat' dir='ltr'>commensus</span> <span class='ocrx_word' id='word_1_117' title='bbox 1061 683 1213 729; x_wconf 88' lang='lat' dir='ltr'>tollitur,</span> <span class='ocrx_word' id='word_1_118' title='bbox 1239 685 1469 721; x_wconf 83' lang='lat' dir='ltr'>manentibus</span> <span class='ocrx_word' id='word_1_119' title='bbox 1488 687 1683 731; x_wconf 81' lang='lat' dir='ltr'>ordinatis3</span> <span class='ocrx_word' id='word_1_120' title='bbox 1710 685 1775 722; x_wconf 84' lang='lat' dir='ltr'>sed</span> <span class='ocrx_word' id='word_1_121' title='bbox 1800 685 1845 721; x_wconf 89' lang='lat' dir='ltr'>de</span> <span class='ocrx_word' id='word_1_122' title='bbox 1868 686 1937 720; x_wconf 91' lang='lat' dir='ltr'>hoc</span> 
     </span>
     <span class='ocr_line' id='line_1_12' title="bbox 127 735 1940 784; baseline 0.002 -14"><span class='ocrx_word' id='word_1_123' title='bbox 127 736 203 780; x_wconf 86' lang='lat' dir='ltr'>jam</span> <span class='ocrx_word' id='word_1_124' title='bbox 227 747 298 771; x_wconf 92' lang='lat' dir='ltr'>non</span> <span class='ocrx_word' id='word_1_125' title='bbox 323 736 398 781; x_wconf 85' lang='lat' dir='ltr'>agit</span> <span class='ocrx_word' id='word_1_126' title='bbox 421 735 663 771; x_wconf 87' lang='lat' dir='ltr'>Ptolemaeus.</span> <span class='ocrx_word' id='word_1_127' title='bbox 715 736 901 772; x_wconf 78' lang='lat' dir='ltr'>Secundus</span> <span class='ocrx_word' id='word_1_128' title='bbox 939 746 1066 772; x_wconf 89' lang='lat' dir='ltr'>sensus</span> <span class='ocrx_word' id='word_1_129' title='bbox 1100 736 1176 772; x_wconf 85' lang='lat' dir='ltr'>fere</span> <span class='ocrx_word' id='word_1_130' title='bbox 1213 748 1293 772; x_wconf 88' lang='lat' dir='ltr'>cum</span> <span class='ocrx_word' id='word_1_131' title='bbox 1329 739 1450 782; x_wconf 86' lang='lat' dir='ltr'>priore</span> <span class='ocrx_word' id='word_1_132' title='bbox 1475 738 1665 784; x_wconf 88' lang='lat' dir='ltr'>coincidit,</span> <span class='ocrx_word' id='word_1_133' title='bbox 1705 738 1807 784; x_wconf 83' lang='lat' dir='ltr'>quasi</span> <span class='ocrx_word' id='word_1_134' title='bbox 1844 738 1940 776; x_wconf 78' lang='lat' dir='ltr'>dicat</span> 
     </span>
     <span class='ocr_line' id='line_1_13' title="bbox 101 788 1940 833; baseline 0.001 -9"><span class='ocrx_word' id='word_1_135' title='bbox 101 795 107 798; x_wconf 87' lang='grc'><em>“</em></span> <span class='ocrx_word' id='word_1_136' title='bbox 129 788 372 831; x_wconf 85' lang='lat' dir='ltr'>Ptolemaeus,</span> <span class='ocrx_word' id='word_1_137' title='bbox 398 788 518 833; x_wconf 83' lang='lat' dir='ltr'>detegi</span> <span class='ocrx_word' id='word_1_138' title='bbox 541 799 607 833; x_wconf 90' lang='lat' dir='ltr'>per</span> <span class='ocrx_word' id='word_1_139' title='bbox 631 789 828 833; x_wconf 86' lang='lat' dir='ltr'>rationem,</span> <span class='ocrx_word' id='word_1_140' title='bbox 855 788 984 833; x_wconf 88' lang='lat' dir='ltr'>quibus</span> <span class='ocrx_word' id='word_1_141' title='bbox 1010 788 1047 824; x_wconf 89' lang='lat' dir='ltr'>in</span> <span class='ocrx_word' id='word_1_142' title='bbox 1071 789 1179 824; x_wconf 83' lang='lat' dir='ltr'>rebus</span> <span class='ocrx_word' id='word_1_143' title='bbox 1207 789 1253 823; x_wconf 88' lang='lat' dir='ltr'>sit</span> <span class='ocrx_word' id='word_1_144' title='bbox 1279 790 1366 825; x_wconf 88' lang='lat' dir='ltr'>ordo</span> <span class='ocrx_word' id='word_1_145' title='bbox 1393 797 1428 826; x_wconf 92' lang='lat' dir='ltr'>et</span> <span class='ocrx_word' id='word_1_146' title='bbox 1454 802 1701 827; x_wconf 86' lang='lat' dir='ltr'>commensus:</span> <span class='ocrx_word' id='word_1_147' title='bbox 1727 792 1818 827; x_wconf 89' lang='lat' dir='ltr'>haec</span> <span class='ocrx_word' id='word_1_148' title='bbox 1843 795 1940 826; x_wconf 85' lang='lat' dir='ltr'>esset</span> 
     </span>
     <span class='ocr_line' id='line_1_14' title="bbox 131 841 1938 890; baseline 0 -13"><span class='ocrx_word' id='word_1_149' title='bbox 131 852 245 889; x_wconf 83' lang='lat' dir='ltr'>causa</span> <span class='ocrx_word' id='word_1_150' title='bbox 267 852 338 877; x_wconf 89' lang='lat' dir='ltr'>non</span> <span class='ocrx_word' id='word_1_151' title='bbox 364 841 564 886; x_wconf 87' lang='lat' dir='ltr'>existendi,</span> <span class='ocrx_word' id='word_1_152' title='bbox 591 841 655 877; x_wconf 90' lang='lat' dir='ltr'>sed</span> <span class='ocrx_word' id='word_1_153' title='bbox 680 841 919 886; x_wconf 80' lang='lat' dir='ltr'>agnoscendi3</span> <span class='ocrx_word' id='word_1_154' title='bbox 957 851 1075 885; x_wconf 87' lang='lat' dir='ltr'>neque</span> <span class='ocrx_word' id='word_1_155' title='bbox 1100 841 1144 877; x_wconf 87' lang='lat' dir='ltr'>de</span> <span class='ocrx_word' id='word_1_156' title='bbox 1170 842 1238 877; x_wconf 90' lang='lat' dir='ltr'>hoc</span> <span class='ocrx_word' id='word_1_157' title='bbox 1263 843 1489 887; x_wconf 88' lang='lat' dir='ltr'>potissimum</span> <span class='ocrx_word' id='word_1_158' title='bbox 1513 844 1674 890; x_wconf 85' lang='lat' dir='ltr'>loquitur</span> <span class='ocrx_word' id='word_1_159' title='bbox 1698 844 1938 880; x_wconf 78' lang='lat' dir='ltr'>Ptolemaeus.</span> 
     </span>
     <span class='ocr_line' id='line_1_15' title="bbox 131 893 1992 942; baseline 0.002 -13"><span class='ocrx_word' id='word_1_160' title='bbox 131 894 274 930; x_wconf 86' lang='lat' dir='ltr'>Tertius</span> <span class='ocrx_word' id='word_1_161' title='bbox 301 898 341 929; x_wconf 82' lang='lat' dir='ltr'>et</span> <span class='ocrx_word' id='word_1_162' title='bbox 359 895 529 940; x_wconf 85' lang='lat' dir='ltr'>proprius</span> <span class='ocrx_word' id='word_1_163' title='bbox 555 895 665 939; x_wconf 74' lang='lat' dir='ltr'>hujtis</span> <span class='ocrx_word' id='word_1_164' title='bbox 693 895 763 930; x_wconf 87' lang='lat' dir='ltr'>loci</span> <span class='ocrx_word' id='word_1_165' title='bbox 790 905 918 930; x_wconf 87' lang='lat' dir='ltr'>sensus</span> <span class='ocrx_word' id='word_1_166' title='bbox 946 900 1021 929; x_wconf 88' lang='lat' dir='ltr'>est:</span> <span class='ocrx_word' id='word_1_167' title='bbox 1062 895 1158 939; x_wconf 89' lang='lat' dir='ltr'>quod</span> <span class='ocrx_word' id='word_1_168' title='bbox 1195 896 1401 942; x_wconf 89' lang='lat' dir='ltr'>ubicunque</span> <span class='ocrx_word' id='word_1_169' title='bbox 1428 902 1483 932; x_wconf 76' lang='lat' dir='ltr'>est</span> <span class='ocrx_word' id='word_1_170' title='bbox 1517 898 1645 942; x_wconf 77' lang='lat' dir='ltr'>aliquis</span> <span class='ocrx_word' id='word_1_171' title='bbox 1671 898 1760 934; x_wconf 89' lang='lat' dir='ltr'>ordo</span> <span class='ocrx_word' id='word_1_172' title='bbox 1785 903 1821 934; x_wconf 90' lang='lat' dir='ltr'>et</span> <span class='ocrx_word' id='word_1_173' title='bbox 1845 908 1939 933; x_wconf 90' lang='lat' dir='ltr'>com·</span> <span class='ocrx_word' id='word_1_174' title='bbox 1987 893 1992 898; x_wconf 72' lang='grc'><em>’</em></span> 
     </span>
     <span class='ocr_line' id='line_1_16' title="bbox 130 943 1994 996; baseline -0.001 -10"><span class='ocrx_word' id='word_1_175' title='bbox 130 959 296 994; x_wconf 87' lang='lat' dir='ltr'>mensus,</span> <span class='ocrx_word' id='word_1_176' title='bbox 331 947 381 983; x_wconf 92' lang='lat' dir='ltr'>ibi</span> <span class='ocrx_word' id='word_1_177' title='bbox 405 948 581 984; x_wconf 87' lang='lat' dir='ltr'>rationem</span> <span class='ocrx_word' id='word_1_178' title='bbox 606 948 641 983; x_wconf 93' lang='lat' dir='ltr'>in</span> <span class='ocrx_word' id='word_1_179' title='bbox 668 959 775 993; x_wconf 89' lang='lat' dir='ltr'>opere</span> <span class='ocrx_word' id='word_1_180' title='bbox 801 949 914 983; x_wconf 84' lang='lat' dir='ltr'>fnisse</span> <span class='ocrx_word' id='word_1_181' title='bbox 942 949 1181 993; x_wconf 79' lang='lat' dir='ltr'>agnoscimus,</span> <span class='ocrx_word' id='word_1_182' title='bbox 1208 953 1248 984; x_wconf 89' lang='lat' dir='ltr'>ut</span> <span class='ocrx_word' id='word_1_183' title='bbox 1274 949 1317 984; x_wconf 91' lang='lat' dir='ltr'>de</span> <span class='ocrx_word' id='word_1_184' title='bbox 1344 949 1473 994; x_wconf 86' lang='lat' dir='ltr'>opifice</span> <span class='ocrx_word' id='word_1_185' title='bbox 1497 954 1651 987; x_wconf 81' lang='lat' dir='ltr'>testetur</span> <span class='ocrx_word' id='word_1_186' title='bbox 1675 960 1777 996; x_wconf 90' lang='lat' dir='ltr'>opus.</span> <span class='ocrx_word' id='word_1_187' title='bbox 1825 949 1941 996; x_wconf 85' lang='lat' dir='ltr'>Igitur</span> <span class='ocrx_word' id='word_1_188' title='bbox 1992 943 1994 947; x_wconf 76' lang='lat'>&#39;</span> 
     </span>
     <span class='ocr_line' id='line_1_17' title="bbox 130 1001 1932 1048; baseline -0.001 -9"><span class='ocrx_word' id='word_1_189' title='bbox 130 1004 220 1039; x_wconf 87' lang='lat' dir='ltr'>haec</span> <span class='ocrx_word' id='word_1_190' title='bbox 245 1001 424 1048; x_wconf 86' lang='lat' dir='ltr'>generalis</span> <span class='ocrx_word' id='word_1_191' title='bbox 450 1001 611 1037; x_wconf 87' lang='lat' dir='ltr'>causatio</span> <span class='ocrx_word' id='word_1_192' title='bbox 649 1001 798 1036; x_wconf 84' lang='lat' dir='ltr'>rationis</span> <span class='ocrx_word' id='word_1_193' title='bbox 825 1006 989 1044; x_wconf 82' lang='lat' dir='ltr'>vergeret</span> <span class='ocrx_word' id='word_1_194' title='bbox 1015 1001 1061 1036; x_wconf 89' lang='lat' dir='ltr'>ad</span> <span class='ocrx_word' id='word_1_195' title='bbox 1099 1001 1296 1036; x_wconf 85' lang='lat' dir='ltr'>secundum</span> <span class='ocrx_word' id='word_1_196' title='bbox 1324 1013 1367 1036; x_wconf 86' lang='lat' dir='ltr'>ex</span> <span class='ocrx_word' id='word_1_197' title='bbox 1393 1002 1507 1038; x_wconf 87' lang='lat' dir='ltr'>tribus</span> <span class='ocrx_word' id='word_1_198' title='bbox 1532 1002 1751 1038; x_wconf 82' lang='lat' dir='ltr'>causationis</span> <span class='ocrx_word' id='word_1_199' title='bbox 1776 1002 1932 1047; x_wconf 88' lang='lat' dir='ltr'>modum,</span> 
     </span>
     <span class='ocr_line' id='line_1_18' title="bbox 132 1056 435 1101; baseline -0.01 -10"><span class='ocrx_word' id='word_1_200' title='bbox 132 1056 193 1101; x_wconf 88' lang='lat' dir='ltr'>qui</span> <span class='ocrx_word' id='word_1_201' title='bbox 219 1060 275 1096; x_wconf 79' lang='lat' dir='ltr'>est</span> <span class='ocrx_word' id='word_1_202' title='bbox 299 1059 340 1090; x_wconf 88' lang='lat' dir='ltr'>ut</span> <span class='ocrx_word' id='word_1_203' title='bbox 363 1065 435 1089; x_wconf 86' lang='lat' dir='ltr'>ars.</span> 
     </span>
    </p>

    <p class='ocr_par' dir='ltr' id='par_1_4' title="bbox 129 1105 1984 1619">
     <span class='ocr_line' id='line_1_19' title="bbox 248 1105 1938 1154; baseline 0.001 -12"><span class='ocrx_word' id='word_1_204' title='bbox 248 1107 429 1154; x_wconf 86' lang='lat' dir='ltr'>Speciale,</span> <span class='ocrx_word' id='word_1_205' title='bbox 473 1107 569 1152; x_wconf 89' lang='lat' dir='ltr'>quod</span> <span class='ocrx_word' id='word_1_206' title='bbox 603 1105 733 1141; x_wconf 86' lang='lat' dir='ltr'>rationi</span> <span class='ocrx_word' id='word_1_207' title='bbox 758 1105 899 1150; x_wconf 87' lang='lat' dir='ltr'>tribuit,</span> <span class='ocrx_word' id='word_1_208' title='bbox 938 1111 993 1142; x_wconf 88' lang='lat' dir='ltr'>est</span> <span class='ocrx_word' id='word_1_209' title='bbox 1019 1105 1170 1141; x_wconf 85' lang='lat' dir='ltr'>scientia</span> <span class='ocrx_word' id='word_1_210' title='bbox 1196 1111 1231 1141; x_wconf 89' lang='lat' dir='ltr'>et</span> <span class='ocrx_word' id='word_1_211' title='bbox 1255 1117 1314 1142; x_wconf 91' lang='lat' dir='ltr'>ars</span> <span class='ocrx_word' id='word_1_212' title='bbox 1339 1106 1565 1152; x_wconf 80' lang='lat' dir='ltr'>harmonica3</span> <span class='ocrx_word' id='word_1_213' title='bbox 1602 1106 1671 1143; x_wconf 85' lang='lat' dir='ltr'>hoc</span> <span class='ocrx_word' id='word_1_214' title='bbox 1695 1107 1856 1153; x_wconf 88' lang='lat' dir='ltr'>appellat</span> <span class='ocrx_word' id='word_1_215' title='bbox 1879 1107 1938 1143; x_wconf 92' lang='lat' dir='ltr'>hic</span> 
     </span>
     <span class='ocr_line' id='line_1_20' title="bbox 131 1154 1949 1200; baseline -0.001 -3"><span class='ocrx_word' id='word_1_216' title='bbox 131 1166 258 1197; x_wconf 87' lang='lat' dir='ltr'>auctor</span> <span class='ocrx_word' id='word_1_217' title='bbox 282 1160 510 1196; x_wconf 89' lang='lat' dir='ltr'>rationem</span> <span class='ocrx_word' id='word_1_218' title='bbox 534 1154 866 1200; x_wconf 82' lang='lat' dir='ltr'>harmonicam,</span> <span class='ocrx_word' id='word_1_219' title='bbox 891 1158 927 1194; x_wconf 91' lang='lat' dir='ltr'>id</span> <span class='ocrx_word' id='word_1_220' title='bbox 953 1163 1009 1194; x_wconf 86' lang='lat' dir='ltr'>est</span> <span class='ocrx_word' id='word_1_221' title='bbox 1026 1158 1186 1194; x_wconf 87' lang='lat' dir='ltr'>habitum</span> <span class='ocrx_word' id='word_1_222' title='bbox 1204 1159 1346 1200; x_wconf 90' lang='lat' dir='ltr'>mentis,</span> <span class='ocrx_word' id='word_1_223' title='bbox 1371 1165 1575 1195; x_wconf 81' lang='lat' dir='ltr'>versantem</span> <span class='ocrx_word' id='word_1_224' title='bbox 1600 1160 1695 1196; x_wconf 84' lang='lat' dir='ltr'>circa.</span> <span class='ocrx_word' id='word_1_225' title='bbox 1720 1160 1949 1196; x_wconf 53' lang='lat' dir='ltr'>harmonias.»</span> 
     </span>
     <span class='ocr_line' id='line_1_21' title="bbox 130 1211 1984 1258; baseline -0.001 -9"><span class='ocrx_word' id='word_1_226' title='bbox 130 1215 223 1250; x_wconf 88' lang='lat' dir='ltr'>Eam</span> <span class='ocrx_word' id='word_1_227' title='bbox 248 1213 405 1249; x_wconf 87' lang='lat' dir='ltr'>affirmat</span> <span class='ocrx_word' id='word_1_228' title='bbox 429 1213 612 1248; x_wconf 80' lang='lat' dir='ltr'>auctorem</span> <span class='ocrx_word' id='word_1_229' title='bbox 640 1222 721 1246; x_wconf 90' lang='lat' dir='ltr'>esse</span> <span class='ocrx_word' id='word_1_230' title='bbox 747 1221 972 1246; x_wconf 86' lang='lat' dir='ltr'>commensus</span> <span class='ocrx_word' id='word_1_231' title='bbox 999 1211 1034 1246; x_wconf 91' lang='lat' dir='ltr'>in</span> <span class='ocrx_word' id='word_1_232' title='bbox 1061 1211 1297 1257; x_wconf 59' lang='lat' dir='ltr'>audibilibms3</span> <span class='ocrx_word' id='word_1_233' title='bbox 1322 1211 1485 1256; x_wconf 90' lang='lat' dir='ltr'>loquitur</span> <span class='ocrx_word' id='word_1_234' title='bbox 1509 1211 1619 1257; x_wconf 84' lang='lat' dir='ltr'>igitur</span> <span class='ocrx_word' id='word_1_235' title='bbox 1643 1213 1869 1258; x_wconf 85' lang='lat' dir='ltr'>potissimum</span> <span class='ocrx_word' id='word_1_236' title='bbox 1895 1213 1939 1248; x_wconf 87' lang='lat' dir='ltr'>de</span> <span class='ocrx_word' id='word_1_237' title='bbox 1980 1239 1984 1243; x_wconf 86' lang='lat'>.</span> 
     </span>
     <span class='ocr_line' id='line_1_22' title="bbox 130 1262 1938 1311; baseline -0.001 -9"><span class='ocrx_word' id='word_1_238' title='bbox 130 1262 208 1302; x_wconf 69' lang='lat' dir='ltr'>arte</span> <span class='ocrx_word' id='word_1_239' title='bbox 234 1266 393 1311; x_wconf 85' lang='lat' dir='ltr'>musica,</span> <span class='ocrx_word' id='word_1_240' title='bbox 431 1270 471 1301; x_wconf 94' lang='lat' dir='ltr'>ut</span> <span class='ocrx_word' id='word_1_241' title='bbox 494 1265 607 1310; x_wconf 87' lang='lat' dir='ltr'>prius.</span> <span class='ocrx_word' id='word_1_242' title='bbox 657 1264 927 1309; x_wconf 87' lang='lat' dir='ltr'>Imaginativam</span> <span class='ocrx_word' id='word_1_243' title='bbox 953 1264 1128 1299; x_wconf 81' lang='lat' dir='ltr'>rationem</span> <span class='ocrx_word' id='word_1_244' title='bbox 1157 1265 1206 1300; x_wconf 88' lang='lat' dir='ltr'>ait</span> <span class='ocrx_word' id='word_1_245' title='bbox 1232 1274 1312 1299; x_wconf 90' lang='lat' dir='ltr'>esse</span> <span class='ocrx_word' id='word_1_246' title='bbox 1338 1275 1482 1300; x_wconf 86' lang='lat' dir='ltr'>causam</span> <span class='ocrx_word' id='word_1_247' title='bbox 1508 1275 1733 1302; x_wconf 84' lang='lat' dir='ltr'>commensus</span> <span class='ocrx_word' id='word_1_248' title='bbox 1757 1265 1794 1300; x_wconf 89' lang='lat' dir='ltr'>in</span> <span class='ocrx_word' id='word_1_249' title='bbox 1819 1264 1938 1300; x_wconf 82' lang='lat' dir='ltr'>visibi-</span> 
     </span>
     <span class='ocr_line' id='line_1_23' title="bbox 129 1317 1938 1365; baseline -0.001 -11"><span class='ocrx_word' id='word_1_250' title='bbox 129 1319 225 1357; x_wconf 89' lang='lat' dir='ltr'>libus</span> <span class='ocrx_word' id='word_1_251' title='bbox 234 1332 243 1365; x_wconf 89' lang='lat'>;</span> <span class='ocrx_word' id='word_1_252' title='bbox 280 1320 379 1355; x_wconf 86' lang='lat' dir='ltr'>verbi</span> <span class='ocrx_word' id='word_1_253' title='bbox 405 1330 532 1363; x_wconf 86' lang='lat' dir='ltr'>causa,</span> <span class='ocrx_word' id='word_1_254' title='bbox 569 1329 628 1354; x_wconf 89' lang='lat' dir='ltr'>ars</span> <span class='ocrx_word' id='word_1_255' title='bbox 653 1318 807 1364; x_wconf 85' lang='lat' dir='ltr'>pictoria</span> <span class='ocrx_word' id='word_1_256' title='bbox 831 1318 1101 1363; x_wconf 86' lang='lat' dir='ltr'>proportionem</span> <span class='ocrx_word' id='word_1_257' title='bbox 1128 1318 1297 1353; x_wconf 89' lang='lat' dir='ltr'>conciliat</span> <span class='ocrx_word' id='word_1_258' title='bbox 1320 1318 1484 1363; x_wconf 89' lang='lat' dir='ltr'>picturis,</span> <span class='ocrx_word' id='word_1_259' title='bbox 1510 1317 1790 1354; x_wconf 83' lang='lat' dir='ltr'>architectonica</span> <span class='ocrx_word' id='word_1_260' title='bbox 1813 1317 1938 1354; x_wconf 79' lang='lat' dir='ltr'>aedifi-</span> 
     </span>
     <span class='ocr_line' id='line_1_24' title="bbox 131 1369 1938 1416; baseline -0.002 -7"><span class='ocrx_word' id='word_1_261' title='bbox 131 1374 194 1410; x_wconf 87' lang='lat' dir='ltr'>ciis</span> <span class='ocrx_word' id='word_1_262' title='bbox 220 1377 288 1409; x_wconf 92' lang='lat' dir='ltr'>etc.</span> <span class='ocrx_word' id='word_1_263' title='bbox 336 1373 413 1407; x_wconf 89' lang='lat' dir='ltr'>Has</span> <span class='ocrx_word' id='word_1_264' title='bbox 438 1377 475 1406; x_wconf 89' lang='lat' dir='ltr'>et</span> <span class='ocrx_word' id='word_1_265' title='bbox 500 1371 634 1411; x_wconf 85' lang='lat' dir='ltr'>similes</span> <span class='ocrx_word' id='word_1_266' title='bbox 660 1375 756 1406; x_wconf 86' lang='lat' dir='ltr'>artes</span> <span class='ocrx_word' id='word_1_267' title='bbox 782 1371 942 1415; x_wconf 85' lang='lat' dir='ltr'>generali</span> <span class='ocrx_word' id='word_1_268' title='bbox 964 1381 1053 1406; x_wconf 84' lang='lat' dir='ltr'>voce</span> <span class='ocrx_word' id='word_1_269' title='bbox 1086 1371 1337 1415; x_wconf 84' lang='lat' dir='ltr'>imaginativae</span> <span class='ocrx_word' id='word_1_270' title='bbox 1367 1371 1518 1406; x_wconf 85' lang='lat' dir='ltr'>rationis</span> <span class='ocrx_word' id='word_1_271' title='bbox 1543 1369 1826 1416; x_wconf 86' lang='lat' dir='ltr'>comprehendit.</span> <span class='ocrx_word' id='word_1_272' title='bbox 1874 1369 1938 1405; x_wconf 92' lang='lat' dir='ltr'>Ju-</span> 
     </span>
     <span class='ocr_line' id='line_1_25' title="bbox 131 1421 1975 1468; baseline -0.003 -5"><span class='ocrx_word' id='word_1_273' title='bbox 131 1426 342 1463; x_wconf 86' lang='lat' dir='ltr'>dicatoriam</span> <span class='ocrx_word' id='word_1_274' title='bbox 378 1424 557 1460; x_wconf 89' lang='lat' dir='ltr'>rationem</span> <span class='ocrx_word' id='word_1_275' title='bbox 590 1423 677 1460; x_wconf 84' lang='lat' dir='ltr'>facit</span> <span class='ocrx_word' id='word_1_276' title='bbox 713 1429 897 1466; x_wconf 79' lang='lat' dir='ltr'>auctorem</span> <span class='ocrx_word' id='word_1_277' title='bbox 923 1422 1058 1458; x_wconf 90' lang='lat' dir='ltr'>ordinis</span> <span class='ocrx_word' id='word_1_278' title='bbox 1084 1427 1120 1457; x_wconf 92' lang='lat' dir='ltr'>et</span> <span class='ocrx_word' id='word_1_279' title='bbox 1150 1422 1395 1468; x_wconf 88' lang='lat' dir='ltr'>proportionis</span> <span class='ocrx_word' id='word_1_280' title='bbox 1421 1424 1458 1459; x_wconf 88' lang='lat' dir='ltr'>in</span> <span class='ocrx_word' id='word_1_281' title='bbox 1482 1423 1762 1468; x_wconf 87' lang='lat' dir='ltr'>intelligibilium</span> <span class='ocrx_word' id='word_1_282' title='bbox 1787 1421 1975 1468; x_wconf 67' lang='lat' dir='ltr'>genere;&#39;&#39;</span> 
     </span>
     <span class='ocr_line' id='line_1_26' title="bbox 130 1475 1940 1524; baseline -0.002 -10"><span class='ocrx_word' id='word_1_283' title='bbox 130 1478 231 1515; x_wconf 89' lang='lat' dir='ltr'>verbi</span> <span class='ocrx_word' id='word_1_284' title='bbox 255 1488 383 1524; x_wconf 84' lang='lat' dir='ltr'>causa,</span> <span class='ocrx_word' id='word_1_285' title='bbox 422 1488 480 1513; x_wconf 89' lang='lat' dir='ltr'>ars</span> <span class='ocrx_word' id='word_1_286' title='bbox 505 1476 688 1512; x_wconf 88' lang='lat' dir='ltr'>rhetorica</span> <span class='ocrx_word' id='word_1_287' title='bbox 714 1477 805 1511; x_wconf 89' lang='lat' dir='ltr'>bene</span> <span class='ocrx_word' id='word_1_288' title='bbox 832 1476 991 1520; x_wconf 85' lang='lat' dir='ltr'>disponit</span> <span class='ocrx_word' id='word_1_289' title='bbox 1026 1480 1148 1520; x_wconf 88' lang='lat' dir='ltr'>partes</span> <span class='ocrx_word' id='word_1_290' title='bbox 1174 1476 1365 1520; x_wconf 84' lang='lat' dir='ltr'>orationis,</span> <span class='ocrx_word' id='word_1_291' title='bbox 1403 1481 1439 1512; x_wconf 92' lang='lat' dir='ltr'>et</span> <span class='ocrx_word' id='word_1_292' title='bbox 1462 1482 1572 1522; x_wconf 85' lang='lat' dir='ltr'>prout</span> <span class='ocrx_word' id='word_1_293' title='bbox 1595 1486 1725 1520; x_wconf 82' lang='lat' dir='ltr'>magna</span> <span class='ocrx_word' id='word_1_294' title='bbox 1749 1475 1805 1512; x_wconf 87' lang='lat' dir='ltr'>vel</span> <span class='ocrx_word' id='word_1_295' title='bbox 1828 1485 1940 1520; x_wconf 85' lang='lat' dir='ltr'>parva</span> 
     </span>
     <span class='ocr_line' id='line_1_27' title="bbox 130 1526 1940 1575; baseline -0.003 -8"><span class='ocrx_word' id='word_1_296' title='bbox 130 1542 189 1568; x_wconf 87' lang='lat' dir='ltr'>res</span> <span class='ocrx_word' id='word_1_297' title='bbox 215 1535 291 1575; x_wconf 90' lang='lat' dir='ltr'>est,</span> <span class='ocrx_word' id='word_1_298' title='bbox 329 1530 455 1575; x_wconf 86' lang='lat' dir='ltr'>grandi</span> <span class='ocrx_word' id='word_1_299' title='bbox 493 1530 601 1565; x_wconf 85' lang='lat' dir='ltr'>etiam</span> <span class='ocrx_word' id='word_1_300' title='bbox 624 1529 679 1564; x_wconf 77' lang='lat' dir='ltr'>vel</span> <span class='ocrx_word' id='word_1_301' title='bbox 707 1528 830 1564; x_wconf 87' lang='lat' dir='ltr'>humili</span> <span class='ocrx_word' id='word_1_302' title='bbox 856 1529 1026 1563; x_wconf 87' lang='lat' dir='ltr'>orationis</span> <span class='ocrx_word' id='word_1_303' title='bbox 1059 1528 1172 1564; x_wconf 89' lang='lat' dir='ltr'>utitur</span> <span class='ocrx_word' id='word_1_304' title='bbox 1209 1539 1363 1573; x_wconf 87' lang='lat' dir='ltr'>genere,</span> <span class='ocrx_word' id='word_1_305' title='bbox 1401 1529 1515 1564; x_wconf 85' lang='lat' dir='ltr'>multa</span> <span class='ocrx_word' id='word_1_306' title='bbox 1539 1528 1595 1564; x_wconf 88' lang='lat' dir='ltr'>vel</span> <span class='ocrx_word' id='word_1_307' title='bbox 1621 1539 1738 1574; x_wconf 86' lang='lat' dir='ltr'>pauca.</span> <span class='ocrx_word' id='word_1_308' title='bbox 1760 1529 1870 1564; x_wconf 85' lang='lat' dir='ltr'>verba</span> <span class='ocrx_word' id='word_1_309' title='bbox 1894 1526 1940 1562; x_wconf 88' lang='lat' dir='ltr'>de</span> 
     </span>
     <span class='ocr_line' id='line_1_28' title="bbox 132 1583 293 1619; baseline 0 0"><span class='ocrx_word' id='word_1_310' title='bbox 132 1594 175 1619; x_wconf 87' lang='lat' dir='ltr'>ea</span> <span class='ocrx_word' id='word_1_311' title='bbox 194 1583 293 1619; x_wconf 89' lang='lat' dir='ltr'>facit.</span> 
     </span>
    </p>

    <p class='ocr_par' dir='ltr' id='par_1_5' title="bbox 130 1633 1994 1890">
     <span class='ocr_line' id='line_1_29' title="bbox 224 1633 1939 1679; baseline -0.002 -6"><span class='ocrx_word' id='word_1_312' title='bbox 224 1637 321 1674; x_wconf 88' lang='lat' dir='ltr'>Nota</span> <span class='ocrx_word' id='word_1_313' title='bbox 344 1635 443 1672; x_wconf 89' lang='lat' dir='ltr'>XVI.</span> <span class='ocrx_word' id='word_1_314' title='bbox 492 1635 562 1669; x_wconf 89' lang='lat' dir='ltr'>Ars</span> <span class='ocrx_word' id='word_1_315' title='bbox 588 1634 796 1669; x_wconf 86' lang='lat' dir='ltr'>harmonica</span> <span class='ocrx_word' id='word_1_316' title='bbox 821 1643 885 1668; x_wconf 87' lang='lat' dir='ltr'>seu</span> <span class='ocrx_word' id='word_1_317' title='bbox 910 1634 1046 1669; x_wconf 88' lang='lat' dir='ltr'>musica</span> <span class='ocrx_word' id='word_1_318' title='bbox 1071 1633 1258 1679; x_wconf 89' lang='lat' dir='ltr'>proprium</span> <span class='ocrx_word' id='word_1_319' title='bbox 1282 1634 1486 1679; x_wconf 86' lang='lat' dir='ltr'>subjectum</span> <span class='ocrx_word' id='word_1_320' title='bbox 1510 1635 1629 1676; x_wconf 88' lang='lat' dir='ltr'>habet,</span> <span class='ocrx_word' id='word_1_321' title='bbox 1653 1634 1843 1671; x_wconf 87' lang='lat' dir='ltr'>intervalla</span> <span class='ocrx_word' id='word_1_322' title='bbox 1865 1644 1939 1670; x_wconf 89' lang='lat' dir='ltr'>non</span> 
     </span>
     <span class='ocr_line' id='line_1_30' title="bbox 131 1685 1994 1738; baseline -0.003 -11"><span class='ocrx_word' id='word_1_323' title='bbox 131 1691 413 1738; x_wconf 81' lang='lat' dir='ltr'>qualiacunque,</span> <span class='ocrx_word' id='word_1_324' title='bbox 446 1687 510 1723; x_wconf 85' lang='lat' dir='ltr'>sed</span> <span class='ocrx_word' id='word_1_325' title='bbox 534 1687 671 1722; x_wconf 85' lang='lat' dir='ltr'>musica</span> <span class='ocrx_word' id='word_1_326' title='bbox 695 1686 884 1731; x_wconf 88' lang='lat' dir='ltr'>(concinna</span> <span class='ocrx_word' id='word_1_327' title='bbox 910 1685 1108 1730; x_wconf 82' lang='lat' dir='ltr'>dicuntur).</span> <span class='ocrx_word' id='word_1_328' title='bbox 1142 1686 1281 1723; x_wconf 89' lang='lat' dir='ltr'>seilicet</span> <span class='ocrx_word' id='word_1_329' title='bbox 1305 1687 1385 1731; x_wconf 88' lang='lat' dir='ltr'>illa,</span> <span class='ocrx_word' id='word_1_330' title='bbox 1419 1697 1511 1732; x_wconf 87' lang='lat' dir='ltr'>quae</span> <span class='ocrx_word' id='word_1_331' title='bbox 1535 1686 1767 1723; x_wconf 88' lang='lat' dir='ltr'>continentur</span> <span class='ocrx_word' id='word_1_332' title='bbox 1790 1685 1939 1723; x_wconf 84' lang='lat' dir='ltr'>vocibus</span> <span class='ocrx_word' id='word_1_333' title='bbox 1992 1699 1994 1728; x_wconf 84' lang='lat' dir='ltr'><strong>j</strong></span> 
     </span>
     <span class='ocr_line' id='line_1_31' title="bbox 130 1738 1994 1789; baseline -0.003 -10"><span class='ocrx_word' id='word_1_334' title='bbox 130 1749 191 1789; x_wconf 83' lang='lat' dir='ltr'>ut,</span> <span class='ocrx_word' id='word_1_335' title='bbox 215 1754 271 1787; x_wconf 82' lang='lat' dir='ltr'>re,</span> <span class='ocrx_word' id='word_1_336' title='bbox 297 1743 361 1786; x_wconf 81' lang='lat' dir='ltr'>mi,</span> <span class='ocrx_word' id='word_1_337' title='bbox 384 1742 446 1786; x_wconf 77' lang='lat' dir='ltr'>fa,</span> <span class='ocrx_word' id='word_1_338' title='bbox 473 1741 546 1784; x_wconf 79' lang='lat' dir='ltr'>sol,</span> <span class='ocrx_word' id='word_1_339' title='bbox 573 1741 610 1775; x_wconf 87' lang='lat' dir='ltr'>la</span> <span class='ocrx_word' id='word_1_340' title='bbox 641 1740 889 1775; x_wconf 86' lang='lat' dir='ltr'>denominatis.</span> <span class='ocrx_word' id='word_1_341' title='bbox 940 1740 982 1774; x_wconf 94' lang='lat' dir='ltr'>In</span> <span class='ocrx_word' id='word_1_342' title='bbox 1009 1739 1073 1774; x_wconf 89' lang='lat' dir='ltr'>has</span> <span class='ocrx_word' id='word_1_343' title='bbox 1098 1750 1205 1775; x_wconf 87' lang='lat' dir='ltr'>voces</span> <span class='ocrx_word' id='word_1_344' title='bbox 1243 1741 1381 1775; x_wconf 86' lang='lat' dir='ltr'>varium</span> <span class='ocrx_word' id='word_1_345' title='bbox 1414 1745 1450 1775; x_wconf 86' lang='lat' dir='ltr'>et</span> <span class='ocrx_word' id='word_1_346' title='bbox 1486 1739 1718 1784; x_wconf 81' lang='lat' dir='ltr'>multiplicem</span> <span class='ocrx_word' id='word_1_347' title='bbox 1743 1738 1939 1774; x_wconf 87' lang='lat' dir='ltr'>introducit</span> <span class='ocrx_word' id='word_1_348' title='bbox 1992 1738 1994 1781; x_wconf 80' lang='grc' dir='ltr'>Ι</span> 
     </span>
     <span class='ocr_line' id='line_1_32' title="bbox 131 1786 1994 1840; baseline -0.003 -8"><span class='ocrx_word' id='word_1_349' title='bbox 131 1795 308 1840; x_wconf 85' lang='lat' dir='ltr'>ordinem,</span> <span class='ocrx_word' id='word_1_350' title='bbox 332 1803 485 1839; x_wconf 88' lang='lat' dir='ltr'>quorum</span> <span class='ocrx_word' id='word_1_351' title='bbox 509 1792 660 1838; x_wconf 88' lang='lat' dir='ltr'>quilibet</span> <span class='ocrx_word' id='word_1_352' title='bbox 686 1793 874 1828; x_wconf 87' lang='lat' dir='ltr'>constituit</span> <span class='ocrx_word' id='word_1_353' title='bbox 898 1792 1117 1838; x_wconf 80' lang='lat' dir='ltr'>peculiarem</span> <span class='ocrx_word' id='word_1_354' title='bbox 1145 1792 1369 1828; x_wconf 84' lang='lat' dir='ltr'>cantilenam.</span> <span class='ocrx_word' id='word_1_355' title='bbox 1407 1793 1588 1837; x_wconf 85' lang='lat' dir='ltr'>Loquitur</span> <span class='ocrx_word' id='word_1_356' title='bbox 1613 1793 1714 1829; x_wconf 78' lang='lat' dir='ltr'>enim</span> <span class='ocrx_word' id='word_1_357' title='bbox 1732 1792 1776 1827; x_wconf 91' lang='lat' dir='ltr'>de</span> <span class='ocrx_word' id='word_1_358' title='bbox 1801 1792 1939 1827; x_wconf 83' lang='lat' dir='ltr'>musica</span> <span class='ocrx_word' id='word_1_359' title='bbox 1969 1786 1994 1815; x_wconf 71' lang='grc' dir='ltr'>Ἰ</span> 
     </span>
     <span class='ocr_line' id='line_1_33' title="bbox 130 1845 1428 1890; baseline -0.004 -7"><span class='ocrx_word' id='word_1_360' title='bbox 130 1852 294 1884; x_wconf 84' lang='lat' dir='ltr'>veterum</span> <span class='ocrx_word' id='word_1_361' title='bbox 318 1857 384 1881; x_wconf 89' lang='lat' dir='ltr'>seu</span> <span class='ocrx_word' id='word_1_362' title='bbox 409 1845 454 1881; x_wconf 91' lang='lat' dir='ltr'>de</span> <span class='ocrx_word' id='word_1_363' title='bbox 478 1845 666 1889; x_wconf 88' lang='lat' dir='ltr'>monodiis,</span> <span class='ocrx_word' id='word_1_364' title='bbox 694 1846 821 1890; x_wconf 85' lang='lat' dir='ltr'>quales</span> <span class='ocrx_word' id='word_1_365' title='bbox 848 1850 933 1880; x_wconf 89' lang='lat' dir='ltr'>sunt</span> <span class='ocrx_word' id='word_1_366' title='bbox 959 1850 1086 1881; x_wconf 85' lang='lat' dir='ltr'>cantus</span> <span class='ocrx_word' id='word_1_367' title='bbox 1113 1845 1227 1880; x_wconf 88' lang='lat' dir='ltr'>nostri</span> <span class='ocrx_word' id='word_1_368' title='bbox 1253 1845 1428 1881; x_wconf 89' lang='lat' dir='ltr'>chorales.</span> 
     </span>
    </p>
   </div>
   <div class='ocr_carea' id='block_1_4' title="bbox 247 1904 1939 1950">
    <p class='ocr_par' dir='ltr' id='par_1_6' title="bbox 247 1904 1939 1950">
     <span class='ocr_line' id='line_1_34' title="bbox 247 1904 1939 1950; baseline -0.002 -8"><span class='ocrx_word' id='word_1_369' title='bbox 247 1908 344 1943; x_wconf 88' lang='lat' dir='ltr'>Nota</span> <span class='ocrx_word' id='word_1_370' title='bbox 366 1906 481 1941; x_wconf 90' lang='lat' dir='ltr'>XVII.</span> <span class='ocrx_word' id='word_1_371' title='bbox 532 1905 618 1940; x_wconf 85' lang='lat' dir='ltr'>Tria</span> <span class='ocrx_word' id='word_1_372' title='bbox 642 1909 726 1939; x_wconf 88' lang='lat' dir='ltr'>sunt</span> <span class='ocrx_word' id='word_1_373' title='bbox 752 1904 788 1939; x_wconf 92' lang='lat' dir='ltr'>in</span> <span class='ocrx_word' id='word_1_374' title='bbox 814 1904 998 1944; x_wconf 83' lang='lat' dir='ltr'>facultate,</span> <span class='ocrx_word' id='word_1_375' title='bbox 1025 1914 1090 1938; x_wconf 90' lang='lat' dir='ltr'>seu</span> <span class='ocrx_word' id='word_1_376' title='bbox 1117 1909 1158 1938; x_wconf 90' lang='lat' dir='ltr'>ut</span> <span class='ocrx_word' id='word_1_377' title='bbox 1182 1904 1411 1939; x_wconf 84' lang='lat' dir='ltr'>Ptolemaeus</span> <span class='ocrx_word' id='word_1_378' title='bbox 1439 1904 1608 1950; x_wconf 87' lang='lat' dir='ltr'>loquitur,</span> <span class='ocrx_word' id='word_1_379' title='bbox 1635 1905 1774 1942; x_wconf 85' lang='lat' dir='ltr'>ratione</span> <span class='ocrx_word' id='word_1_380' title='bbox 1797 1904 1939 1939; x_wconf 85' lang='lat' dir='ltr'>harmo—</span> 
     </span>
    </p>
   </div>
   <div class='ocr_carea' id='block_1_5' title="bbox 132 2009 1987 3160">
    <p class='ocr_par' dir='ltr' id='par_1_7' title="bbox 132 2009 1987 2579">
     <span class='ocr_line' id='line_1_35' title="bbox 132 2009 1938 2059; baseline -0.003 -10"><span class='ocrx_word' id='word_1_381' title='bbox 132 2013 331 2059; x_wconf 88' lang='lat' dir='ltr'>speculatio</span> <span class='ocrx_word' id='word_1_382' title='bbox 355 2011 449 2047; x_wconf 88' lang='lat' dir='ltr'>intra</span> <span class='ocrx_word' id='word_1_383' title='bbox 473 2022 512 2046; x_wconf 91' lang='lat' dir='ltr'>se</span> <span class='ocrx_word' id='word_1_384' title='bbox 536 2011 652 2056; x_wconf 87' lang='lat' dir='ltr'>ipsam</span> <span class='ocrx_word' id='word_1_385' title='bbox 678 2009 839 2053; x_wconf 87' lang='lat' dir='ltr'>vertitur,</span> <span class='ocrx_word' id='word_1_386' title='bbox 866 2009 1030 2054; x_wconf 87' lang='lat' dir='ltr'>operatio</span> <span class='ocrx_word' id='word_1_387' title='bbox 1057 2009 1263 2044; x_wconf 84' lang='lat' dir='ltr'>harmonias</span> <span class='ocrx_word' id='word_1_388' title='bbox 1289 2014 1482 2054; x_wconf 84' lang='lat' dir='ltr'>conceptas</span> <span class='ocrx_word' id='word_1_389' title='bbox 1509 2009 1595 2045; x_wconf 88' lang='lat' dir='ltr'>foris</span> <span class='ocrx_word' id='word_1_390' title='bbox 1623 2009 1792 2054; x_wconf 81' lang='lat' dir='ltr'>exprimit</span> <span class='ocrx_word' id='word_1_391' title='bbox 1817 2013 1853 2044; x_wconf 90' lang='lat' dir='ltr'>et</span> <span class='ocrx_word' id='word_1_392' title='bbox 1877 2019 1938 2044; x_wconf 88' lang='lat' dir='ltr'>au-</span> 
     </span>
     <span class='ocr_line' id='line_1_36' title="bbox 132 2060 1961 2110; baseline -0.003 -9"><span class='ocrx_word' id='word_1_393' title='bbox 132 2065 224 2102; x_wconf 91' lang='lat' dir='ltr'>ditui</span> <span class='ocrx_word' id='word_1_394' title='bbox 249 2064 415 2110; x_wconf 86' lang='lat' dir='ltr'>exponit,</span> <span class='ocrx_word' id='word_1_395' title='bbox 443 2062 654 2098; x_wconf 82' lang='lat' dir='ltr'>exercitatio</span> <span class='ocrx_word' id='word_1_396' title='bbox 679 2062 773 2097; x_wconf 89' lang='lat' dir='ltr'>idem</span> <span class='ocrx_word' id='word_1_397' title='bbox 798 2061 901 2106; x_wconf 82' lang='lat' dir='ltr'>facit,</span> <span class='ocrx_word' id='word_1_398' title='bbox 928 2060 992 2095; x_wconf 88' lang='lat' dir='ltr'>sed</span> <span class='ocrx_word' id='word_1_399' title='bbox 1017 2071 1098 2095; x_wconf 91' lang='lat' dir='ltr'>cum</span> <span class='ocrx_word' id='word_1_400' title='bbox 1123 2061 1191 2096; x_wconf 84' lang='lat' dir='ltr'>hac</span> <span class='ocrx_word' id='word_1_401' title='bbox 1215 2061 1461 2106; x_wconf 86' lang='lat' dir='ltr'>distinctione,</span> <span class='ocrx_word' id='word_1_402' title='bbox 1489 2062 1586 2106; x_wconf 90' lang='lat' dir='ltr'>quod</span> <span class='ocrx_word' id='word_1_403' title='bbox 1611 2061 1773 2106; x_wconf 88' lang='lat' dir='ltr'>operatio</span> <span class='ocrx_word' id='word_1_404' title='bbox 1799 2071 1844 2096; x_wconf 87' lang='lat' dir='ltr'>ex</span> <span class='ocrx_word' id='word_1_405' title='bbox 1868 2071 1961 2096; x_wconf 88' lang='lat' dir='ltr'>me·-</span> 
     </span>
     <span class='ocr_line' id='line_1_37' title="bbox 132 2113 1938 2162; baseline -0.004 -8"><span class='ocrx_word' id='word_1_406' title='bbox 132 2117 306 2154; x_wconf 80' lang='lat' dir='ltr'>ditatione</span> <span class='ocrx_word' id='word_1_407' title='bbox 330 2116 495 2162; x_wconf 86' lang='lat' dir='ltr'>procedit</span> <span class='ocrx_word' id='word_1_408' title='bbox 521 2120 558 2150; x_wconf 89' lang='lat' dir='ltr'>et</span> <span class='ocrx_word' id='word_1_409' title='bbox 583 2126 662 2150; x_wconf 90' lang='lat' dir='ltr'>cum</span> <span class='ocrx_word' id='word_1_410' title='bbox 688 2114 887 2149; x_wconf 85' lang='lat' dir='ltr'>attentione</span> <span class='ocrx_word' id='word_1_411' title='bbox 911 2117 987 2154; x_wconf 84' lang='lat' dir='ltr'>est,</span> <span class='ocrx_word' id='word_1_412' title='bbox 1013 2113 1225 2162; x_wconf 67' lang='lat' dir='ltr'>exercitatio</span> <span class='ocrx_word' id='word_1_413' title='bbox 1248 2124 1343 2157; x_wconf 89' lang='lat' dir='ltr'>vero,</span> <span class='ocrx_word' id='word_1_414' title='bbox 1370 2120 1478 2158; x_wconf 83' lang='lat' dir='ltr'>quam</span> <span class='ocrx_word' id='word_1_415' title='bbox 1504 2113 1567 2149; x_wconf 89' lang='lat' dir='ltr'>hic</span> <span class='ocrx_word' id='word_1_416' title='bbox 1590 2114 1818 2150; x_wconf 86' lang='lat' dir='ltr'>Ptolemaeus</span> <span class='ocrx_word' id='word_1_417' title='bbox 1843 2113 1938 2155; x_wconf 87' lang='lat' dir='ltr'>dicit,</span> 
     </span>
     <span class='ocr_line' id='line_1_38' title="bbox 132 2166 1940 2215; baseline -0.003 -8"><span class='ocrx_word' id='word_1_418' title='bbox 132 2181 255 2207; x_wconf 88' lang='lat' dir='ltr'>carere</span> <span class='ocrx_word' id='word_1_419' title='bbox 279 2174 403 2215; x_wconf 86' lang='lat' dir='ltr'>potest</span> <span class='ocrx_word' id='word_1_420' title='bbox 427 2168 601 2212; x_wconf 76' lang='lat' dir='ltr'>singulari</span> <span class='ocrx_word' id='word_1_421' title='bbox 626 2167 834 2202; x_wconf 84' lang='lat' dir='ltr'>attentione.</span> <span class='ocrx_word' id='word_1_422' title='bbox 867 2166 1025 2201; x_wconf 90' lang='lat' dir='ltr'>Primum</span> <span class='ocrx_word' id='word_1_423' title='bbox 1050 2166 1161 2212; x_wconf 81' lang='lat' dir='ltr'>igitur</span> <span class='ocrx_word' id='word_1_424' title='bbox 1186 2167 1236 2201; x_wconf 84' lang='lat' dir='ltr'>ait</span> <span class='ocrx_word' id='word_1_425' title='bbox 1262 2167 1419 2211; x_wconf 82' lang='lat' dir='ltr'>spectari</span> <span class='ocrx_word' id='word_1_426' title='bbox 1446 2177 1467 2202; x_wconf 88' lang='lat' dir='ltr'>a</span> <span class='ocrx_word' id='word_1_427' title='bbox 1491 2167 1656 2212; x_wconf 85' lang='lat' dir='ltr'>partibus</span> <span class='ocrx_word' id='word_1_428' title='bbox 1681 2166 1821 2202; x_wconf 90' lang='lat' dir='ltr'>mentis.</span> <span class='ocrx_word' id='word_1_429' title='bbox 1847 2166 1940 2202; x_wconf 87' lang='lat' dir='ltr'>Nam</span> 
     </span>
     <span class='ocr_line' id='line_1_39' title="bbox 133 2219 1987 2267; baseline -0.004 -7"><span class='ocrx_word' id='word_1_430' title='bbox 133 2224 285 2260; x_wconf 86' lang='lat' dir='ltr'>scientia</span> <span class='ocrx_word' id='word_1_431' title='bbox 307 2222 533 2259; x_wconf 76' lang='lat' dir='ltr'>harmonicas</span> <span class='ocrx_word' id='word_1_432' title='bbox 560 2221 668 2256; x_wconf 86' lang='lat' dir='ltr'>etiam</span> <span class='ocrx_word' id='word_1_433' title='bbox 695 2230 733 2255; x_wconf 90' lang='lat' dir='ltr'>se</span> <span class='ocrx_word' id='word_1_434' title='bbox 758 2221 838 2264; x_wconf 86' lang='lat' dir='ltr'>ipsa</span> <span class='ocrx_word' id='word_1_435' title='bbox 864 2223 920 2254; x_wconf 89' lang='lat' dir='ltr'>est</span> <span class='ocrx_word' id='word_1_436' title='bbox 944 2219 1167 2264; x_wconf 86' lang='lat' dir='ltr'>expetenda,</span> <span class='ocrx_word' id='word_1_437' title='bbox 1206 2220 1234 2253; x_wconf 89' lang='lat' dir='ltr'>si</span> <span class='ocrx_word' id='word_1_438' title='bbox 1260 2219 1414 2254; x_wconf 87' lang='lat' dir='ltr'>maxime</span> <span class='ocrx_word' id='word_1_439' title='bbox 1440 2230 1511 2254; x_wconf 92' lang='lat' dir='ltr'>non</span> <span class='ocrx_word' id='word_1_440' title='bbox 1537 2220 1705 2255; x_wconf 87' lang='lat' dir='ltr'>comitem</span> <span class='ocrx_word' id='word_1_441' title='bbox 1729 2219 1861 2254; x_wconf 84' lang='lat' dir='ltr'>habeat</span> <span class='ocrx_word' id='word_1_442' title='bbox 1887 2228 1940 2252; x_wconf 89' lang='lat' dir='ltr'>ar-</span> <span class='ocrx_word' id='word_1_443' title='bbox 1982 2237 1987 2267; x_wconf 55' lang='lat'>5</span> 
     </span>
     <span class='ocr_line' id='line_1_40' title="bbox 132 2271 1985 2323; baseline -0.004 -10"><span class='ocrx_word' id='word_1_444' title='bbox 132 2282 222 2323; x_wconf 86' lang='lat' dir='ltr'>tem,</span> <span class='ocrx_word' id='word_1_445' title='bbox 260 2275 399 2312; x_wconf 89' lang='lat' dir='ltr'>etiamsi</span> <span class='ocrx_word' id='word_1_446' title='bbox 424 2274 512 2310; x_wconf 87' lang='lat' dir='ltr'>nulli</span> <span class='ocrx_word' id='word_1_447' title='bbox 540 2272 702 2318; x_wconf 84' lang='lat' dir='ltr'>subjecto</span> <span class='ocrx_word' id='word_1_448' title='bbox 729 2271 896 2308; x_wconf 86' lang='lat' dir='ltr'>conciliet</span> <span class='ocrx_word' id='word_1_449' title='bbox 922 2274 1087 2306; x_wconf 84' lang='lat' dir='ltr'>ornatum</span> <span class='ocrx_word' id='word_1_450' title='bbox 1112 2271 1376 2316; x_wconf 86' lang='lat' dir='ltr'>harmonicun13</span> <span class='ocrx_word' id='word_1_451' title='bbox 1415 2272 1556 2316; x_wconf 82' lang='lat' dir='ltr'>perficit</span> <span class='ocrx_word' id='word_1_452' title='bbox 1581 2272 1674 2307; x_wconf 89' lang='lat' dir='ltr'>enim</span> <span class='ocrx_word' id='word_1_453' title='bbox 1698 2276 1854 2307; x_wconf 88' lang='lat' dir='ltr'>mentem</span> <span class='ocrx_word' id='word_1_454' title='bbox 1878 2271 1941 2306; x_wconf 87' lang='lat' dir='ltr'>ho·</span> <span class='ocrx_word' id='word_1_455' title='bbox 1980 2310 1985 2322; x_wconf 24' lang='grc' dir='ltr'>,ζ</span> 
     </span>
     <span class='ocr_line' id='line_1_41' title="bbox 132 2322 1984 2373; baseline -0.006 -7"><span class='ocrx_word' id='word_1_456' title='bbox 132 2331 247 2367; x_wconf 89' lang='lat' dir='ltr'>minis.</span> <span class='ocrx_word' id='word_1_457' title='bbox 299 2329 398 2364; x_wconf 88' lang='lat' dir='ltr'>Haec</span> <span class='ocrx_word' id='word_1_458' title='bbox 426 2328 552 2373; x_wconf 88' lang='lat' dir='ltr'>opinor</span> <span class='ocrx_word' id='word_1_459' title='bbox 577 2337 687 2361; x_wconf 86' lang='lat' dir='ltr'>causa</span> <span class='ocrx_word' id='word_1_460' title='bbox 713 2331 784 2370; x_wconf 89' lang='lat' dir='ltr'>est,</span> <span class='ocrx_word' id='word_1_461' title='bbox 811 2336 875 2360; x_wconf 90' lang='lat' dir='ltr'>cur</span> <span class='ocrx_word' id='word_1_462' title='bbox 899 2324 1145 2359; x_wconf 84' lang='lat' dir='ltr'>causationem</span> <span class='ocrx_word' id='word_1_463' title='bbox 1181 2329 1221 2358; x_wconf 91' lang='lat' dir='ltr'>ut</span> <span class='ocrx_word' id='word_1_464' title='bbox 1249 2334 1270 2358; x_wconf 87' lang='lat' dir='ltr'>a</span> <span class='ocrx_word' id='word_1_465' title='bbox 1302 2328 1423 2358; x_wconf 88' lang='lat' dir='ltr'>mente</span> <span class='ocrx_word' id='word_1_466' title='bbox 1449 2334 1597 2369; x_wconf 86' lang='lat' dir='ltr'>vergere</span> <span class='ocrx_word' id='word_1_467' title='bbox 1624 2325 1720 2360; x_wconf 87' lang='lat' dir='ltr'>dicat</span> <span class='ocrx_word' id='word_1_468' title='bbox 1744 2324 1790 2359; x_wconf 87' lang='lat' dir='ltr'>ad</span> <span class='ocrx_word' id='word_1_469' title='bbox 1816 2322 1938 2358; x_wconf 85' lang='lat' dir='ltr'>divini·</span> <span class='ocrx_word' id='word_1_470' title='bbox 1979 2331 1984 2354; x_wconf 57' lang='lat'>,³</span> 
     </span>
     <span class='ocr_line' id='line_1_42' title="bbox 132 2375 1979 2427; baseline -0.005 -9"><span class='ocrx_word' id='word_1_471' title='bbox 132 2383 216 2419; x_wconf 88' lang='lat' dir='ltr'>tatis</span> <span class='ocrx_word' id='word_1_472' title='bbox 242 2381 399 2427; x_wconf 88' lang='lat' dir='ltr'>speciem</span> <span class='ocrx_word' id='word_1_473' title='bbox 424 2380 594 2426; x_wconf 89' lang='lat' dir='ltr'>propius:</span> <span class='ocrx_word' id='word_1_474' title='bbox 631 2379 716 2424; x_wconf 85' lang='lat' dir='ltr'>quia</span> <span class='ocrx_word' id='word_1_475' title='bbox 741 2376 1009 2414; x_wconf 89' lang='lat' dir='ltr'>similitudinem</span> <span class='ocrx_word' id='word_1_476' title='bbox 1047 2375 1210 2419; x_wconf 87' lang='lat' dir='ltr'>agnoscit</span> <span class='ocrx_word' id='word_1_477' title='bbox 1243 2376 1336 2410; x_wconf 89' lang='lat' dir='ltr'>inter</span> <span class='ocrx_word' id='word_1_478' title='bbox 1361 2376 1457 2411; x_wconf 91' lang='lat' dir='ltr'>Deos</span> <span class='ocrx_word' id='word_1_479' title='bbox 1484 2381 1520 2411; x_wconf 86' lang='lat' dir='ltr'>et</span> <span class='ocrx_word' id='word_1_480' title='bbox 1543 2380 1699 2412; x_wconf 85' lang='lat' dir='ltr'>mentem</span> <span class='ocrx_word' id='word_1_481' title='bbox 1724 2376 1878 2411; x_wconf 90' lang='lat' dir='ltr'>hominis</span> <span class='ocrx_word' id='word_1_482' title='bbox 1901 2375 1938 2410; x_wconf 86' lang='lat' dir='ltr'>in</span> <span class='ocrx_word' id='word_1_483' title='bbox 1977 2408 1979 2413; x_wconf 29' lang='lat'><strong>⁴</strong></span> 
     </span>
     <span class='ocr_line' id='line_1_43' title="bbox 134 2427 1986 2481; baseline -0.005 -10"><span class='ocrx_word' id='word_1_484' title='bbox 134 2446 187 2481; x_wconf 89' lang='lat' dir='ltr'>eo,</span> <span class='ocrx_word' id='word_1_485' title='bbox 214 2434 311 2480; x_wconf 89' lang='lat' dir='ltr'>quod</span> <span class='ocrx_word' id='word_1_486' title='bbox 335 2433 500 2478; x_wconf 89' lang='lat' dir='ltr'>utrisque</span> <span class='ocrx_word' id='word_1_487' title='bbox 524 2431 650 2468; x_wconf 89' lang='lat' dir='ltr'>melior</span> <span class='ocrx_word' id='word_1_488' title='bbox 674 2435 730 2467; x_wconf 89' lang='lat' dir='ltr'>est</span> <span class='ocrx_word' id='word_1_489' title='bbox 767 2430 917 2465; x_wconf 86' lang='lat' dir='ltr'>scientia</span> <span class='ocrx_word' id='word_1_490' title='bbox 953 2428 1171 2464; x_wconf 83' lang='lat' dir='ltr'>harmonica.</span> <span class='ocrx_word' id='word_1_491' title='bbox 1222 2428 1300 2463; x_wconf 90' lang='lat' dir='ltr'>Hoc</span> <span class='ocrx_word' id='word_1_492' title='bbox 1336 2429 1430 2463; x_wconf 89' lang='lat' dir='ltr'>idem</span> <span class='ocrx_word' id='word_1_493' title='bbox 1455 2428 1662 2464; x_wconf 87' lang='lat' dir='ltr'>Macrobius</span> <span class='ocrx_word' id='word_1_494' title='bbox 1687 2429 1725 2463; x_wconf 93' lang='lat' dir='ltr'>in</span> <span class='ocrx_word' id='word_1_495' title='bbox 1751 2427 1936 2464; x_wconf 84' lang='lat' dir='ltr'>Somnium</span> <span class='ocrx_word' id='word_1_496' title='bbox 1976 2462 1986 2474; x_wconf 50' lang='lat'><strong><em>„</em></strong></span> 
     </span>
     <span class='ocr_line' id='line_1_44' title="bbox 132 2481 1979 2534; baseline -0.004 -10"><span class='ocrx_word' id='word_1_497' title='bbox 132 2488 310 2534; x_wconf 82' lang='lat' dir='ltr'>Scipionis</span> <span class='ocrx_word' id='word_1_498' title='bbox 336 2489 581 2522; x_wconf 83' lang='lat' dir='ltr'>commentans</span> <span class='ocrx_word' id='word_1_499' title='bbox 605 2484 722 2520; x_wconf 88' lang='lat' dir='ltr'>verbis</span> <span class='ocrx_word' id='word_1_500' title='bbox 747 2484 803 2519; x_wconf 88' lang='lat' dir='ltr'>his</span> <span class='ocrx_word' id='word_1_501' title='bbox 829 2482 1026 2527; x_wconf 81' lang='lat' dir='ltr'>expressit:</span> <span class='ocrx_word' id='word_1_502' title='bbox 1063 2481 1194 2524; x_wconf 82' lang='lat' dir='ltr'>Ratio,</span> <span class='ocrx_word' id='word_1_503' title='bbox 1233 2491 1326 2526; x_wconf 78' lang='lat' dir='ltr'>quae</span> <span class='ocrx_word' id='word_1_504' title='bbox 1351 2482 1486 2518; x_wconf 78' lang='lat' dir='ltr'>divinis</span> <span class='ocrx_word' id='word_1_505' title='bbox 1508 2483 1621 2527; x_wconf 77' lang='lat' dir='ltr'>inest,</span> <span class='ocrx_word' id='word_1_506' title='bbox 1646 2482 1689 2526; x_wconf 72' lang='lat' dir='ltr'>fit</span> <span class='ocrx_word' id='word_1_507' title='bbox 1712 2491 1803 2518; x_wconf 76' lang='lat' dir='ltr'>sono</span> <span class='ocrx_word' id='word_1_508' title='bbox 1827 2491 1941 2517; x_wconf 73' lang='lat' dir='ltr'>causa</span> <span class='ocrx_word' id='word_1_509' title='bbox 1974 2522 1979 2532; x_wconf 33' lang='grc' dir='ltr'><strong><em>ι</em></strong></span> 
     </span>
     <span class='ocr_line' id='line_1_45' title="bbox 134 2539 1979 2579; baseline -0.018 0"><span class='ocrx_word' id='word_1_510' title='bbox 134 2539 404 2578; x_wconf 80' lang='lat' dir='ltr'>modulaminis.</span> <span class='ocrx_word' id='word_1_511' title='bbox 1976 2575 1979 2579; x_wconf 59' lang='lat'>.</span> 
     </span>
    </p>

    <p class='ocr_par' dir='ltr' id='par_1_8' title="bbox 133 2585 1979 2792">
     <span class='ocr_line' id='line_1_46' title="bbox 250 2585 1979 2636; baseline -0.004 -8"><span class='ocrx_word' id='word_1_512' title='bbox 250 2591 455 2628; x_wconf 87' lang='lat' dir='ltr'>Secundum</span> <span class='ocrx_word' id='word_1_513' title='bbox 481 2601 526 2625; x_wconf 82' lang='lat' dir='ltr'>ex</span> <span class='ocrx_word' id='word_1_514' title='bbox 550 2589 684 2634; x_wconf 86' lang='lat' dir='ltr'>tribus,</span> <span class='ocrx_word' id='word_1_515' title='bbox 711 2587 1078 2633; x_wconf 87' lang='lat' dir='ltr'>repraesentationem</span> <span class='ocrx_word' id='word_1_516' title='bbox 1105 2586 1243 2622; x_wconf 89' lang='lat' dir='ltr'>scilicet</span> <span class='ocrx_word' id='word_1_517' title='bbox 1267 2587 1511 2629; x_wconf 75' lang='lat' dir='ltr'>manuariam,</span> <span class='ocrx_word' id='word_1_518' title='bbox 1547 2586 1597 2621; x_wconf 87' lang='lat' dir='ltr'>ait</span> <span class='ocrx_word' id='word_1_519' title='bbox 1623 2596 1703 2622; x_wconf 89' lang='lat' dir='ltr'>esse</span> <span class='ocrx_word' id='word_1_520' title='bbox 1728 2597 1750 2622; x_wconf 85' lang='lat' dir='ltr'>a</span> <span class='ocrx_word' id='word_1_521' title='bbox 1773 2585 1938 2631; x_wconf 86' lang='lat' dir='ltr'>partibus</span> <span class='ocrx_word' id='word_1_522' title='bbox 1972 2607 1979 2636; x_wconf 54' lang='lat'><em>3</em></span> 
     </span>
     <span class='ocr_line' id='line_1_47' title="bbox 134 2637 1978 2691; baseline -0.005 -8"><span class='ocrx_word' id='word_1_523' title='bbox 134 2647 240 2691; x_wconf 80' lang='lat' dir='ltr'>artis3</span> <span class='ocrx_word' id='word_1_524' title='bbox 277 2645 347 2680; x_wconf 91' lang='lat' dir='ltr'>hoc</span> <span class='ocrx_word' id='word_1_525' title='bbox 371 2643 512 2679; x_wconf 83' lang='lat' dir='ltr'>videtur</span> <span class='ocrx_word' id='word_1_526' title='bbox 538 2642 656 2678; x_wconf 88' lang='lat' dir='ltr'>dicere</span> <span class='ocrx_word' id='word_1_527' title='bbox 682 2640 831 2676; x_wconf 88' lang='lat' dir='ltr'>rationis</span> <span class='ocrx_word' id='word_1_528' title='bbox 858 2649 967 2683; x_wconf 87' lang='lat' dir='ltr'>opera</span> <span class='ocrx_word' id='word_1_529' title='bbox 992 2638 1187 2683; x_wconf 88' lang='lat' dir='ltr'>praecipue</span> <span class='ocrx_word' id='word_1_530' title='bbox 1212 2637 1311 2681; x_wconf 86' lang='lat' dir='ltr'>fieri,</span> <span class='ocrx_word' id='word_1_531' title='bbox 1350 2644 1389 2674; x_wconf 88' lang='lat' dir='ltr'>ut</span> <span class='ocrx_word' id='word_1_532' title='bbox 1415 2639 1701 2684; x_wconf 82' lang='lat' dir='ltr'>externo&#39;opere</span> <span class='ocrx_word' id='word_1_533' title='bbox 1730 2649 1941 2685; x_wconf 54' lang='lat' dir='ltr'>repraesena</span> <span class='ocrx_word' id='word_1_534' title='bbox 1970 2643 1978 2683; x_wconf 64' lang='grc' dir='ltr'><strong><em>ξ</em></strong></span> 
     </span>
     <span class='ocr_line' id='line_1_48' title="bbox 133 2691 1938 2737; baseline -0.005 -2"><span class='ocrx_word' id='word_1_535' title='bbox 133 2703 255 2735; x_wconf 86' lang='lat' dir='ltr'>tentur</span> <span class='ocrx_word' id='word_1_536' title='bbox 279 2696 499 2732; x_wconf 88' lang='lat' dir='ltr'>harmoniae.</span> <span class='ocrx_word' id='word_1_537' title='bbox 548 2694 672 2730; x_wconf 87' lang='lat' dir='ltr'>Artem</span> <span class='ocrx_word' id='word_1_538' title='bbox 698 2693 807 2737; x_wconf 81' lang='lat' dir='ltr'>igitur</span> <span class='ocrx_word' id='word_1_539' title='bbox 845 2691 993 2727; x_wconf 86' lang='lat' dir='ltr'>rationis</span> <span class='ocrx_word' id='word_1_540' title='bbox 1020 2691 1175 2736; x_wconf 85' lang='lat' dir='ltr'>speciem</span> <span class='ocrx_word' id='word_1_541' title='bbox 1212 2691 1320 2736; x_wconf 84' lang='lat' dir='ltr'>facit,</span> <span class='ocrx_word' id='word_1_542' title='bbox 1358 2691 1443 2736; x_wconf 90' lang='lat' dir='ltr'>quia</span> <span class='ocrx_word' id='word_1_543' title='bbox 1467 2702 1524 2727; x_wconf 86' lang='lat' dir='ltr'>ars</span> <span class='ocrx_word' id='word_1_544' title='bbox 1550 2691 1713 2727; x_wconf 88' lang='lat' dir='ltr'>discursu</span> <span class='ocrx_word' id='word_1_545' title='bbox 1740 2695 1879 2727; x_wconf 83' lang='lat' dir='ltr'>constat</span> <span class='ocrx_word' id='word_1_546' title='bbox 1903 2693 1938 2727; x_wconf 82' lang='lat' dir='ltr'>et</span> 
     </span>
     <span class='ocr_line' id='line_1_49' title="bbox 134 2743 1311 2792; baseline -0.007 -5"><span class='ocrx_word' id='word_1_547' title='bbox 134 2749 348 2786; x_wconf 90' lang='lat' dir='ltr'>deductione</span> <span class='ocrx_word' id='word_1_548' title='bbox 373 2759 395 2783; x_wconf 86' lang='lat' dir='ltr'>a</span> <span class='ocrx_word' id='word_1_549' title='bbox 418 2746 647 2792; x_wconf 82' lang='lat' dir='ltr'>generalibus</span> <span class='ocrx_word' id='word_1_550' title='bbox 673 2746 717 2781; x_wconf 89' lang='lat' dir='ltr'>ad</span> <span class='ocrx_word' id='word_1_551' title='bbox 744 2744 901 2784; x_wconf 83' lang='lat' dir='ltr'>sensilia,</span> <span class='ocrx_word' id='word_1_552' title='bbox 926 2754 1019 2789; x_wconf 89' lang='lat' dir='ltr'>quae</span> <span class='ocrx_word' id='word_1_553' title='bbox 1042 2743 1190 2779; x_wconf 85' lang='lat' dir='ltr'>rationis</span> <span class='ocrx_word' id='word_1_554' title='bbox 1217 2750 1311 2779; x_wconf 88' lang='lat' dir='ltr'>sunt.</span> 
     </span>
    </p>

    <p class='ocr_par' dir='ltr' id='par_1_9' title="bbox 135 2793 1988 3160">
     <span class='ocr_line' id='line_1_50' title="bbox 250 2793 1977 2846; baseline -0.004 -8"><span class='ocrx_word' id='word_1_555' title='bbox 250 2802 433 2846; x_wconf 86' lang='lat' dir='ltr'>Tertium,</span> <span class='ocrx_word' id='word_1_556' title='bbox 472 2799 763 2836; x_wconf 82' lang='lat' dir='ltr'>exercitationem</span> <span class='ocrx_word' id='word_1_557' title='bbox 789 2797 1023 2835; x_wconf 84' lang='lat' dir='ltr'>imitativam‚</span> <span class='ocrx_word' id='word_1_558' title='bbox 1062 2796 1216 2832; x_wconf 86' lang='lat' dir='ltr'>collocat</span> <span class='ocrx_word' id='word_1_559' title='bbox 1240 2809 1259 2831; x_wconf 88' lang='lat' dir='ltr'>a</span> <span class='ocrx_word' id='word_1_560' title='bbox 1285 2797 1447 2842; x_wconf 72' lang='lat' dir='ltr'>partibus</span> <span class='ocrx_word' id='word_1_561' title='bbox 1474 2796 1598 2837; x_wconf 73' lang='lat' dir='ltr'>moris3</span> <span class='ocrx_word' id='word_1_562' title='bbox 1635 2805 1770 2830; x_wconf 85' lang='lat' dir='ltr'>morem</span> <span class='ocrx_word' id='word_1_563' title='bbox 1793 2805 1877 2830; x_wconf 81' lang='lat' dir='ltr'>vero</span> <span class='ocrx_word' id='word_1_564' title='bbox 1900 2793 1938 2831; x_wconf 80' lang='lat' dir='ltr'>in</span> <span class='ocrx_word' id='word_1_565' title='bbox 1967 2794 1977 2843; x_wconf 59' lang='lat' dir='ltr'><em>j</em></span> 
     </span>
     <span class='ocr_line' id='line_1_51' title="bbox 135 2846 1950 2902; baseline -0.007 -10"><span class='ocrx_word' id='word_1_566' title='bbox 135 2856 381 2902; x_wconf 87' lang='lat' dir='ltr'>superioribus</span> <span class='ocrx_word' id='word_1_567' title='bbox 406 2853 452 2889; x_wconf 88' lang='lat' dir='ltr'>ad</span> <span class='ocrx_word' id='word_1_568' title='bbox 477 2857 627 2889; x_wconf 88' lang='lat' dir='ltr'>naturae</span> <span class='ocrx_word' id='word_1_569' title='bbox 651 2855 771 2897; x_wconf 82' lang='lat' dir='ltr'>partes</span> <span class='ocrx_word' id='word_1_570' title='bbox 795 2849 967 2885; x_wconf 89' lang='lat' dir='ltr'>inclinare</span> <span class='ocrx_word' id='word_1_571' title='bbox 992 2848 1141 2884; x_wconf 84' lang='lat' dir='ltr'>dixerat.</span> <span class='ocrx_word' id='word_1_572' title='bbox 1167 2850 1303 2886; x_wconf 86' lang='lat' dir='ltr'>Eadem</span> <span class='ocrx_word' id='word_1_573' title='bbox 1328 2850 1437 2895; x_wconf 84' lang='lat' dir='ltr'>igitur</span> <span class='ocrx_word' id='word_1_574' title='bbox 1462 2848 1671 2884; x_wconf 87' lang='lat' dir='ltr'>exercitatio</span> <span class='ocrx_word' id='word_1_575' title='bbox 1696 2853 1732 2883; x_wconf 89' lang='lat' dir='ltr'>et</span> <span class='ocrx_word' id='word_1_576' title='bbox 1754 2859 1776 2883; x_wconf 83' lang='lat' dir='ltr'>a</span> <span class='ocrx_word' id='word_1_577' title='bbox 1799 2846 1950 2881; x_wconf 76' lang='lat' dir='ltr'>ratione·</span> 
     </span>
     <span class='ocr_line' id='line_1_52' title="bbox 135 2898 1974 2953; baseline -0.005 -10"><span class='ocrx_word' id='word_1_578' title='bbox 135 2908 375 2953; x_wconf 86' lang='lat' dir='ltr'>proficiscitur</span> <span class='ocrx_word' id='word_1_579' title='bbox 412 2906 568 2951; x_wconf 83' lang='lat' dir='ltr'>(agimus</span> <span class='ocrx_word' id='word_1_580' title='bbox 595 2903 688 2940; x_wconf 88' lang='lat' dir='ltr'>enim</span> <span class='ocrx_word' id='word_1_581' title='bbox 714 2903 758 2939; x_wconf 89' lang='lat' dir='ltr'>de</span> <span class='ocrx_word' id='word_1_582' title='bbox 782 2901 898 2938; x_wconf 90' lang='lat' dir='ltr'>tribus</span> <span class='ocrx_word' id='word_1_583' title='bbox 922 2901 1036 2946; x_wconf 88' lang='lat' dir='ltr'>ipsius</span> <span class='ocrx_word' id='word_1_584' title='bbox 1063 2901 1212 2938; x_wconf 89' lang='lat' dir='ltr'>rationis</span> <span class='ocrx_word' id='word_1_585' title='bbox 1239 2902 1357 2948; x_wconf 72' lang='grc' dir='ltr'><strong><em>εἰδεσι)</em></strong></span> <span class='ocrx_word' id='word_1_586' title='bbox 1395 2907 1430 2938; x_wconf 86' lang='lat' dir='ltr'>et</span> <span class='ocrx_word' id='word_1_587' title='bbox 1454 2901 1499 2937; x_wconf 88' lang='lat' dir='ltr'>ad</span> <span class='ocrx_word' id='word_1_588' title='bbox 1524 2905 1695 2936; x_wconf 26' lang='lat' dir='ltr'>naturam.</span> <span class='ocrx_word' id='word_1_589' title='bbox 1715 2898 1878 2942; x_wconf 86' lang='lat' dir='ltr'>inclinat3</span> <span class='ocrx_word' id='word_1_590' title='bbox 1914 2907 1936 2933; x_wconf 77' lang='lat' dir='ltr'>a</span> <span class='ocrx_word' id='word_1_591' title='bbox 1962 2900 1974 2939; x_wconf 57' lang='grc' dir='ltr'><strong>ὲ</strong></span> 
     </span>
     <span class='ocr_line' id='line_1_53' title="bbox 135 2951 1936 3005; baseline -0.005 -10"><span class='ocrx_word' id='word_1_592' title='bbox 135 2960 274 2995; x_wconf 88' lang='lat' dir='ltr'>ratione</span> <span class='ocrx_word' id='word_1_593' title='bbox 300 2958 445 3005; x_wconf 87' lang='lat' dir='ltr'>quidem</span> <span class='ocrx_word' id='word_1_594' title='bbox 470 2957 727 3003; x_wconf 85' lang='lat' dir='ltr'>proficiscitur,</span> <span class='ocrx_word' id='word_1_595' title='bbox 753 2955 838 3001; x_wconf 87' lang='lat' dir='ltr'>quia</span> <span class='ocrx_word' id='word_1_596' title='bbox 863 2953 1002 2989; x_wconf 89' lang='lat' dir='ltr'>nullum</span> <span class='ocrx_word' id='word_1_597' title='bbox 1028 2964 1154 2990; x_wconf 88' lang='lat' dir='ltr'>carens</span> <span class='ocrx_word' id='word_1_598' title='bbox 1179 2956 1319 2991; x_wconf 84' lang='lat' dir='ltr'>ratione</span> <span class='ocrx_word' id='word_1_599' title='bbox 1344 2959 1466 3000; x_wconf 89' lang='lat' dir='ltr'>aptum</span> <span class='ocrx_word' id='word_1_600' title='bbox 1493 2958 1548 2989; x_wconf 89' lang='lat' dir='ltr'>est</span> <span class='ocrx_word' id='word_1_601' title='bbox 1572 2953 1617 2988; x_wconf 87' lang='lat' dir='ltr'>ad</span> <span class='ocrx_word' id='word_1_602' title='bbox 1641 2951 1936 2988; x_wconf 86' lang='lat' dir='ltr'>exercitationem</span> 
     </span>
     <span class='ocr_line' id='line_1_54' title="bbox 135 3004 1963 3055; baseline -0.005 -7"><span class='ocrx_word' id='word_1_603' title='bbox 135 3012 375 3055; x_wconf 60' lang='lat' dir='ltr'>habitualem</span> <span class='ocrx_word' id='word_1_604' title='bbox 415 3011 459 3046; x_wconf 84' lang='lat' dir='ltr'>ad</span> <span class='ocrx_word' id='word_1_605' title='bbox 484 3014 648 3046; x_wconf 88' lang='lat' dir='ltr'>naturam</span> <span class='ocrx_word' id='word_1_606' title='bbox 673 3019 757 3044; x_wconf 88' lang='lat' dir='ltr'>vero</span> <span class='ocrx_word' id='word_1_607' title='bbox 784 3007 953 3051; x_wconf 84' lang='lat' dir='ltr'>inclinat,</span> <span class='ocrx_word' id='word_1_608' title='bbox 990 3006 1095 3052; x_wconf 82' lang='lat' dir='ltr'>quia,</span> <span class='ocrx_word' id='word_1_609' title='bbox 1138 3012 1177 3042; x_wconf 91' lang='lat' dir='ltr'>ut</span> <span class='ocrx_word' id='word_1_610' title='bbox 1202 3018 1312 3053; x_wconf 89' lang='lat' dir='ltr'>supra</span> <span class='ocrx_word' id='word_1_611' title='bbox 1336 3007 1491 3050; x_wconf 87' lang='lat' dir='ltr'>dictum,</span> <span class='ocrx_word' id='word_1_612' title='bbox 1527 3015 1604 3041; x_wconf 90' lang='lat' dir='ltr'>mos</span> <span class='ocrx_word' id='word_1_613' title='bbox 1627 3004 1786 3040; x_wconf 86' lang='lat' dir='ltr'>imitatur</span> <span class='ocrx_word' id='word_1_614' title='bbox 1809 3005 1938 3048; x_wconf 63' lang='lat' dir='ltr'>typum⁴</span> <span class='ocrx_word' id='word_1_615' title='bbox 1960 3030 1963 3041; x_wconf 88' lang='lat'>.</span> 
     </span>
     <span class='ocr_line' id='line_1_55' title="bbox 137 3055 1969 3114; baseline -0.007 -14"><span class='ocrx_word' id='word_1_616' title='bbox 137 3075 324 3100; x_wconf 88' lang='lat' dir='ltr'>causarum</span> <span class='ocrx_word' id='word_1_617' title='bbox 348 3063 589 3109; x_wconf 87' lang='lat' dir='ltr'>naturalium,</span> <span class='ocrx_word' id='word_1_618' title='bbox 614 3063 729 3098; x_wconf 88' lang='lat' dir='ltr'>utitur</span> <span class='ocrx_word' id='word_1_619' title='bbox 752 3058 1006 3104; x_wconf 83' lang='lat' dir='ltr'>facultatibus,</span> <span class='ocrx_word' id='word_1_620' title='bbox 1035 3059 1072 3094; x_wconf 86' lang='lat' dir='ltr'>in</span> <span class='ocrx_word' id='word_1_621' title='bbox 1098 3059 1229 3104; x_wconf 88' lang='lat' dir='ltr'>quibus</span> <span class='ocrx_word' id='word_1_622' title='bbox 1253 3059 1446 3104; x_wconf 91' lang='lat' dir='ltr'>plurimum</span> <span class='ocrx_word' id='word_1_623' title='bbox 1469 3061 1591 3103; x_wconf 88' lang='lat' dir='ltr'>potest</span> <span class='ocrx_word' id='word_1_624' title='bbox 1613 3060 1761 3099; x_wconf 85' lang='lat' dir='ltr'>natura,</span> <span class='ocrx_word' id='word_1_625' title='bbox 1787 3058 1827 3090; x_wconf 88' lang='lat' dir='ltr'>ut</span> <span class='ocrx_word' id='word_1_626' title='bbox 1851 3055 1934 3088; x_wconf 84' lang='lat' dir='ltr'>sunt</span> <span class='ocrx_word' id='word_1_627' title='bbox 1958 3057 1969 3114; x_wconf 90' lang='lat'>5</span> 
     </span>
     <span class='ocr_line' id='line_1_56' title="bbox 137 3106 1984 3160; baseline -0.006 -7"><span class='ocrx_word' id='word_1_628' title='bbox 137 3116 351 3153; x_wconf 81' lang='lat' dir='ltr'>locomotiva</span> <span class='ocrx_word' id='word_1_629' title='bbox 375 3121 411 3152; x_wconf 89' lang='lat' dir='ltr'>et</span> <span class='ocrx_word' id='word_1_630' title='bbox 435 3116 615 3156; x_wconf 85' lang='lat' dir='ltr'>memoria.</span> <span class='ocrx_word' id='word_1_631' title='bbox 662 3115 860 3160; x_wconf 83' lang='lat' dir='ltr'>Propterea</span> <span class='ocrx_word' id='word_1_632' title='bbox 897 3113 988 3148; x_wconf 87' lang='lat' dir='ltr'>haec</span> <span class='ocrx_word' id='word_1_633' title='bbox 1024 3112 1232 3148; x_wconf 85' lang='lat' dir='ltr'>exercitatio</span> <span class='ocrx_word' id='word_1_634' title='bbox 1267 3112 1396 3148; x_wconf 88' lang='lat' dir='ltr'>dicitur</span> <span class='ocrx_word' id='word_1_635' title='bbox 1419 3110 1478 3146; x_wconf 91' lang='lat' dir='ltr'>hic</span> <span class='ocrx_word' id='word_1_636' title='bbox 1501 3109 1685 3145; x_wconf 82' lang='lat' dir='ltr'>imitativa.</span> <span class='ocrx_word' id='word_1_637' title='bbox 1734 3106 1825 3145; x_wconf 87' lang='lat' dir='ltr'>Nam</span> <span class='ocrx_word' id='word_1_638' title='bbox 1849 3114 1930 3152; x_wconf 79' lang='lat' dir='ltr'>pro·</span> <span class='ocrx_word' id='word_1_639' title='bbox 1957 3115 1984 3144; x_wconf 52' lang='grc' dir='ltr'>ῖς·</span> 
     </span>
    </p>
   </div>
   <div class='ocr_carea' id='block_1_6' title="bbox 1949 2818 1994 3276">
    <p class='ocr_par' dir='ltr' id='par_1_10' title="bbox 1949 2818 1994 3276">
     <span class='ocr_line' id='line_1_57' title="bbox 1949 2818 1994 3276; baseline 0 -250"><span class='ocrx_word' id='word_1_640' title='bbox 1949 2818 1994 3276; x_wconf 95' lang='lat' dir='ltr'>    </span> 
     </span>
    </p>
   </div>
  </div>
 </body>
</html>
