1988 3276
142 134 195 173 96
728 132 783 168 De
805 131 1017 179 Figuratum
1039 131 1334 168 Harmonicarum

254 246 367 283 Porro
391 246 480 283 haec
503 246 618 283 latera
642 246 716 293 SQ,
742 247 805 294 ΩΤ
833 259 906 285 non
935 249 1015 295 ipsa
1047 250 1133 284 sunt
1163 250 1305 283 tantum
1337 246 1456 283 mizon
1489 250 1527 284 et
1556 247 1718 293 elasson,
1753 245 1818 284 sed
1841 250 1926 283 sunt

141 299 249 335 etiam
272 299 362 336 tales
386 299 513 346 lineae,
539 311 585 336 ex
609 300 737 347 quibus
761 301 853 338 aliae
877 301 968 338 tales
992 301 1085 337 fiunt
1108 299 1273 336 addendo
1289 298 1346 335 vel
1370 299 1625 338 subtrahendo.
1647 299 1807 336 Primum
1831 299 1926 336 enim

140 355 226 388 sunt
249 352 342 389 inter
367 363 406 389 se
429 354 814 399 incommensurabiles,
838 355 996 392 secundo
1021 353 1197 400 quadrata
1218 353 1375 398 ipsarum
1399 352 1473 400 TQ,
1500 352 1556 398 QS
1577 353 1705 399 juncta
1728 355 1927 399 aequantur

141 405 315 450 quadrato
342 406 476 443 effabili
498 407 612 454 ipsius
637 408 710 455 TS,
736 409 843 445 tertio
866 408 1116 454 rectangulum
1141 408 1207 443 sub
1233 405 1312 451 TQ,
1339 404 1395 450 QS
1420 410 1477 442 est
1498 416 1641 450 meson,
1670 410 1728 442 est
1751 406 1845 443 enim
1868 415 1926 441 ae-

141 457 246 502 quale
269 459 478 506 rectangulo
504 460 570 497 sub
596 461 667 506 QM
691 461 893 498 semila-tere
917 460 1112 506 tetragoni,
1143 459 1221 496 sola
1244 452 1407 504 potentia
1431 457 1583 503 effabili,
1609 462 1647 494 et
1670 459 1736 495 sub
1759 458 1816 494 TS
1842 457 1926 494 effa-

140 509 202 545 bili
225 510 464 557 longitudine:
490 525 597 560 quam
621 514 665 550 ob
691 525 835 551 causam
859 519 944 551 sunt
968 515 1075 550 etiam
1104 513 1233 558 juncta
1255 511 1293 546 in
1307 510 1432 557 ,gradu
1455 510 1624 547 scientiae
1648 514 1762 547 sexto.
1809 511 1928 557 Quare

140 574 205 608 per
228 565 273 602 X.
300 566 344 602 39
370 568 589 612 compositae
612 566 650 602 in
673 579 779 604 unam
803 567 893 612 TQS
917 566 1009 604 fiunt
1043 566 1176 611 mizon,
1210 568 1246 601 et
1267 574 1334 610 per
1357 564 1401 600 X.
1427 565 1471 601 76
1496 563 1578 611 TQ,
1608 564 1678 601 hoc
1701 568 1756 600 est
1780 563 1841 610 QZ
1865 565 1927 602 ab·

140 615 214 651 lata
243 627 265 652 a
298 617 372 663 QS,
408 619 578 665 relinquit
606 619 662 655 ZS
694 619 904 655 elassonem.
952 619 1080 665 Itaque
1112 617 1191 653 fieri
1221 621 1359 662 potest,
1392 622 1433 653 ut
1458 617 1600 654 elasson
1625 621 1662 654 et
1683 617 1800 654 mizon
1822 616 1928 653 unius

141 669 245 715 bigae
269 669 357 706 fiant
382 671 558 708 elementa
582 671 729 709 alterius
754 673 874 719 bigae,
906 676 943 708 et
973 672 1132 718 elasson‚
1163 670 1283 708 ablata
1316 680 1339 707 a
1361 670 1498 707 mizone
1522 681 1603 715 sua,
1637 669 1816 717 relinquat
1838 668 1928 706 elas-

141 733 229 759 sona
253 722 412 760 alterius.

257 775 361 821 Quod
393 787 512 812 aream
543 776 710 823 octogoni
743 777 891 822 attinet,
920 777 983 815 illa
1001 781 1159 815 aconstat
1189 786 1234 812 ex
1259 783 1340 817 oeto
1374 775 1506 814 talibus
1529 777 1696 823 trigonis,
1736 773 1851 822 qualis
1875 780 1930 813 est

141 827 248 874 LQT.
297 828 368 864 Sed
399 833 541 865 constat
569 830 818 876 rectangulum
843 831 965 876 QTRS
997 843 1042 868 ex
1074 831 1206 868 talibus
1232 838 1402 882 quatuor,
1433 835 1489 867 est
1513 842 1597 878 ergo
1630 828 1788 867 semissis
1812 835 1928 870 areae,

141 886 177 917 et
202 887 257 929 est
280 892 420 928 meson,
447 887 488 918 ut
511 883 619 928 paulo
645 888 751 920 antea
773 884 983 932 probatum3
1020 896 1104 932 ergo
1130 888 1238 924 etiam
1262 886 1409 934 duplum
1434 884 1527 931 ejus,
1565 884 1702 921 scilicet
1725 891 1810 918 area
1833 883 1929 916 octo-

139 934 241 979 goni,
276 944 400 970 meson
432 938 504 980 est,
541 945 607 980 per
637 936 795 981 porisma
823 949 926 984 prop.
953 938 1057 976 Eucl.
1083 940 1129 978 X.
1155 942 1211 978 24.
1259 942 1355 978 Hinc
1381 939 1523 976 Clavius
1549 937 1671 973 Geom.
1697 936 1813 971 Pract.
1837 931 1928 967 libro

139 988 238 1024 VIII.
287 989 393 1034 Prop.
413 989 454 1025 31
482 988 713 1033 demonstrat,
737 1000 857 1025 aream
882 991 960 1036 ejus
984 1003 1063 1029 esse
1087 993 1242 1030 medium
1265 992 1534 1041 proportionale
1558 990 1653 1026 inter
1676 997 1796 1025 aream
1819 988 1929 1021 tetra-

141 1041 226 1087 goni
248 1041 410 1087 inscripti
434 1046 471 1077 et
495 1052 615 1077 aream
640 1042 900 1090 circumscripti
922 1046 1112 1092 tetragoni,
1149 1058 1241 1093 quae
1266 1051 1350 1083 sunt
1372 1046 1418 1082 ad
1441 1046 1593 1081 invicem
1616 1046 1656 1080 ut
1672 1043 1691 1077 1
1717 1040 1763 1077 ad
1779 1040 1812 1086 2,
1837 1046 1930 1085 quae

141 1095 389 1130 determinatio
415 1094 625 1139 quantitatis
651 1100 770 1131 certae
794 1096 903 1133 infert
927 1098 1076 1134 eandem
1101 1100 1311 1145 qualitatem
1334 1099 1433 1136 mesi.

256 1144 480 1184 XXXVII.
531 1145 845 1196 Propositio.
914 1148 1272 1201 Hekkacdecagoni
1323 1152 1427 1190 latus
1477 1147 1597 1187 habet
1653 1143 1928 1196 geometricam

144 1202 441 1254 descriptionem
473 1216 520 1243 ex
551 1205 717 1254 angulis,
749 1205 820 1246 sed
851 1206 983 1246 lateris
1015 1210 1177 1248 scientia
1207 1209 1360 1261 longius
1383 1211 1572 1258 evagatur
1591 1206 1632 1242 in
1653 1201 1795 1255 gradus
1815 1202 1928 1251 igno-

142 1261 298 1301 biliores
331 1262 508 1301 omnibus
537 1264 780 1313 praemissis,
819 1265 1019 1316 multoque
1050 1269 1174 1318 magis
1206 1268 1290 1319 ejus
1321 1267 1521 1308 stellarum
1551 1264 1692 1312 latera,
1735 1271 1806 1300 seu
1834 1258 1931 1298 sub-

144 1324 277 1359 tensae
309 1322 443 1371 tribus,
477 1323 659 1372 quinque,
691 1328 841 1372 septem
872 1324 1085 1364 sedecimis.
1709 1367 1712 1370 ,

257 1375 349 1420 Quia
373 1376 427 1412 bis
452 1381 532 1412 octo
557 1381 641 1413 sunt
665 1377 839 1424 sedecim,
873 1379 952 1414 ideo
975 1391 1041 1426 per
1063 1381 1158 1416 latus
1184 1381 1351 1427 octogoni
1381 1380 1497 1425 figura
1520 1377 1611 1413 haec
1634 1385 1679 1411 ex
1702 1372 1829 1410 iisdem
1851 1369 1931 1407 fun-

145 1427 319 1464 damentis
345 1428 566 1475 describitur,
593 1429 723 1474 quibus
748 1434 854 1466 antea
878 1437 1075 1478 octogonus
1099 1444 1166 1479 per
1188 1434 1282 1470 latus
1307 1433 1495 1478 tetragoni.
1709 1443 1715 1445 ·

257 1480 347 1515 Esto
373 1479 433 1525 ΩΟ
463 1483 543 1522 (mg.
570 1481 624 1521 10)
647 1481 741 1518 latus
765 1493 838 1519 non
857 1484 934 1529 jam
956 1486 1144 1533 tetragoni,
1171 1486 1235 1523 sed
1261 1486 1448 1533 octogoni,
1474 1488 1510 1522 et
1535 1483 1608 1530 QT,
1633 1481 1695 1517 ΤΟ
1718 1480 1833 1518 laterfl
1852 1477 1930 1523 jam

144 1532 383 1578 sedecanguli,
409 1537 444 1569 et
458 1533 517 1578 QP
531 1533 626 1570 latus
651 1536 775 1572 stellae
800 1538 1011 1583 octangulae
1037 1544 1133 1576 esto:
1158 1540 1196 1575 id
1220 1540 1289 1577 fuit
1311 1536 1413 1587 prius
1436 1539 1563 1583 mizon,
1589 1545 1673 1580 ergo
1697 1537 1735 1571 et
1757 1532 1829 1568 LM
1855 1530 1932 1576 ejus

144 1585 288 1622 dimidia
306 1590 382 1622 erat
397 1586 523 1621 mizon.
549 1587 667 1631 Quare
683 1590 932 1634 rectangulum
949 1593 1015 1628 sub
1034 1592 1090 1628 ST
1115 1592 1250 1630 effabili
1274 1596 1310 1629 et
1332 1594 1403 1629 LM
1426 1592 1564 1627 mizone
1593 1592 1649 1624 est
1673 1585 1805 1632 speciei
1827 1583 1933 1630 Plane

144 1649 274 1686 novae,
300 1639 401 1684 cujus
423 1639 517 1675 inter
541 1641 673 1685 gradus
698 1643 862 1688 superius
887 1644 1107 1690 explicatos,
1143 1650 1184 1682 ut
1208 1646 1423 1692 nobiliores,
1454 1642 1554 1680 nulla
1586 1640 1628 1677 fit
1651 1638 1796 1676 mentio.
1843 1635 1932 1672 Tale

144 1702 227 1728 vero
252 1703 384 1728 novum
408 1692 567 1728 ablatum
591 1695 635 1730 ab
661 1705 715 1741 eo,
742 1695 838 1741 quod
862 1697 928 1732 sub
953 1697 1026 1743 LT,
1053 1697 1121 1744 ΤΒ,
1147 1697 1353 1734 effabilibus
1378 1694 1613 1743 longitudine,
1639 1691 1854 1737 continetur,
1877 1699 1932 1727 re-

143 1744 272 1791 linquit
294 1745 423 1780 iterum
446 1745 673 1782 remotiorem
697 1747 853 1793 aliquam
873 1750 1039 1797 speciem,
1065 1751 1314 1798 rectangulum
1338 1750 1475 1788 scilicet
1499 1748 1565 1785 sub
1578 1746 1665 1792 MT,
1692 1744 1760 1790 TS,
1785 1742 1933 1790 aequale

145 1798 320 1843 quadrato
345 1797 424 1843 TQ,
457 1797 579 1834 lateris
604 1799 934 1847 hekkaedecagoni.
982 1803 1099 1840 Multo
1129 1805 1242 1850 magis
1265 1806 1304 1842 id
1326 1815 1450 1842 verum
1485 1802 1530 1839 de
1564 1797 1800 1847 pluriangulis
1823 1795 1932 1842 huillss

146 1850 293 1887 classis:
321 1854 361 1886 ut
387 1851 441 1896 32,
467 1851 522 1896 64,
550 1851 616 1888 128
639 1854 852 1899 angulorum
877 1858 944 1891 etc.

261 1899 359 1938 Cum
387 1902 444 1939 sic
474 1901 617 1941 habeat
647 1915 734 1942 cum
762 1905 883 1944 latere
919 1918 996 1946 uno
1027 1918 1097 1946 seu
1127 1909 1312 1947 subtensa
1342 1909 1410 1947 uni
1439 1906 1677 1953 sedecimae,
1715 1902 1799 1953 jam
1829 1899 1931 1939 illius

143 1960 319 2009 potentia
349 1959 480 1998 ablata
509 1972 533 1998 a
562 1964 738 2011 potentia
769 1963 957 2014 diametri,
989 1965 1171 2015 relinquit
1200 1967 1426 2006 subtensam
1455 1968 1602 2016 septem
1627 1960 1841 2009 sedecimis,
1874 1962 1934 1998 est

146 2018 263 2067 igitur
292 2017 360 2055 illa
389 2017 531 2068 gradus
562 2022 790 2063 remotioris.
848 2021 943 2062 Tres
974 2035 1066 2063 vero
1096 2023 1313 2064 sedecimae
1343 2025 1567 2064 subtensam
1601 2021 1746 2060 habent
1776 2018 1931 2058 dativa-⁵

147 2081 226 2114 tam
256 2086 281 2114 a
309 2075 497 2115 subtensa
526 2079 648 2118 tribus
679 2081 827 2119 octavis
856 2093 925 2132 per
955 2082 1226 2122 biscctionem:
1258 2079 1483 2134 sunt‘igitur
1511 2083 1552 2120 in
1576 2078 1770 2120 remotiori
1797 2075 1931 2127 gradu,

148 2145 265 2184 quam
294 2133 374 2174 illa.
433 2134 484 2173 Et
513 2138 688 2185 potentia
717 2139 925 2179 subtensae
957 2141 1079 2180 tribus
1110 2141 1312 2181 sedecimis
1344 2142 1475 2181 ablata
1503 2153 1528 2181 a
1547 2139 1724 2191 potentia
1744 2135 1933 2184 diametri,

146 2192 329 2242 relinquit
357 2195 572 2289 pogentiam
601 2197 807 2236 subtensae
839 2200 1007 2250 quinque
1038 2199 1255 2240 sedecimis.
1316 2201 1386 2239 Est
1415 2202 1531 2251 igitur
1565 2199 1662 2238 haec
1690 2206 1840 2236 rursum
1869 2204 1933 2232 re·-

150 2252 302 2290 motiori
331 2263 400 2301 gra
429 2263 466 2290 u.

262 2309 510 2350 XXXVIII.
540 2311 844 2363 Propositio.
893 2315 1053 2366 Trigoni
1079 2321 1118 2356 et
1135 2317 1328 2367 hexagoni
1347 2317 1469 2356 latera
1488 2318 1762 2368 geometricam
1789 2309 1934 2350 habent

151 2367 447 2418 descriptionem
477 2381 524 2409 ex
553 2371 705 2421 angulis
733 2371 952 2424 figurarum,
984 2379 1022 2413 et
1051 2377 1089 2413 in
1109 2375 1292 2414 circulum
1312 2378 1506 2426 inscripta,
1538 2379 1627 2414 sunt
1647 2371 1808 2420 scibilia,
1840 2366 1935 2407 illud

152 2428 285 2478 tertio,
323 2427 396 2466 hoc
425 2429 593 2468 secundo
624 2430 766 2482 gradu3
806 2432 925 2484 plana
953 2443 1046 2472 vero
1077 2445 1148 2474 seu
1177 2446 1290 2474 areae
1319 2434 1527 2485 figurarum
1557 2437 1647 2472 sunt
1674 2441 1800 2478 mesa,
1841 2437 1933 2478 pro-

150 2487 337 2535 portionis
366 2487 464 2525 inter
493 2499 534 2527 se
565 2487 718 2540 duplae.

362 2565 426 2599 ΠΕ·
447 2565 489 2593 1¹·
699 2595 718 2631 1
754 2597 788 2638 1)
815 2545 1606 2647 Τῖἶῗείἳῖρὲῗέἓῗ“ἑὶῗάιῖῗῖἶέᾆῖἒὲζῖῂέῗ
1628 2539 1933 2634 ῗὲἱῗρᾚῗοῗὲῗέ

720 2623 726 2631 .
793 2625 800 2633 .
1594 2627 1603 2646 ,

696 2649 760 2686 dos
791 2654 945 2698 taceam,
977 2653 1018 2688 fit
1053 2652 1228 2690 beneficio
1258 2653 1470 2699 hexagonici
1498 2653 1636 2697 lateris,
1679 2649 1764 2696 quia
1795 2648 1840 2685 de
1870 2657 1934 2683 ΒΘΖ

700 2703 805 2739 semis
835 2709 919 2740 sunt
941 2705 1019 2741 tria.
1068 2704 1119 2741 Et
1141 2705 1320 2752 hexagoni
1343 2706 1486 2752 quidem
1510 2702 1700 2749 descriptio
1729 2705 1765 2738 et
1786 2699 1933 2745 inscrip-

696 2754 748 2791 tio
773 2758 857 2792 sunt
879 2757 1060 2795 Eucl.1V.
1080 2759 1131 2794 15.
1180 2758 1250 2794 Sed
1274 2759 1496 2796 ostendenda
1519 2762 1574 2795 est
1594 2754 1800 2794 consecutio
1824 2760 1933 2800 quan·

698 2807 811 2844 titatis
834 2808 957 2845 lateris
982 2820 1027 2846 ex
1050 2810 1261 2856 angulorum
1284 2813 1493 2850 rationibus.

815 2861 868 2898 Sit
898 2861 1109 2909 hexagonus
1138 2863 1341 2902 BHCGDF.
1389 2865 1477 2901 Cum
1506 2863 1614 2910 igitur
1645 2862 1717 2899 sint
1749 2856 1871 2905 anguu
1900 2857 1932 2915 (ἒ,
1976 2895 1984 2905 .

700 2912 847 2960 planum
878 2915 984 2951 etiam
1007 2915 1186 2961 hexagoni
1210 2917 1385 2955 dividetur
1417 2917 1454 2952 in
1475 2915 1655 2962 triangula
1683 2924 1763 2960 sex,
1795 2909 1934 2948 vertici·

701 2969 768 3005 bus
793 2968 830 3003 in
855 2972 975 3003 centro
992 2967 1024 3004 A
1047 2969 1221 3016 coeuntia,
1247 2970 1352 3016 quale
1375 2980 1484 3006 unum
1509 2973 1564 3005 est
1581 2968 1684 3005 CAG.
1709 2966 1825 3011 Quare
1849 2971 1933 3009 qua·

698 3024 782 3056 tuor
812 3025 1007 3067 rectorum,
1042 3025 1203 3058 centrum
1234 3023 1268 3058 A
1302 3021 1624 3066 circumstantium,
1657 3029 1793 3056 summa
1822 3013 1934 3052 divisa

697 3077 735 3113 in
760 3084 823 3112 sex
847 3073 1016 3120 vertices,
1048 3073 1110 3109 dat
1133 3075 1194 3110 uni
1217 3075 1375 3112 verticali
1399 3073 1527 3120 angulo
1546 3073 1638 3110 CAG
1670 3076 1823 3119 quatuor
1853 3077 1932 3103 sex-

696 3132 770 3175 tas,
814 3139 878 3167 seu
911 3130 999 3167 duas
1029 3127 1155 3165 tertias
1190 3129 1294 3166 unius
1332 3127 1432 3166 recti.
1491 3125 1601 3172 Atqui
1638 3122 1805 3170 trianguli
1841 3115 1933 3157 CAG
1986 3154 1988 3166 ,
