1994 3276
151 95 255 133 294-
666 94 722 130 De
745 72 907 131 Motibus
931 95 1164 133 Planetarum
1186 95 1427 133 Harmonicis.

911 277 1099 325 CAPUT
1136 278 1205 325 vl.

151 371 199 404 In
224 370 596 407 extremitatibus
620 375 815 408 motuum
838 373 1197 419 planetariorum
1231 384 1476 420 expressos
1507 383 1605 410 esse
1636 367 1950 419 quodammodo

714 431 878 483 ¹modos
904 443 984 468 seu
1008 437 1135 470 tonos
1161 433 1376 468 musicos.

265 536 449 587 Sequitur
479 537 554 577 hoc
585 549 631 577 ex
663 538 870 578 antedictis
901 551 973 578 nec
1005 551 1103 590 opus
1133 549 1192 578 est
1222 538 1354 578 multis
1388 539 1528 587 verbis,
1561 536 1705 588 singuli
1733 536 1834 575 enim
1863 535 1952 585 pla-

149 603 263 634 netae
295 596 450 645 singula
481 596 769 646 quodammodo
807 599 964 645 signant
1000 598 1087 637 loca
1117 599 1340 649 systematis
1381 602 1491 636 motu
1521 595 1729 648 perihelio‚
1762 599 1953 644 quatenus

150 653 283 692 datum
326 660 386 693 est
417 650 599 704 singulis,
644 667 865 706 percurrere
897 661 1043 695 certum
1073 656 1233 707 aliquod
1271 655 1519 695 intervallum
1560 655 1600 692 in
1639 653 1747 693 scala
1789 655 1952 699 musica,

150 714 263 751 certis
295 712 380 762 ejus
413 712 590 751 clavibus
622 725 692 752 seu
724 714 823 752 locis
854 715 1077 765 systematis
1099 714 1432 766 comprehensum,
1465 713 1653 763 cujusque
1684 712 1734 750 ab
1755 710 1823 749 illa
1844 709 1954 749 clave

149 782 218 809 seu
249 770 335 809 loco
369 772 584 820 inceptum,
632 773 699 821 qui
732 773 859 822 capite
888 773 1136 824 praecedenti
1173 767 1336 823 contigit
1366 772 1470 811 illius
1501 772 1624 810 motui
1655 768 1832 820 aphelio,
1878 767 1954 806 Sa-

149 833 262 867 turno
305 828 462 879 quidem
500 834 538 868 et
577 829 720 868 Terrae
747 829 800 879 G,
842 835 883 869 at
913 830 1008 870 Jovi
1037 832 1084 879 h,
1130 843 1230 882 quae
1270 832 1308 868 in
1345 828 1380 870 G
1410 830 1527 868 altius
1570 828 1771 878 transponi
1811 830 1952 876 potest,

150 887 269 925 Marti
295 888 361 938 sp,
394 887 540 926 Veneri
571 900 610 936 e,
642 888 835 927 Mercurio
867 902 894 928 a
923 891 962 927 in
995 889 1125 928 altiori
1155 894 1381 941 systemate.
1441 887 1545 927 Vide
1575 885 1750 936 singulos
1781 886 1820 922 in
1850 885 1954 923 notis

154 946 318 984 usitatis.
379 945 466 984 Non
498 946 665 985 formant
696 946 854 997 quidem
883 948 1131 986 intermedios
1162 948 1282 996 locos,
1318 958 1416 998 quos
1446 938 1510 995 hic
1541 945 1652 984 vides
1681 945 1783 983 notis
1814 942 1955 993 imple-

153 1010 224 1050 tos,
258 1004 475 1052 articulate,
507 1006 609 1043 sicut
640 1010 844 1051 extremm,
877 1008 970 1055 quia
1003 1007 1051 1045 ab
1069 1018 1145 1044 uno
1168 1011 1339 1046 extremo
1371 1016 1448 1044 non
1475 1003 1639 1043 saltibus
1671 1009 1710 1041 et
1727 1000 1955 1049 intervallis,

151 1061 219 1100 sed
262 1064 448 1100 continua
485 1065 661 1102 tensione
697 1066 873 1102 nituntur
903 1064 953 1103 ad
992 1066 1238 1114 oppositum,
1281 1064 1411 1103 media
1451 1063 1580 1101 omnia
1611 1059 1782 1112 (infinita
1810 1060 1850 1096 in
1880 1070 1955 1110 po-

150 1121 292 1171 tentia)
322 1125 566 1170 permeantes
597 1127 705 1171 actu,
746 1121 786 1160 id
817 1122 922 1172 quod
941 1123 1065 1162 ⁴aliter
1096 1135 1119 1161 a
1149 1134 1210 1162 me
1241 1134 1317 1162 non
1359 1123 1488 1173 potuit
1517 1121 1701 1172 exprimi,
1739 1129 1856 1169 quam
1885 1129 1955 1168 per

151 1179 373 1217 continuam
403 1181 540 1218 seriem
572 1185 751 1219 notarum
783 1181 1110 1220 intermediarum.
1171 1181 1306 1220 Venus
1338 1181 1417 1220 fere
1446 1184 1578 1218 manet
1607 1180 1646 1216 in
1666 1178 1844 1224 unisono,
1876 1186 1954 1214 non

78 1271 89 1279 .
150 1249 324 1288 aequans
356 1239 544 1276 tensionis
575 1238 831 1290 amplitudine
861 1240 938 1294 vel*
958 1241 1158 1278 minimum
1189 1252 1237 1279 ex
1268 1239 1468 1279 concinnis
1499 1232 1731 1277 intervallis.

290 1483 478 1518 Saturnus.
758 1484 912 1531 Jupiter.
982 1530 985 1532 -
1260 1485 1360 1520 Mars
1384 1484 1471 1521 fere.
1774 1458 1895 1517 Terra.

221 1607 438 1708 ,ΕΞΞΙ
447 1610 851 1731 ffi,3
854 1583 1955 1707 233—05—*0-:332-—3152303333

221 1681 432 1709 -ῇ-,ἶῖ
494 1679 654 1724 ΞΕ,
1203 1682 1465 1725 -ῂξ
1753 1679 1812 1683 lm
1838 1677 1946 1682 *-

259 1766 395 1803 Venus.
881 1768 1095 1804 Mercurius.
1555 1767 1624 1803 Hic
1647 1766 1766 1802 locum
1795 1763 1907 1799 habet

1619 1820 1727 1856 etiam
1750 1817 1797 1862 3).
1813 1810 1866 1865 ⁴²⁶)

269 1914 390 1964 Atqui
421 1917 622 1964 signatura
653 1916 815 1954 duarum
846 1918 885 1954 in
917 1920 1111 1961 communi
1141 1921 1353 1968 systemate
1384 1917 1554 1956 clavium
1587 1921 1626 1955 et
1654 1917 1833 1957 formatio
1864 1929 1950 1957 sce-

151 1973 222 2011 leti
263 1978 427 2011 octavae
465 1986 533 2023 per
575 1974 961 2024 comprehensionem
1004 1978 1097 2014 certi
1137 1976 1330 2015 intervalli
1372 1977 1546 2015 concinni
1591 1978 1651 2018 est
1693 1972 1951 2015 rudimentum

154 2030 351 2081 quoddam
393 2032 652 2070 distinctionis
696 2038 874 2071 tonorum
911 2045 981 2072 seu
1020 2034 1246 2082 modorum,
1291 2040 1380 2072 sunt
1411 2045 1502 2083 ergo
1541 2033 1647 2071 modi
1675 2037 1815 2073 musici
1852 2036 1952 2073 inter

150 2089 329 2140 planetas
361 2089 574 2139 dispertiti„
622 2089 711 2128 Scio
742 2091 933 2140 equidem,
965 2091 1016 2129 ad
1046 2092 1315 2135 formationem
1345 2098 1383 2131 et
1403 2091 1666 2131 definitionem
1684 2093 1950 2132 distinctorum

150 2147 354 2186 modorum
383 2150 524 2197 requiri
558 2148 679 2198 plura,
714 2160 814 2198 quae
847 2154 983 2187 cantus
1004 2150 1186 2198 humani,
1219 2152 1362 2201 quippe
1387 2149 1636 2200 intervallati,
1667 2156 1756 2190 sunt
1776 2151 1950 2202 proprian

151 2208 283 2256 itaque
315 2217 412 2244 voce
443 2206 739 2255 quodammodo
770 2219 855 2245 sum
884 2219 990 2245 usus.
1963 2214 1967 2219 ’

147 2314 149 2316 ¹
267 2264 451 2303 Liberum
481 2273 610 2303 autem
642 2267 713 2303 erit
741 2265 1013 2312 harmonistae‚
1045 2267 1275 2304 sententiam
1306 2266 1529 2317 depromere
1548 2275 1685 2316 suam,'
1703 2279 1817 2317 quem
1839 2270 1948 2317 quis-

153 2334 228 2372 que
258 2323 416 2373 planeta
446 2323 605 2361 modum
636 2324 824 2373 exprimat
855 2325 1031 2374 propius,
1071 2325 1250 2362 extremis
1280 2324 1344 2363 hic
1373 2326 1447 2374 ipsi
1467 2326 1697 2375 assignatis.
1756 2326 1841 2375 Ego
1872 2325 1947 2364 Sa-

152 2386 264 2420 turno
296 2380 426 2419 darem
467 2392 514 2419 ex
544 2382 698 2419 usitatis
727 2383 934 2432 septimum
966 2381 1029 2420 vel
1060 2386 1262 2430 octavum,
1305 2384 1398 2432 quia
1440 2383 1473 2420 si
1501 2383 1710 2422 radicalem
1741 2384 1826 2434 ejus
1865 2383 1947 2422 cla—
1993 2405 1994 2408 =

153 2451 242 2478 vem
271 2450 395 2489 ponas
431 2437 485 2487 G,
525 2439 734 2490 perihelius
765 2446 894 2478 motus
926 2439 1098 2479 ascendit
1128 2440 1177 2478 ad
1208 2441 1252 2489 ἧς
1294 2440 1389 2479 Jovi
1426 2441 1591 2490 primum
1630 2442 1694 2480 vel
1723 2438 1945 2490 secundum,

153 2499 247 2546 quia
278 2497 432 2547 aphelio
465 2498 549 2547 ejus
580 2503 686 2536 motu
718 2498 769 2536 ad
803 2497 838 2536 G
868 2497 1181 2552 accommodato,
1221 2499 1431 2548 pei-ihelius
1461 2499 1513 2537 ad
1543 2500 1566 2538 b
1595 2501 1790 2550 pervenit3
1829 2499 1947 2538 Marti

155 2557 332 2605 quintum
363 2554 426 2593 vel
456 2560 619 2603 sextum,
652 2567 729 2593 non
761 2567 806 2594 eo
839 2561 1008 2604 tantum,
1041 2557 1133 2605 quia
1162 2557 1240 2594 fere
1271 2556 1452 2607 diapente
1481 2559 1718 2607 assequitur,
1750 2557 1855 2607 quod
1885 2559 1946 2596 in-

153 2613 359 2652 tervallum
389 2624 590 2652 commune
632 2618 691 2652 est
721 2615 898 2652 omnibus
928 2614 1073 2661 modis,
1108 2614 1184 2652 sed
1214 2614 1301 2653 ideo
1342 2617 1605 2665 potissimum,
1647 2618 1738 2666 quia
1767 2615 1946 2654 redactus
1970 2651 1973 2655 ,

156 2683 243 2710 cum
273 2673 409 2710 ceteris
451 2672 500 2709 ad
532 2683 733 2710 commune
764 2677 946 2722 systema,
978 2672 1166 2723 perihelio
1196 2677 1303 2710 motu
1335 2686 1354 2711 c
1384 2675 1622 2723 assequitur,
1664 2673 1819 2724 aphelio
1849 2673 1900 2712 ad
1926 2673 1972 2724 f.

155 2729 304 2777 alludit,
337 2741 437 2779 quae
468 2729 577 2767 radix
609 2735 667 2768 cst
696 2731 776 2768 toni
807 2741 875 2767 seu
906 2731 1011 2769 modi
1041 2730 1166 2779 quinti
1198 2730 1263 2769 vel
1290 2733 1412 2780 sexti;
1454 2731 1600 2770 Telluri
1631 2731 1761 2771 darem
1791 2733 1966 2774 tertiums

155 2787 220 2825 vcl
251 2793 450 2837 quartum,
497 2789 589 2837 quia
619 2790 719 2826 intra
749 2789 993 2826 semitonium
1037 2788 1120 2837 ejus
1150 2794 1278 2827 motus
1316 2794 1538 2838 vertuntur,
1580 2795 1617 2828 et
1649 2801 1740 2828 vero
1780 2791 1953 2839 primum

156 2845 308 2883 illorum
339 2850 517 2883 tonorum
547 2845 792 2884 intervallum
822 2851 880 2883 est
909 2847 1174 2896 semitonium3
1210 2847 1400 2886 Mercurio
1431 2859 1523 2886 vero
1565 2848 1615 2886 ob
1651 2847 1973 2898 amplitudinem,

157 2903 349 2941 intervalli
387 2906 604 2953 promiscue
645 2915 777 2942 omnes
813 2903 916 2941 modi
956 2904 1018 2942 vel
1050 2907 1130 2942 toni
1162 2907 1414 2954 convenient,
1457 2905 1600 2956 Veneri
1643 2906 1693 2944 ob
1723 2906 1943 2954 angustiam

159 2961 351 2998 intervalli
380 2962 495 3011 plane
526 2962 666 3010 nullus,
699 2967 739 3000 at
770 2962 819 3000 ob
850 2973 1049 3000 commune
1080 2968 1250 3012 systema
1280 2965 1394 3001 etiam
1426 2964 1559 3001 tertius
1591 2968 1629 3001 et
1649 2960 1819 3013 quartia,
1852 2964 1943 3012 quia
1970 2958 1974 2962 ⁷

158 3019 243 3067 ipsa
272 3026 447 3068 respectu
479 3025 688 3059 ceterorum
719 3020 867 3058 obtinet
897 3033 928 3057 e.
980 3022 1113 3065 (Tellus
1128 3023 1223 3058 canit
1239 3024 1319 3067 MI,
1332 3023 1414 3067 FA,
1431 3023 1509 3068 MI,
1522 3027 1561 3058 ut
1572 3024 1628 3059 vel
1643 3034 1687 3059 ex
1705 3022 1841 3069 syllaba
1859 3033 1940 3058 con-

156 3079 269 3125 jicias,
293 3080 330 3115 in
354 3082 423 3118 hoc
446 3087 569 3120 nostro
596 3081 772 3118 domicilio
797 3080 995 3119 MIseriam
1019 3086 1055 3116 et
1079 3081 1243 3132 FAmem
1269 3081 1463 3127 obtinere.)
