1994 3276
150 115 233 158 258
702 116 759 153 De
784 116 1136 163 Configurationibus
1160 117 1398 155 Harmonicis.

144 235 400 274 mulationem
430 239 635 275 exsereret.
695 234 838 274 Totum
876 236 951 275 hoc
989 239 1212 287 negotium,
1251 239 1440 287 inquam,
1481 237 1609 277 simile
1646 242 1705 277 est
1742 239 1953 285 memoriae

144 294 382 332 animalium.
442 293 544 332 Nam
573 293 742 333 hominis
773 294 894 333 semel
925 295 1002 333 visi
1033 298 1203 346 speciem
1234 297 1363 334 animo
1395 298 1670 347 circumgesto‚
1709 307 1782 335 nec
1824 301 1974 335 tamen,

145 363 234 391 eum
262 357 508 403 praesentem
538 363 688 403 semper
734 352 862 392 habeo
894 355 1219 404 cogitationibus3
1265 359 1306 393 at
1347 355 1415 394 ubi
1454 366 1604 393 rursum
1634 356 1856 405 apparuerit
1887 354 1953 394 ille

143 416 212 449 aut
242 410 379 449 similis
411 410 574 460 aliquis,
617 411 680 449 hic
705 410 789 460 jam
821 411 869 450 de
900 423 1005 450 novo
1038 413 1187 451 elicitur
1218 417 1257 451 et
1286 414 1326 450 in
1357 418 1449 452 actu
1479 413 1678 464 cogitandi
1709 414 1954 452 constituitur

143 471 294 521 species
325 469 394 507 illa
425 471 587 520 pristina
618 481 685 520 per
713 471 1053 520 reminiscentiam.
1093 471 1177 510 Etsi
1207 471 1375 509 nobilior
1405 474 1444 509 in
1474 472 1549 510 hoc
1580 477 1638 511 est
1668 471 1837 510 hominis
1867 483 1952 510 me-

142 529 285 576 moria,
327 527 434 578 quod
464 529 520 567 rei
550 533 789 567 memoratae
820 540 897 567 non
931 534 1083 567 tantum
1113 530 1164 568 ab
1196 541 1359 568 occursu
1388 530 1582 569 forinseco
1612 529 1844 578 admoneor,
1884 530 1952 569 sed

144 587 263 625 etiam
293 597 355 625 me
386 586 819 637 ipsum·quoties·volo
851 587 1066 627 admoneo:
1100 589 1193 638 quia
1223 589 1404 627 nimirum
1425 587 1662 627 discurrendi
1682 587 1847 627 facultas
1878 588 1952 627 ad-

142 650 202 683 est
231 645 402 693 homini,
442 656 544 694 quae
576 645 685 684 deest
716 645 807 684 huic
838 647 1005 685 animae.
1059 646 1213 685 ,Verum
1243 647 1342 686 haec
1371 648 1410 685 in
1441 646 1769 697 contemplatione
1796 647 1951 686 animae

141 703 337 742 humanae
369 708 480 742 erunt
510 704 765 742 evidentiora.
1978 751 1981 753 ,

254 762 368 800 Nunc
399 773 477 800 una
508 761 728 809 difficultas,
762 773 881 812 supra
912 763 1030 800 etiam
1059 767 1189 811 tacta,
1223 763 1292 802 sed
1323 763 1473 812 leviter,
1505 767 1564 802 est
1597 762 1870 812 dissolvenda,
1902 762 1948 802 de

140 819 258 859 modo
289 825 328 858 et
357 819 496 858 mediis
526 821 774 871 receptionis.
837 820 939 859 Nam
979 820 1083 871 quod
1125 833 1196 860 nos
1239 822 1415 861 homines
1457 821 1654 860 sensilium
1693 822 1843 872 species
1887 823 1948 859 in—

140 879 377 917 trorsum‘in
409 880 578 916 animam
610 880 843 930 recipimus,
884 890 947 918 res
980 878 1133 917 videtur
1165 880 1349 931 expedita
1389 884 1428 919 et
1465 880 1606 931 plana3
1648 884 1737 918 sunt
1778 881 1880 918 enim
1909 881 1948 917 in

139 936 346 988 propatulo
376 937 567 976 foramina
599 937 849 988 pupillarum,
881 949 950 987 per
981 949 1079 987 quas
1110 938 1398 988 ingrediuntur,
1431 944 1490 977 est
1511 938 1659 986 oculus,
1693 939 1837 988 speciei
1866 938 1947 976 sor-

138 1000 275 1044 mator,
315 1001 374 1034 est
404 995 653 1046 crystallinus
684 995 835 1044 humor,
867 996 1040 1045 penicilli
1073 996 1216 1035 radiosi
1245 1002 1506 1047 temperator,
1549 1002 1609 1035 est
1637 997 1842 1035 retisormis
1873 1008 1947 1048 op-

139 1055 208 1092 tici
238 1055 347 1092 nervi
378 1056 525 1102 tunica,
569 1055 743 1104 picturae
783 1065 911 1092 rerum
941 1055 1173 1093 exteriorum
1204 1057 1412 1106 exceptrix.
1473 1054 1579 1093 Nihil
1610 1054 1688 1093 tale
1717 1059 1879 1106 apparet
1908 1056 1946 1092 in

140 1123 300 1162 corpore
331 1111 510 1161 Telluris,
541 1111 672 1151 nullus
703 1112 766 1151 hic
796 1112 954 1161 oculus,
986 1124 1064 1163 quo
1097 1116 1226 1152 anima
1257 1113 1398 1153 Terrae
1431 1113 1562 1152 videat
1591 1112 1828 1152 radiationes
1858 1112 1947 1165 pla-

139 1176 315 1209 netarum
346 1182 558 1221 eorumque
588 1170 774 1221 angulos:
824 1171 1022 1221 quomodo
1053 1172 1171 1221 igitur
1202 1173 1329 1211 lucem
1360 1173 1502 1211 sentiet
1531 1173 1810 1220 sine‚visione,
1842 1182 1943 1222 quo-

138 1228 255 1267 modo
286 1231 474 1280 percipiet
504 1233 572 1267 aut
603 1230 769 1280 excipiet
799 1229 965 1280 angulos
997 1231 1079 1269 sine
1110 1229 1397 1269 instrumento}>
1457 1229 1677 1274 Difficultas
1708 1235 1767 1269 est
1796 1229 1941 1280 aliqua,

138 1288 275 1336 fateor,
314 1292 355 1326 at
396 1290 431 1326 si
460 1288 629 1338 penitius
667 1299 747 1326 rem
779 1289 986 1336 intucaris,
1030 1291 1243 1327 communis
1284 1288 1354 1327 illa
1396 1292 1455 1326 est
1485 1293 1524 1327 et
1554 1288 1616 1326 hic
1647 1292 1685 1327 et
1714 1287 1805 1327 illic.
1866 1288 1944 1327 Adi

138 1357 251 1384 meae
290 1344 449 1396 Optices
494 1346 595 1383 Astr.
637 1348 759 1396 partis
801 1357 890 1397 pag.
935 1347 1014 1385 169
1061 1349 1254 1395 <11.232.>‚
1303 1346 1454 1385 videbis
1497 1348 1699 1396 antiquam
1746 1346 1944 1396 querelam

140 1406 259 1443 etiam
298 1404 346 1443 de
388 1406 476 1443 visu
514 1404 696 1443 humano.
757 1403 858 1442 Nam
898 1406 969 1442 etsi
1010 1404 1096 1442 loco
1136 1405 1204 1443 illo
1246 1405 1405 1444 modum
1445 1404 1602 1445 videndi
1639 1417 1663 1444 a
1693 1416 1755 1443 me
1785 1403 1943 1444 tandem

129 1469 228 1515 post
259 1468 316 1501 tot
346 1462 582 1501 frustraneos
625 1463 790 1501 aliorum
828 1468 991 1501 conatus
1035 1462 1268 1502 solidissime
1311 1463 1614 1502 demonstratum
1653 1463 1822 1502 fatentur
1852 1462 1942 1506 dili-

138 1522 333 1572 gentiores
364 1522 484 1572 optici
514 1526 553 1559 et
582 1520 721 1559 medici
753 1522 962 1559 anatomici
984 1522 1230 1571 (quanquam
1251 1522 1314 1560 Fr.
1339 1521 1584 1571 Aquilonius‚
1617 1521 1728 1571 cujus
1758 1516 1942 1572 magnum

140 1591 238 1630 opus
261 1578 489 1630 Opticorum
519 1584 611 1618 ante
643 1581 669 1617 4
689 1590 813 1618 annos
845 1579 1002 1629 prodiit,
1042 1579 1184 1618 librum
1213 1591 1344 1619 meum
1374 1590 1452 1617 non
1483 1579 1582 1618 vidit
1613 1590 1737 1629 eoque
1767 1581 1807 1617 in
1837 1582 1942 1619 anti-

139 1649 217 1688 quo
249 1649 374 1677 errore
405 1639 508 1677 circa
551 1637 710 1676 modum
753 1638 916 1676 visionis
959 1649 1104 1676 novam
1145 1650 1239 1677 sane
1285 1650 1404 1688 quam
1434 1637 1635 1689 pulchram
1664 1638 1771 1677 irrito
1802 1639 1942 1677 struxit

138 1695 379 1747 pergulam):
411 1702 541 1735 tamen
573 1696 638 1735 ille
669 1695 826 1735 videndi
857 1695 995 1735 modus
1027 1707 1105 1735 non
1137 1697 1237 1735 ultra
1266 1697 1501 1736 retisormem
1531 1698 1702 1736 tunicam
1731 1707 1818 1735 sese
1847 1707 1941 1747 por-

138 1757 248 1805 rigit,
290 1766 368 1805 qua
398 1755 592 1805 perspicui
623 1759 713 1793 sunt
742 1754 924 1793 humores
956 1754 1079 1804 oculi;
1119 1759 1296 1806 superest
1325 1754 1452 1793 adhuc
1483 1756 1683 1806 quaestio,
1721 1754 1888 1794 necdum
1916 1766 1941 1793 a

140 1813 335 1864 physicis,
366 1814 415 1852 ad
447 1825 546 1863 quos
577 1813 811 1864 provocavi,
845 1812 1042 1862 discussa,
1084 1813 1280 1862 quomodo
1313 1815 1463 1864 pictura
1492 1814 1548 1852 rei
1578 1812 1792 1862 videndae,
1824 1825 1849 1851 a
1878 1824 1940 1853 me

141 1872 308 1910 formata
337 1873 377 1909 in
407 1871 592 1910 retiformi
623 1873 766 1919 tunica,
798 1871 887 1909 inde
918 1883 1032 1922 porro
1064 1883 1131 1921 per
1161 1883 1285 1923 opaca
1306 1873 1476 1922 corporis
1497 1873 1704 1911 introrsum
1732 1871 1941 1921 recipiatur

141 1929 192 1968 ad
223 1931 377 1969 animae
407 1929 657 1981 penetralia?
699 1941 799 1968 anne
837 1929 941 1967 foras
972 1931 1102 1968 anima
1143 1929 1409 1981 progrediatur
1439 1932 1479 1968 in
1508 1930 1594 1979 eJus
1625 1929 1858 1968 occursum?
1901 1934 1940 1968 et

141 1999 242 2038 quae
272 1988 334 2026 his
365 1987 588 2027 adhaerent.
650 1987 781 2038 Atque
812 1998 908 2036 ego,
956 1994 998 2025 ut
1027 1989 1194 2038 ingenue
1225 1989 1371 2037 fatear,
1414 1987 1502 2039 plus
1531 1989 1571 2025 in
1602 1989 1753 2027 visione
1783 1988 1938 2037 haereo,

141 2057 260 2095 quam
291 2046 330 2083 in
363 2046 438 2085 hac
467 2047 715 2097 perceptione
746 2045 880 2095 anguli
909 2045 1127 2091 radiorum,
1167 2046 1214 2085 de
1246 2059 1324 2095 qua
1353 2046 1488 2085 videor
1516 2045 1611 2084 mihi
1640 2045 1833 2085 balbutire
1863 2046 1940 2084 ali-
1967 2069 1971 2073 -

142 2104 235 2154 quid
266 2116 344 2143 non
375 2106 503 2156 inepte
535 2115 661 2154 posse,
696 2115 783 2142 cum
814 2105 853 2141 in
885 2103 953 2142 illa
986 2105 1141 2142 omnino
1172 2106 1245 2142 sim
1276 2109 1418 2143 mutus.
1448 2104 1610 2142 Possem
1641 2103 1800 2154 quidem
1829 2109 1940 2143 salva
1975 2113 1980 2116 ·

139 2174 266 2201 rerum
296 2174 447 2201 summa
478 2162 743 2211 subterfugere
774 2162 1051 2212 speculationis
1080 2162 1272 2211 laborem,
1315 2167 1354 2201 et
1383 2163 1601 2212 quaerenti,
1643 2163 1786 2213 quibus
1817 2161 1938 2201 oculis
1976 2160 1979 2163 ’

141 2222 271 2260 anima
301 2221 443 2260 Terrae
475 2221 607 2260 videat
639 2219 769 2259 radios
799 2220 980 2265 siderum,
1011 2220 1263 2271 respondere:
1295 2219 1443 2269 iisdem,
1476 2221 1618 2270 quibus
1649 2220 1748 2259 vidit
1775 2220 1939 2259 militem
1993 2243 1994 2246 =

142 2290 230 2318 cum
259 2280 457 2319 laciniosis
489 2280 637 2328 caligis,
683 2279 794 2328 quus
826 2280 1032 2327 imaginem
1063 2279 1258 2328 plantavit
1287 2281 1326 2315 in
1356 2278 1486 2328 lapide
1516 2278 1639 2317 fissili.
1674 2278 1846 2318 *Verum
1875 2279 1938 2316 in·-
1993 2277 1994 2282 ’

141 2339 238 2377 ertia
268 2350 371 2377 mors
402 2343 461 2377 est
489 2337 773 2388 philosophiae,
806 2338 985 2374 vivamus
1015 2347 1086 2374 nos
1116 2341 1154 2375 et
1184 2348 1441 2376 exerceamur.

254 2397 428 2435 Primum
457 2398 586 2435 anima
616 2397 749 2445 puncti
779 2396 967 2434 rationem
996 2395 1132 2433 sortita
1162 2400 1220 2433 est
1251 2400 1341 2434 actu
1373 2394 1530 2444 (saltem
1559 2395 1708 2433 ratione
1738 2393 1937 2444 alligatio—

139 2455 199 2492 nis
237 2455 289 2493 ad
319 2466 458 2505 corpus
489 2451 647 2507 suum),
689 2453 822 2493 circuli
851 2453 1016 2504 figuram
1046 2457 1258 2504 potestate3
1300 2464 1399 2503 quae
1431 2464 1518 2491 cum
1547 2454 1599 2492 sit
1627 2453 1807 2503 energia,
1840 2451 1937 2490 didit

139 2524 226 2552 sese
257 2514 307 2551 ab
337 2513 405 2551 illa
435 2512 527 2552 sede
565 2513 695 2563 puncti
737 2514 773 2549 in
806 2511 1008 2560 circulum3
1053 2513 1137 2549 sive
1175 2513 1277 2549 enim
1316 2512 1456 2550 sentire
1485 2511 1626 2550 debeat
1655 2523 1716 2550 res
1746 2515 1934 2557 externas,

139 2571 231 2611 illae
263 2571 507 2621 sphaericum
537 2573 576 2608 in
608 2570 766 2609 modum
796 2581 882 2608 sese
913 2571 1171 2616 circumstant,
1203 2570 1287 2607 sive
1318 2580 1456 2619 corpus
1488 2581 1631 2619 regere,
1664 2579 1803 2619 corpus
1834 2579 1935 2618 quo-

140 2641 217 2680 que
249 2629 537 2679 circumjectum
568 2628 697 2677 habet,
730 2630 816 2677 ipsa
845 2627 941 2666 latet
972 2629 1087 2675 intus,
1118 2626 1292 2666 radicata
1322 2628 1361 2664 in
1391 2632 1534 2678 puncto
1567 2627 1651 2676 ejus
1683 2632 1800 2675 certo,
1831 2625 1934 2664 unde

140 2690 219 2726 exit
248 2699 316 2738 per
346 2689 516 2739 speciem
547 2688 606 2725 sui
637 2688 676 2723 in
707 2696 846 2735 corpus
876 2685 1079 2735 reliquum.
1141 2685 1194 2723 At
1225 2686 1290 2734 qui
1324 2691 1460 2738 exeat,
1491 2687 1565 2723 nisi
1595 2696 1664 2735 per
1692 2685 1817 2723 lineas
1847 2695 1934 2723 rec-

140 2746 228 2785 tas?
259 2746 333 2785 hoc
365 2748 466 2785 enim
497 2757 586 2784 vere
618 2749 676 2783 est
707 2745 828 2793 exire,
871 2745 937 2793 qui
968 2743 1086 2781 alium
1119 2743 1283 2781 exeundi
1314 2755 1460 2782 morem
1490 2743 1646 2790 habeat,
1677 2743 1767 2794 ipsa
1797 2747 1835 2781 et
1865 2741 1933 2781 lux

141 2806 309 2843 existens
340 2809 378 2843 et
407 2805 575 2852 flamma,
608 2815 726 2853 quam
756 2814 780 2840 a
809 2802 980 2839 fontibus
1011 2803 1091 2839 suis
1113 2807 1254 2839 exeunt
1274 2801 1351 2840 alia
1382 2802 1539 2846 lumina,
1571 2801 1683 2839 lineis
1713 2811 1767 2839 sc.
1787 2798 1933 2839 rectis?

140 2862 343 2911 Egreditur
374 2863 490 2912 igitur
521 2873 656 2901 versus
689 2861 877 2899 exteriora
908 2860 1078 2909 corporis
1109 2859 1246 2898 iisdem
1275 2859 1441 2910 legibus,
1473 2860 1614 2909 quibus
1645 2859 1933 2911 circumstantia

140 2918 368 2959 firmamenti
398 2921 546 2959 lumina
578 2931 711 2958 versus
741 2917 846 2956 illam
891 2919 929 2955 in
960 2922 1102 2966 puncto
1134 2917 1365 2957 residentem
1394 2917 1670 2967 ingrediuntur.
1731 2916 1828 2954 Cum
1858 2927 1932 2954 au—

140 2981 218 3015 tem
255 2984 338 3017 tota
377 2978 526 3017 dimidii
565 2979 672 3028 globi
710 2976 868 3015 Terreni
909 2975 1132 3025 superficies
1164 2978 1371 3026 omniaque
1402 2975 1500 3014 adeo
1532 2980 1675 3026 puncta
1714 2973 1931 3024 superficiei

141 3036 252 3083 aeris,
285 3047 361 3086 quo
392 3039 556 3075 amictus
587 3041 645 3075 est
675 3034 751 3083 ille,
785 3035 835 3073 ab
867 3044 942 3072 uno
975 3038 1012 3071 et
1043 3033 1178 3072 eodem
1207 3034 1366 3084 planeta
1395 3033 1624 3072 irradientur
1653 3031 1769 3070 radiis
1800 3031 1931 3070 infini-

139 3093 210 3140 tis,
257 3105 303 3132 ex
333 3095 378 3132 iis
411 3096 588 3134 omnibus
618 3105 717 3133 unus
747 3092 854 3132 solus
885 3091 1007 3131 tendit
1043 3103 1177 3130 versus
1215 3096 1400 3143 punctum
1429 3090 1546 3141 illud,
1592 3090 1696 3140 quod
1727 3094 1786 3130 est
1816 3088 1928 3129 sedes
1991 3130 1994 3135 ι
