1988 3276
766 79 1023 129 congruae:
1071 77 1187 118 mir.
1202 80 1251 117 n.
1828 68 1913 120 ιιι

118 188 380 248 affl:
385 200 473 238 sed
495 199 666 236 inchoata
693 197 861 235 altem.
882 196 976 234 Ram
1007 197 1395 259 pentemdeengonus
1418 191 1475 233 εει
1508 193 1768 242 impar-natan,
1801 200 1914 239 quare

118 267 186 303 per
201 255 259 293 17.
281 254 474 292 uincantur
497 253 658 290 diversae
681 262 919 289 concursuum
942 252 1083 298 species
1103 261 1143 286 m
1163 247 1326 296 ejusdem
1348 249 1486 295 figurae
1501 245 1653 292 angulis.
1698 245 1914 289 neamus

118 307 275 356 quum
280 304 383 355 ffl
391 307 541 343 numero
575 305 727 342 laterum
756 303 941 350 praecingi
964 308 1090 351 posset
1111 301 1262 339 alternis
1284 300 1425 347 trigono
1463 305 1501 336 et
1533 297 1912 346 pentehedeoegono,

66 391 69 395 .
117 360 185 398 sed
199 358 327 396 statim
349 357 420 396 duo
441 357 535 394 ales
558 355 916 404 pentehedecagoui
943 355 982 391 in
1006 365 1046 391 se
1068 350 1195 392 mutuo
1231 355 1419 391 incurrunt
1452 363 1564 400 seque
1593 350 1803 398 impediunt
1851 350 1914 387 Ul·

116 411 231 451 ter-iub
250 411 449 459 inigenitus
473 422 555 447 cum
577 409 867 455 hendecagonico
891 418 964 445 non
986 412 1110 455 potest
1129 408 1257 454 jungi,
1277 404 1533 450 relinquuntur
1556 404 1651 440 enim
1666 402 1739 450 ·,33
1769 401 1914 447 qualem

118 462 287 511 mim
309 463 408 500 nulla
430 463 548 509 figura
570 461 747 508 regularis
770 460 890 497 habet.
940 461 1105 506 Denique
1129 460 1327 505 trigonieus
1350 468 1432 494 cum
1457 457 1724 503 dodecagonioo
1745 452 1916 514 relinquit

117 514 254 553 histum
277 515 591 562 dodooegonicnm,
615 514 660 551 de
683 525 763 561 qun
775 513 891 552 forma
909 514 988 559 jam
1012 519 1067 550 est
1091 513 1237 550 dietum.
1286 511 1326 548 Si
1341 510 1540 556 trigonicus
1563 509 1763 556 majoribus
1782 505 1912 555 junge·

117 572 234 613 ιαιιι,
269 569 386 604 mmor
405 568 508 604 fieret
531 567 662 613 hiatus,
686 577 768 603 cum
800 566 844 602 de
877 564 1076 601 minoribus
1104 565 1180 612 jam
1204 564 1252 600 sit
1274 567 1437 600 actum.
1453 562 1502 598 Et
1532 562 1586 599 sic
1609 567 1834 601 musaeum
1857 569 1915 601 est

121 629 202 656 eum
224 620 418 666 trigoiiioo,
442 620 537 655 inter
560 626 634 655 tres
658 619 799 664 species
823 615 1057 654 admittendo.

233 672 462 718 Tetragonici
485 672 606 719 anguli
628 671 753 717 plures
776 681 860 716 uno,
885 670 996 707 ablati
1019 681 1040 706 a
1063 671 1086 707 4
1109 669 1237 715 rectis,
1269 679 1342 705 non
1365 667 1575 714 relinquunt
1602 668 1692 705 satis
1716 668 1824 714 spatii
1846 680 1914 715 pro

117 726 270 764 duarum
292 723 492 771 specierum
518 723 658 760 dnobus
680 723 838 770 angulis,
862 723 997 769 quippe
1021 723 1082 770 qui
1100 722 1221 769 juncti
1244 722 1413 768 majores
1427 720 1558 757 fierent
1580 721 1721 764 duobus
1744 721 1868 759 rectis.

235 779 269 814 3.
315 777 579 823 Tetrtgonicus
608 786 717 820 unus,
746 777 896 821 junctus
926 776 989 813 uni
1014 774 1273 824 pentagonioo,
1304 772 1494 818 relinquit
1511 772 1650 809 hiatum
1674 784 1741 819 pro
1764 773 1915 819 icosigo-

119 830 210 867 nioo.
260 828 426 866 Sodam-
446 829 558 874 igitur
576 828 781 874 icosigouns
804 828 969 864 omnibus
995 827 1136 875 angulis
1169 825 1404 871 congruitque
1426 824 1605 870 legitime,
1636 830 1676 861 at
1705 836 1779 862 non
1802 826 1915 863 conti—

119 885 256 918 aaut
274 881 336 917 liic
359 881 447 917 ordo
470 890 596 917 versus
620 880 811 917 exteriora.
858 880 928 916 Est
943 890 1029 926 ergo
1046 879 1281 927 congruentia
1296 877 1521 924 imperfecta
1561 877 1622 914 En
1641 877 1794 924 figuram
1808 877 1916 915 litera

96 942 99 943 ’
121 934 176 972 u
222 934 293 970 Hic
314 933 444 970 tertius
468 939 524 970 est
547 944 662 970 mus.

232 987 268 1023 ί.
316 982 574 1031 Tetragonicus
610 985 834 1031 hexagonico
861 986 1012 1031 junctus
1042 985 1180 1021 hiatum
1204 984 1376 1030 relinquit
1398 995 1467 1031 pro
1491 983 1771 1030 dodeoegonico.
1816 983 1914 1021 Ecce

119 1038 273 1085 figum
292 1038 398 1075 litera
420 1039 504 1074 Min.
552 1038 622 1073 Hic
645 1044 795 1083 quartus
819 1043 856 1073 et
881 1037 1025 1073 ultimus
1050 1042 1106 1073 est
1129 1047 1247 1073 mus.

234 1092 316 1127 Huc
336 1090 432 1127 refer
454 1090 598 1127 stellam
621 1089 931 1135 dodeengonicam,
957 1099 1066 1134 quam
1086 1088 1239 1135 implent
1254 1089 1444 1125 duodecim
1462 1089 1607 1134 trigoni,
1631 1093 1674 1124 ut
1689 1089 1742 1125 sie
1759 1091 1915 1133 quatuor

119 1145 181 1181 hic
201 1143 326 1190 anguli
344 1148 559 1180 concurrant
580 1143 628 1179 ad
650 1142 866 1187 implendam
890 1141 1126 1186 soliditatem,
1151 1141 1223 1177 duo
1248 1142 1433 1188 trigonici,
1455 1141 1724 1187 tetragonicus,
1755 1141 1914 1185 hexago-

59 1201 69 1206 ‘
90 1210 96 1214 ·
119 1193 223 1234 nicus
241 1199 286 1231 et
304 1195 431 1232 radius
453 1194 592 1231 stellae.
641 1195 739 1230 Ecce
762 1194 914 1239 figuram
936 1194 1041 1230 litera
1066 1194 1137 1229 Nn.

235 1247 495 1292 Teu-agonias
530 1247 770 1293 heptagonico
810 1246 954 1283 additus
986 1247 1158 1293 relinquit
1187 1248 1326 1283 hiatum
1355 1248 1405 1292 ψ,
1440 1246 1582 1292 qualem
1612 1246 1786 1292 angulum
1815 1245 1916 1281 nulla

118 1300 230 1337 habet
258 1299 375 1344 figura
405 1299 593 1344 regularis.
639 1299 794 1335 Additus
826 1301 1057 1346 octogonum,
1094 1300 1265 1345 relinquit
1294 1300 1433 1335 hiatum
1463 1299 1736 1345 octogonicum‚
1767 1298 1813 1334 de
1843 1308 1915 1343 qua

118 1351 233 1388 forma
253 1359 377 1396 supra.
424 1349 663 1386 Transactum
685 1350 794 1395 igitur
818 1358 875 1388 est
900 1364 981 1388 cum
1004 1353 1238 1398 tetragonico.

116 1407 122 1427 ἑ
230 1403 496 1448 Pentagouicus
527 1413 608 1439 cum
644 1403 866 1449 hexagonico
894 1405 1065 1450 relinquit
1102 1405 1241 1441 hiatum
1271 1405 1448 1451 1’ξ,οιιιιι
1477 1403 1716 1464 heptagonico
1742 1403 1803 1450 32,
1834 1411 1916 1436 cum

119 1457 330 1516 octogonico
345 1456 417 1503 ἥ,
442 1467 524 1492 cum
546 1455 682 1492 nullius
705 1455 879 1501 regularis
903 1457 1043 1503 figurae
1066 1463 1191 1493 tantus
1215 1456 1262 1492 sit
1285 1457 1457 1502 angulus,
1489 1462 1527 1493 et
1543 1457 1621 1502 jam
1643 1456 1766 1492 hiatus
1789 1454 1917 1500 incipit

119 1518 201 1546 ense
221 1508 340 1544 minor
361 1507 494 1553 ungulo
518 1508 741 1553 octogonum,
766 1510 828 1553 qui
853 1514 910 1544 est
934 1509 993 1556 Ρ.
1039 1510 1154 1555 Atqui
1176 1519 1243 1545 nos
1263 1509 1338 1553 jam
1363 1509 1444 1545 illas
1459 1509 1689 1555 absolvimus,
1714 1518 1809 1555 quae
1832 1512 1918 1543 sunt

117 1561 296 1597 ιιίιιοιιιιι
318 1561 542 1606 ungulorum
591 1561 827 1597 Transactum
850 1561 963 1606 igitur
985 1565 1044 1597 est
1066 1572 1148 1597 cum
1171 1561 1422 1606 pentagonico.

230 1611 484 1657 Euagouicus
508 1612 640 1658 triplex
664 1613 789 1659 implet
811 1613 931 1649 locum
954 1613 1121 1660 planum,
1152 1624 1237 1658 ergo
1261 1623 1332 1648 non
1356 1617 1478 1658 potest
1501 1613 1645 1650 misceri
1667 1623 1751 1651 cum
1773 1611 1915 1649 duobus

101 1674 164 1701 2⁸0
184 1663 391 1708 maioribus.
438 1665 489 1699 Et
510 1665 562 1700 sic
586 1669 807 1701 transactum
831 1671 888 1701 est
911 1676 992 1701 cum
1015 1666 1183 1703 mistione
1205 1666 1314 1702 trium
1336 1665 1543 1710 figurarum.

234 1712 356 1753 XXI.
386 1713 446 1751 Pr
458 1716 688 1765 opositlo
748 1714 926 1763 Quatuor
955 1715 1020 1754 vel
1048 1716 1217 1767 plurium
1245 1716 1459 1767 specierum
1489 1714 1638 1766 figurae
1666 1714 1810 1766 planae
1838 1724 1916 1752 non

122 1776 338 1823 congruunt
367 1772 519 1834 angulis
550 1773 714 1822 singulis
744 1772 795 1811 ad
826 1773 1062 1823 implendum
1090 1774 1222 1813 locum
1250 1772 1431 1812 solidum.

231 1826 372 1862 Minimi
387 1826 480 1862 enim
496 1827 616 1871 anguli
640 1831 796 1872 quatuor
813 1834 897 1863 sunt
911 1828 967 1863 hi:
992 1829 1207 1874 trigonicus,
1225 1828 1481 1873 tetragonicus,
1506 1826 1780 1872 pentagonicus,
1804 1826 1916 1862 hexa-

116 1879 275 1922 gonieus.
321 1879 372 1914 At
394 1879 521 1914 horum
544 1879 681 1924 primns
704 1883 741 1914 et
766 1880 912 1914 ultimus
936 1884 1095 1925 aequant
1117 1879 1208 1916 duos
1230 1884 1372 1925 rectos,
1394 1879 1575 1915 secundus
1596 1884 1653 1915 est
1678 1883 1823 1923 rectus,
1847 1883 1918 1913 ter-

118 1930 192 1967 tius
222 1940 308 1966 vero
339 1936 486 1976 superat
509 1937 647 1967 rectum
681 1941 754 1966 una
784 1936 888 1976 parte
921 1932 1047 1977 quinta
1075 1932 1182 1968 unius
1210 1932 1312 1968 recti.
1360 1907 1454 1967 Sunt
1482 1931 1592 1977 igitur
1619 1930 1737 1975 ¹iuncti
1761 1930 1917 1975 maJores

119 1989 276 2030 quatuor
296 1983 422 2028 rectis,
447 1994 559 2029 quare
582 1995 649 2029 per
669 1984 727 2021 16.
757 1995 829 2019 non
853 1989 1066 2029 congruunt.
1113 1983 1230 2020 Multo
1259 1985 1374 2030 magis
1403 1985 1515 2030 igitur
1539 1983 1806 2029 superabuntur
1830 1991 1917 2026 qua-
1923 2013 1926 2016 ,

118 2040 204 2070 tuor
223 2034 314 2071 recti
338 2046 360 2070 a
382 2036 580 2080 majoribus
604 2035 758 2080 angulis.

225 2083 367 2123 XXII.
398 2086 630 2124 Axioma.
689 2086 788 2124 Cum
818 2085 896 2124 duo
925 2085 1032 2137 plani
1060 2097 1136 2124 non
1167 2090 1259 2125 sunt
1284 2085 1454 2136 majores
1482 2087 1616 2134 tertio,
1646 2096 1725 2124 non
1754 2084 1921 2123 formant

123 2151 214 2180 eun
239 2142 307 2180 illo
336 2143 520 2193 angulum
550 2143 727 2182 solidum.

155 2213 157 2215 ·
237 2198 398 2239 XXIII.
428 2201 746 2252 Propositio.
804 2201 896 2239 Duo
922 2201 1055 2252 anguli
1083 2201 1190 2253 plani
1220 2202 1367 2252 figurae
1395 2200 1694 2252 imparilaterae,
1712 2211 1811 2240 cnm
1838 2210 1919 2238 uno

122 2258 270 2308 speciei
297 2258 455 2298 alterius
485 2265 681 2307 coeuntes,
712 2271 789 2297 nou
817 2259 985 2298 formant
1013 2259 1188 2309 regulare
1219 2260 1381 2310 aliquod
1410 2259 1591 2298 solidum.
1633 2303 1637 2305 ,

237 2312 332 2347 Nam
352 2323 420 2357 per
444 2314 498 2350 18.
523 2314 643 2358 anguli
666 2314 771 2350 solidi
794 2314 887 2352 fiunt
911 2313 1110 2352 difformes,
1136 2320 1261 2350 contra
1286 2314 1356 2350 def.
1381 2326 1402 2349 a
1429 2316 1461 2349 ὃ.
1487 2315 1524 2349 ιιι
1552 2315 1603 2349 10.

239 2372 399 2413 XXIV.
428 2374 527 2413 Pro
542 2376 763 2426 positio.
825 2373 921 2412 Tres
940 2374 1073 2424 anguli
1102 2374 1209 2426 plani
1229 2378 1342 2414 trium
1364 2376 1629 2413 distinctarum
1658 2375 1788 2425 specie
1815 2373 1942 2425 figu·,

124 2442 266 2477 rarum,
296 2433 412 2470 nnius
438 2433 734 2484 imparilaterae‚
766 2435 962 2480 coeuntes,
986 2443 1065 2470 non
1084 2433 1294 2471 absolvunt
1313 2434 1476 2483 figuram
1502 2432 1668 2472 solidam
1697 2432 1918 2483 perfectam.

233 2486 400 2521 'Rursum
423 2487 517 2522 enim
540 2498 607 2533 per
632 2488 685 2523 17.
711 2486 818 2522 solidi
839 2486 931 2522 fiunt
954 2485 1228 2533 diversiformes,
1259 2488 1356 2534 quod
1382 2494 1438 2523 est
1460 2491 1586 2523 contra
1610 2487 1846 2523 definitiones.

241 2545 382 2585 XXV.
412 2547 711 2599 Propositio.
760 2547 1046 2596 Congruentiae
1075 2548 1283 2598 figurarum
1312 2550 1515 2601 planarum
1542 2549 1594 2588 ad
1623 2548 1789 2588 solidam
1817 2547 1920 2597 figu-

128 2614 211 2642 ram
239 2605 492 2653 formandam,
521 2607 823 2657 perfectissimae
853 2612 890 2644 et
918 2605 1128 2655 regulares,
1156 2614 1246 2646 sunt
1276 2611 1459 2659 quinque.

242 2659 314 2695 Est
337 2660 500 2695 scholion
523 2661 570 2696 ad
592 2661 753 2696 ultimam
775 2660 892 2696 ultimi
913 2660 1088 2696 Euclidis.
1134 2661 1226 2697 Nam
1250 2674 1315 2706 per
1335 2665 1387 2698 15.
1412 2663 1524 2708 hujus
1547 2661 1736 2707 incipimus
1761 2671 1783 2696 a
1805 2661 1919 2697 ternis

130 2710 290 2755 angulis,
314 2715 351 2746 et
373 2722 439 2756 per
463 2713 518 2747 16.
543 2712 735 2748 desinimus
759 2713 810 2750 ιιι
820 2714 915 2748 senis
938 2713 1142 2759 trigonieis,
1166 2714 1203 2749 ιιι
1227 2714 1409 2759 quaternis
1432 2713 1664 2758 tetragonicis
1687 2718 1724 2748 et
1747 2712 1785 2747 ιιι
1806 2712 1919 2748 ternis

129 2762 373 2809 hmgonieis,
397 2764 483 2808 quia
503 2774 571 2809 per
593 2766 645 2801 17.
670 2765 710 2801 hi
731 2771 886 2811 aequant
909 2767 932 2801 4
954 2770 1085 2800 rectos.

251 2815 341 2851 Tres
363 2817 473 2861 igitur
494 2816 636 2860 trigoni,
659 2819 810 2864 singulis
833 2818 975 2864 angulis
998 2824 1248 2863 congruentes
1273 2816 1388 2851 minus
1415 2827 1520 2860 quam
1545 2818 1578 2861 4,
1604 2817 1640 2852 id
1664 2821 1720 2852 est
1742 2815 1833 2852 duos
1857 2828 1919 2853 au·

133 2865 240 2921 gulos
263 2865 391 2912 planos
415 2873 535 2903 rectos
561 2867 749 2914 efficiunt3
763 2870 940 2915 coaptatis
970 2869 1079 2915 igitur
1101 2870 1218 2905 tribus
1240 2869 1409 2912 trigonis,
1442 2869 1564 2904 hiatus
1592 2869 1760 2914 impletur
1789 2873 1917 2915 quarto

131 2910 288 2965 trigono.
333 2919 426 2956 Hinc
448 2919 713 2956 tetraedron
735 2921 793 2956 vel
815 2922 971 2968 pyramis
996 2924 1063 2967 (fig.
1088 2923 1174 2967 20)

252 2971 414 3016 Quatuor
435 2972 577 3017 trigoni,
604 2972 755 3030 singulis
778 2974 917 3018 angulis
942 2979 1201 3020 congruentes,
1226 2972 1430 3018 efficiuntg
1440 2971 1572 3017 ‚qnod
1595 2971 1711 3008 minus
1736 2978 1796 3008 est
1820 2982 1927 3018 quam

145 3021 184 3067 *ἒ
208 3022 275 3058 seu
295 3023 319 3058 4
339 3024 447 3069 recti3
476 3023 588 3068 fitque
607 3023 744 3067 junctis
767 3025 989 3073 trigonorum
1012 3026 1184 3063 lateribus
1210 3025 1386 3070 pyrami8‚
1413 3024 1492 3060 basi
1515 3024 1761 3074 quadtihtert
1786 3025 1910 3062 hiante
