1994 3276
109 88 214 144 ‘200'
273 88 278 126 j
477 87 480 90 ’
693 89 750 125 De
772 87 1070 133 Proportionibus
1094 87 1332 126 Harmonicis.

115 217 202 267 nec
215 212 255 248 in
285 207 558 250 scurrilitatem
594 218 681 247 sese
713 208 958 259 profundant.
1020 208 1186 245 Rursum
1226 209 1323 247 haec
1353 219 1429 249 non
1461 210 1709 259 compositio
1722 215 1783 249 cst
1809 177 1912 271 inte-

114 263 269 320 gratum
301 268 540 319 specierum,
571 266 641 305 sed
673 265 835 305 violatio
866 266 1071 314 nonnulla,
1104 272 1147 304 ut
1177 267 1402 305 harmonica
1431 268 1584 306 existat.
1703 301 1709 307 .

101 321 105 324 ’
231 326 300 366 Vl.
333 325 395 363 Ad
426 325 707 364 arithmeticam
737 326 903 376 pertinet
934 325 1229 374 aequalitatem,
1274 325 1380 374 quod
1409 326 1625 374 antiquitus
1665 331 1794 377 patres
1825 337 1911 374 cum

114 386 229 436 plebe
258 385 478 434 promiscuo
509 387 693 422 consessu
724 382 838 421 ludos
868 388 1043 432 spectare
1074 383 1191 431 soliti,
1225 383 1272 420 ad
1306 385 1579 436 geometricam
1609 386 1912 436 proportionem,

116 443 221 493 quod
255 447 398 494 vpostea
439 446 568 492 patres
606 453 630 479 a
669 441 781 491 plebe
818 442 995 491 seJuncti.
1056 441 1144 479 Hoc
1185 441 1339 490 quidem
1373 442 1429 479 sic
1459 441 1538 489 es't,
1582 443 1616 480 si
1653 442 1760 481 solos
1798 442 1912 481 ludos

116 501 348 540 consideres
395 501 462 539 At
492 497 740 538 si'universa
770 501 867 548 reip.
898 499 1101 538 commoda
1133 511 1208 537 uno
1241 501 1379 538 mentis
1411 499 1614 549 complexu
1638 506 1788 548 tensae,
1825 512 1913 544 cum

122 571 169 599 ex
200 558 444 608 iis-plurima
473 558 649 608 patribus
682 557 882 595 vindicata
915 559 1055 596 suerint
1084 559 1235 603 ratione
1267 559 1522 607 geometrica,
1551 558 1709 608 -populo
1745 559 1911 606 secluso,

115 618 300 668 pertinuit
329 616 508 666 equidem
539 615 637 654 haec
667 617 754 665 ipsa
786 617 823 652 in
855 615 956 654 ludis
989 617 1189 664 utriusque
1217 616 1362 654 ordinis
1385 615 1625 666 exaequatio
1657 616 1714 655 ad.
1736 621 1913 673 contem-

116 676 355 726 perationem
387 674 505 722 illam,
538 685 653 713 sensu
683 673 825 712 Bodini
858 674 1120 712 harmonicam
1150 675 1269 712 totius
1300 674 1541 723 gubernandi
1569 674 1736 723 formam
1769 669 1913 731 quippe

118 746 196 784 qua
236 739 276 772 et
304 733 416 783 pleb's
447 732 726 779 definiebatur,
773 739 815 770 ut
844 734 953 782 pueri
984 732 1111 770 solent
1141 732 1256 770 rebus
1300 731 1497 781 leviculis,
1531 732 1681 790 adque
1697 728 1913 782 diligendos

119 791 271 831 ordines
302 792 519 840 superiores
551 790 802 837 invitabatur,
834 802 960 840 neque
992 791 1200 840 quicquam
1233 790 1493 840 derogabatur
1521 782 1714 840 dignitati
1723 790 1913 830 ordinum.

121 849 295 899 Quadrat
325 850 440 888 etiam
472 849 521 887 ad
553 861 660 887 meas
692 848 934 896 medietates,
969 853 1162 898 quatenus
1184 851 1382 898 proportio
1415 859 1490 886 non
1512 853 1673 896 tenetur,
1707 855 1748 886 ut
1779 855 1915 888 tenea-

120 914 181 947 tur
211 907 427 947 concordia.
488 907 601 945 Prius
632 908 669 944 in
702 908 815 946 certis
846 908 1022 955 personis
1055 906 1231 944 ordinum
1265 907 1524 956 derogabatur
1553 906 1781 956 analogiae,
1813 919 1916 946 nuuc

121 968 158 1004 in
190 967 304 1006 certis
333 966 525 1015 praemiis.

216 1023 327 1062 VII.
361 1022 562 1061 Amicitias
593 1025 740 1061 animat
771 1022 994 1060 harmonica
1026 1024 1342 1072 contemperatio.
1404 1021 1519 1071 Quod
1540 1023 1642 1062 enim
1672 1027 1732 1066 est
1762 1023 1802 1061 in
1823 1034 1915 1074 pro-

120 1084 297 1133 portione
337 1081 631 1128 concordantia,
673 1081 748 1119 hoc
787 1086 845 1118 est
883 1082 920 1117 in
964 1082 1083 1118 totius
1119 1080 1313 1119 humanae
1346 1082 1449 1120 vitae
1487 1081 1638 1131 ambitu
1679 1093 1806 1130 amor,
1849 1083 1915 1131 qui

120 1140 413 1180 fundamentum
446 1144 505 1177 est
535 1140 741 1178 amicitiae.
804 1138 953 1187 Quodsi
983 1133 1088 1176 mera
1119 1139 1338 1188 aequalitas
1370 1140 1583 1186 officiorum
1612 1138 1808 1178 inducitur
1828 1139 1914 1189 lege

122 1198 375 1246 arithmetica,
406 1197 516 1235 nulla
547 1200 617 1236 erit
647 1199 719 1235 nisi
753 1198 850 1235 iuter
880 1197 1066 1246 aequales
1097 1198 1290 1245 amicitia3
1323 1194 1365 1236 et'
1391 1198 1424 1235 si
1447 1198 1546 1236 inter
1566 1197 1791 1247 inaequales
1812 1191 1916 1236 mera

123 1262 163 1297 et
194 1258 387 1307 exquisita
423 1255 637 1305 similitudo
674 1255 885 1294 officiorum
916 1257 1171 1304 geometrica,
1211 1255 1468 1304 neutrobique
1504 1257 1676 1295 amicitia
1700 1254 1805 1303 erit,
1848 1255 1916 1294 sed

122 1317 176 1355 ibi
206 1320 396 1365 perpetua
425 1314 640 1363 negotiatio
671 1314 976 1362 nundinatioque
1009 1313 1235 1361 officiorum,
1268 1313 1460 1363 commodi
1491 1316 1551 1352 sui
1581 1325 1719 1360 causa,
1750 1314 1815 1352 hic
1844 1326 1916 1353 ne-

123 1375 290 1414 cessaria
326 1373 480 1423 patroni
519 1376 557 1410 et
599 1371 751 1410 clientis
791 1371 1049 1416 consociatio,
1088 1372 1196 1410 nulla
1237 1373 1378 1410 amoris
1419 1360 1705 1413 demonstrandi
1744 1372 1916 1423 libertas,

122 1432 218 1470 nihil
258 1437 530 1481 spontaneum.
593 1430 777 1467 Amicitia
814 1432 885 1468 etsi
925 1432 1134 1468 consistere
1177 1442 1262 1468 cum
1288 1431 1441 1468 crebris
1474 1430 1622 1479 injuriis
1653 1441 1742 1469 non
1772 1436 1914 1480 potest,

123 1491 230 1540 leges
271 1495 401 1529 tamen
432 1489 577 1538 respuit
618 1489 823 1536 omniaque
864 1487 911 1525 ad
943 1489 1113 1526 sobrium
1152 1494 1190 1526 et
1220 1500 1355 1527 sanum
1387 1490 1529 1526 umoris
1561 1490 1762 1527 arbitrium
1791 1489 1917 1536 refert,

124 1560 226 1587 nunc
259 1547 443 1597 aequalia
473 1545 708 1596 rependens,
749 1556 851 1583 nunc
880 1542 1204 1596 proportionalia,
1245 1554 1303 1584 est
1333 1547 1399 1583 ubi
1436 1553 1591 1594 neutra,
1630 1558 1782 1596 semper
1812 1547 1918 1594 talia,

128 1619 228 1657 quae
269 1617 338 1656 pro
376 1617 416 1644 re
447 1610 540 1643 nata
579 1605 705 1643 facere
738 1603 916 1641 videntur
947 1604 995 1642 ad
1027 1607 1360 1643 conservationem
1395 1606 1560 1651 ιἰιιιοιίε,
1605 1606 1670 1654 qui
1700 1606 1839 1653 etiam,
1878 1611 1922 1644 ut

124 1666 330 1704 harmonia
360 1663 613 1702 dissonantiis
644 1667 682 1700 et
713 1667 753 1700 ut
785 1663 888 1710 ignis
917 1661 1003 1699 ferri
1033 1662 1151 1726 stylo,
1187 1656 1330 1700 foditur
1361 1663 1510 1712 injuriis
1540 1662 1737 1701 nonnullis
1767 1674 1922 1702 earum-

129 1735 204 1774 que
235 1722 521 1762 condonatione
551 1721 723 1770 gratuita
754 1721 856 1758 vires
886 1727 1060 1758 r.enovat

242 1781 355 1820 VIII.
389 1779 681 1829 Aequalitatem
713 1778 994 1816 arithmeticam
1017 1778 1189 1817 Bodinus
1220 1779 1377 1828 pulchre
1400 1784 1598 1830 comparat
1620 1779 1778 1828 regulae
1798 1778 1922 1830 Poly-

128 1839 217 1879 cleti
243 1835 404 1887 ferreae,
439 1850 539 1887 quae
572 1838 695 1886 frangi
727 1838 833 1886 prius
865 1848 980 1885 quam
1013 1835 1114 1875 ¹flecti
1145 1842 1297 1886 posset,
1331 1836 1621 1875 similitudinem
1649 1838 1922 1887 geometricam

127 1897 285 1948 regulae
306 1897 473 1936 Lesbiae
504 1896 722 1945 plumbeae,
756 1906 856 1944 quae
887 1895 1066 1933 omnibus
1097 1895 1250 1943 angulis
1281 1894 1805 1945 accommodabatur.1pse
1831 1895 1924 1933 har-

127 1957 318 1995 monicam
349 1956 637 2005 proportionem
668 1965 763 1991 suae
795 1952 1028 1991 definitionis
1061 1953 1265 1991 adumbrat
1295 1953 1429 2002 regula
1455 1953 1597 2004 lignea,
1627 1964 1727 2002 quac
1758 1953 1923 1992 flectitur
1974 1973 1983 1983 .

129 2013 304 2065 quidem,
335 2019 376 2051 at
406 2025 426 2051 e
458 2013 625 2066 vestigio
657 2011 766 2049 redit

243 2071 320 2110 IX.
351 2071 396 2109 In
429 2071 710 2120 gubernatione
742 2069 865 2107 omnis
896 2070 1048 2117 generis
1079 2067 1300 2119 politiarum
1331 2070 1432 2117 rigor
1463 2067 1590 2117 legum
1623 2074 1661 2106 et
1686 2067 1832 2117 judicis
1863 2069 1923 2107 of-

132 2131 262 2174 ficium
294 2134 566 2179 comparantur
597 2126 825 2177 aequalitati
857 2127 1134 2173 arithmeticae,
1170 2138 1247 2175 qua
1277 2137 1352 2165 non
1386 2131 1535 2165 tantum
1567 2138 1678 2165 suum
1705 2123 1843 2176 cuique
1873 2127 1924 2166 ad

131 2189 317 2228 amussim
347 2188 539 2234 tribuitur,
573 2186 640 2225 sed
673 2187 789 2224 etiam
822 2196 968 2235 poenae
1001 2186 1217 2232 irrogantur
1248 2183 1560 2233 delinquentibus
1596 2184 1810 2234 aequaliter
1838 2186 1923 2224 sinc

129 2258 380 2298 personarum
400 2250 592 2294 respectu,
630 2250 666 2282 et
697 2255 774 2292 qua
806 2242 1095 2291 adstringuntur
1121 2242 1274 2290 judices
1311 2242 1359 2279 ad
1392 2238 1655 2291 legersadque
1685 2242 1855 2291 allegata
1885 2248 1923 2281 et

131 2306 309 2356 probata,
337 2308 379 2342 ut
409 2302 618 2354 secundum
651 2314 717 2340 eas
744 2300 931 2350 judicent,
965 2301 1117 2340 etiamsi
1149 2302 1304 2348 iniquae
1335 2299 1441 2350 leges
1463 2301 1678 2339 videantur
1744 2301 1920 2341 Vicissim

131 2364 308 2413 aequitas
338 2367 388 2402 et
429 2361 650 2401 arbitrium
669 2361 917 2408 magistratus
961 2369 1128 2404 merum,
1172 2359 1237 2407 qui
1269 2364 1397 2396 tamen
1435 2358 1561 2396 bonus
1592 2360 1642 2396 sit
1681 2363 1719 2397 et
1749 2371 1796 2397 ex
1827 2370 1922 2396 con-

132 2422 294 2463 scientia
323 2425 426 2474 agat,
458 2420 715 2468 geometricae
747 2417 953 2466 analogiae
984 2422 1160 2454 naturam
1193 2415 1327 2453 induit.
1391 2417 1442 2454 At
1472 2416 1652 2454 Bodinus
1675 2416 1922 2455 harmonicae

124 2479 499 2546 contemperationis
532 2477 708 2544 exemplo
737 2475 905 2514 medium
938 2475 1144 2523 interponit
1177 2474 1342 2512 officium
1377 2474 1437 2512 vel
1458 2475 1697 2525 superiorum
1718 2470 1930 2522 curiarum,

132 2538 197 2578 vel
230 2538 426 2583 οιιιιιίιιιιι,
448 2535 531 2574 vel
571 2536 709 2573 summi
751 2535 1021 2582 magistratus,
1067 2532 1207 2581 quibus
1248 2543 1373 2581 neque
1412 2532 1503 2571 licet
1542 2545 1598 2572 ex
1619 2533 1776 2571 arbitrio
1808 2537 1949 2581 agerc'

133 2607 260 2636 mero
270 2600 308 2634 et
339 2600 466 2639 tamen
498 2594 740 2648 permittitur,
772 2596 814 2629 ut
844 2591 950 2638 leges
981 2602 1050 2640 pro
1081 2591 1229 2628 ratione
1252 2592 1622 2629 circumstantiarum
1646 2591 1814 2636 flectant,
1846 2602 1922 2628 non

130 2652 329 2703 frangant,
362 2652 401 2691 et
423 2663 498 2695 eas
530 2652 567 2687 in
595 2650 755 2700 Judiciis
786 2649 997 2687 secundnm
1028 2649 1263 2695 aequitatem
1287 2649 1591 2698 interpretentur,
1623 2653 1667 2686 ut
1697 2654 1823 2686 tamen
1855 2660 1923 2697 per

135 2712 350 2763 singulares
382 2711 572 2749 curiarum
604 2708 814 2747 sententias
843 2707 938 2744 nihil
971 2707 1045 2755 legi
1079 2706 1293 2754 derogetur.
1355 2706 1448 2744 Vult
1479 2706 1587 2756 leges
1613 2706 1746 2744 haberi
1777 2705 1922 2755 similes

136 2774 232 2810 suae
268 2780 447 2823 normae,
489 2762 532 2806 ut
571 2766 713 2805 cedant
743 2764 896 2814 quidem
936 2766 972 2801 in
1005 2765 1164 2806 flexum,
1207 2769 1246 2801 at
1287 2766 1417 2802 statim
1447 2764 1616 2803 redeant.
1658 2752 1922 2813 Quamquam

136 2829 210 2868 hoc
241 2828 329 2867 loco
360 2819 549 2868 Bodinus
567 2824 750 2874 exemplo
781 2834 852 2861 suo
883 2834 1016 2861 verum
1049 2821 1348 2869 demonstravit,
1391 2822 1493 2871 quod
1536 2821 1582 2859 de
1608 2821 1706 2870 juris
1737 2821 1922 2860 consultis

139 2886 396 2924 affirmaverat
438 2889 572 2923 antea:
615 2884 720 2933 ipsos
759 2881 1032 2919 mathematica
1076 2881 1147 2917 ista
1189 2885 1345 2929 propter
1381 2881 1441 2918 sui
1480 2880 1755 2918 obscuritatem
1795 2881 1921 2918 minus

139 2946 345 2993 percipere.
405 2943 506 2990 Nam
537 2953 613 2979 non
645 2940 809 2991 quadrat
839 2938 923 2987 ejus
955 2937 1001 2976 de
1031 2939 1197 2976 numeris
1230 2938 1439 2987 disputatio
1481 2937 1530 2976 ad
1562 2948 1734 2975 normam
1763 2942 1919 2975 nostrae

141 3001 378 3051 disciplinae,
411 3005 498 3039 c'um
530 3001 602 3046 ait,
634 2999 714 3038 fieri
744 3009 819 3036 non
851 3007 982 3047 posse,
1016 2997 1283 3045 ut-proportio
1313 2997 1566 3044 geometrica,
1604 3006 1703 3044 quae
1733 3000 1792 3033 est
1822 2996 1920 3034 inter

142 3059 318 3108 quatuor
345 3060 548 3106 terminos,
596 3057 676 3097 ulla
715 3057 962 3106 terminorum
1005 3055 1303 3104 transpositione
1339 3058 1472 3104 pereat
1506 3052 1742 3102 eandemque
1783 3053 1920 3095 asserit
1934 3073 1944 3105 ·,
