1994 3276
773 107 886 146 Liber
906 108 971 146 IV.
994 108 1115 156 eaput
1135 109 1219 150 VII.
1598 115 1604 130 '
1768 110 1851 150 26⁹1

65 235 108 265 rs
134 225 271 264 nititur
297 225 472 268 doctrina
501 227 673 277 crisium,
704 225 752 268 do
781 238 862 279 qua
888 228 986 274 satis
1015 233 1198 269 accurate
1228 230 1291 280 egi
1330 229 1370 268 in
1400 228 1535 269 Tertio
1567 227 1854 268 Interveniente

65 294 171 324 num.
204 283 272 323 70.
304 290 344 324 et
372 285 636 335 sequentibus.
1848 300 1852 302 ·

177 339 284 381 Satis
311 343 352 381 in
379 344 600 394 praesentia
629 342 774 384 dietum
810 348 895 383 esto
925 343 974 385 de
1002 343 1197 385 humanae
1235 346 1353 385 etiam
1383 346 1537 385 animae
1573 343 1760 384 facultate
1789 344 1852 382 in-

56 398 202 453 'sudore
231 398 358 451 deque
386 403 570 441 universa
598 401 674 441 hac
701 403 879 446 materia.

178 455 299 497 Porro
328 458 426 498 baec
456 470 529 509 ego
559 458 607 498 de
637 461 769 499 anima
795 459 994 511 disputavi
1022 461 1226 510 hactenus,
1256 471 1333 500 non
1366 460 1547 511 equidem
1574 460 1652 499 hoc
1675 458 1850 507 consilio,

65 519 108 554 ut
133 513 405 567 philosophiae
435 516 592 556 divinae
621 517 819 558 studiosos
846 521 1004 569 penitus
1042 530 1206 559 avocem
1244 530 1270 558 a
1296 507 1467 559 lectione
1497 517 1852 569 metaphysicornm

63 577 276 622 sudorum,
308 580 401 614 utve
432 580 492 614 tot
518 575 696 615 Platonis
736 580 776 616 et
805 576 1027 624 Aristotelis
1064 577 1337 628 interpretibus
1374 576 1697 628 profundissimae
1738 574 1852 616 inda-

61 631 176 682 ginis,
207 629 388 680 Graecis,
420 633 631 682 Arabibus,
661 633 832 683 Latinis,
864 634 1021 674 Plotino
1036 664 1047 684 ,
1077 634 1318 684 Themistio,
1357 631 1578 685 Simplicio,
1619 633 1851 685 Porphyrio‚

65 688 299 739 Alexandro,
330 690 494 730 Averroi
525 697 564 730 et
594 703 692 742 quos
723 691 788 731 ille
817 693 964 743 allegat
992 705 1089 734 suae
1117 695 1247 745 gentis
1277 704 1356 732 non
1373 704 1534 744 paucos,
1564 693 1783 742 Boetioque
1812 696 1853 731 et

61 747 324 787 moestissimo
363 749 698 800 subtilissimoque
733 749 773 790 J.
806 750 850 790 C.
888 750 1113 802 Scastgero,
1154 751 1221 792 de·
1244 752 1378 791 anima
1417 751 1544 802 deque
1582 750 1852 801 intelligentiis

62 803 364 859 disputantibus,
395 807 530 846 oeulos
551 806 801 859 configerem3
832 809 902 848 scd
933 814 975 849 ut
1003 810 1101 850 haec
1120 821 1170 850 ex
1186 822 1276 850 mea
1294 810 1531 862 professione
1561 821 1686 860 exque
1716 810 1851 848 intimo

62 862 180 913 huius
211 864 339 914 operis
368 863 596 905 Harmonici
625 877 729 916 penu
760 865 962 918 depromta
990 866 1157 907 necdum
1179 873 1286 908 tacta
1307 869 1359 907 ab
1378 869 1437 916 iis,
1467 866 1573 918 quod
1592 869 1726 917 sciam,
1757 878 1853 907 con-

57 920 354 962 siderationibus
395 922 548 962 illorum
587 923 708 966 veluti
745 925 1004 977 supplementi
1044 925 1133 971 loco
1165 926 1392 978 adjicerem,
1435 925 1539 965 unde
1584 925 1636 965 ab
1664 927 1738 975 iis,
1783 926 1851 976 qni

0 983 15 1024 ’,
59 984 149 1031 post
174 991 238 1020 me
263 991 353 1020 sese
381 980 473 1020 huic
506 982 825 1033 contemplationi
854 984 1147 1036 metaphysicae
1182 984 1368 1033 dedituri,
1407 989 1586 1024 auctores
1617 983 1741 1023 dictos
1769 982 1851 1024 lec-

0 1035 3 1083 ζ
59 1038 148 1086 turi,
178 1042 312 1077 nostra
340 1037 438 1078 baec
469 1039 593 1079 veluti
621 1042 886 1091 experimenta
915 1054 1004 1082 cum
1033 1042 1191 1082 illorum
1210 1043 1575 1084 ratiocinationibus
1604 1041 1782 1081 collaturi
1812 1046 1851 1080 et

61 1102 264 1147 utrumque
289 1096 358 1135 ‘ad
385 1097 547 1137 alterius
585 1097 718 1137 limam
759 1099 959 1140 liberrima
1000 1102 1163 1140 rationis
1200 1112 1364 1141 censura
1394 1102 1565 1141 exacturi
1605 1106 1696 1139 sunt
1726 1100 1851 1150 (quod

2 1200 3 1204 Ἰ
59 1154 184 1207 fateor
210 1165 236 1192 a
267 1166 329 1194 me
359 1154 433 1195 bac
462 1157 548 1196 vice
578 1156 724 1196 factum
755 1169 844 1197 esse
874 1156 1068 1213 minime),
1099 1159 1198 1199 haec
1226 1159 1520 1211 metaphysicae
1546 1160 1733 1199 scientiae
1762 1170 1852 1210 pars

0 1255 6 1260 ι
61 1210 228 1262 denique
257 1212 441 1252 illustrior
470 1220 509 1252 ct
539 1214 772 1266 locupletior
804 1217 1063 1268 omnibusque
1092 1219 1262 1258 numeris
1291 1218 1510 1257 absolutior
1543 1218 1727 1257 constitui
1758 1228 1852 1268 pos-

0 1315 10 1325 *
59 1270 126 1317 sit,
156 1269 262 1319 qnod
292 1275 336 1309 nt
363 1271 414 1310 ad
442 1270 608 1321 gloriam
637 1273 816 1313 Nominis
847 1275 1181 1326 superbenedicti,
1222 1276 1297 1315 Dei
1328 1275 1524 1315 creatoris
1570 1275 1783 1315 visibilium
1813 1280 1852 1314 et

2 1331 3 1334 ’
64 1327 336 1377 invisibilium,
381 1330 500 1380 inque
529 1337 782 1382 augmentum
813 1335 1097 1379 sanctimoniae
1128 1339 1168 1373 et
1196 1335 1442 1373 innocentiae
1474 1334 1578 1373 vitae
1608 1333 1852 1385 contempla-

62 1389 203 1441 tqrum‚
234 1385 400 1437 denique
430 1389 471 1426 in
499 1388 666 1430 salutem
696 1382 896 1431 aeternam
917 1391 1167 1444 plurimarum
1189 1394 1404 1431 animarum
1426 1392 1551 1438 cedat,
1582 1391 1693 1430 illum
1722 1393 1850 1443 ipsum

67 1443 195 1483 Deum
223 1443 410 1484 'l'rinnum
439 1446 604 1498 supplex
631 1459 781 1498 precor.

746 1645 892 1684 Finis
927 1645 1046 1685 libri
1088 1647 1158 1685 lv.
