1994 3276
134 96 235 148 212ι
685 106 742 141 De
767 105 1116 152 Configurationibus
1138 107 1376 144 Harmonicis.

133 229 242 263 motu
271 225 460 274 gignitur,
502 226 673 274 compoti
717 222 900 265 'tribueret
930 226 1175 276 harmonias3
1218 239 1350 265 verum
1386 222 1582 277 persuasit
1616 228 1729 266 nobis
1759 227 1929 268 conditio

131 294 258 322 rerum
289 282 548 330 dicendarum,
583 289 625 321 ut
654 294 730 322 non
761 289 911 322 tantum
943 284 1115 324 ordinem
1139 290 1385 332 verteremus,
1417 287 1526 324 initio
1551 287 1601 325 ab
1624 286 1794 327 humano
1814 293 1928 325 cantu

131 341 234 380 facto
264 342 460 379 transituri
491 341 581 379 inde
612 341 662 379 ad
692 348 854 381 naturae
886 354 1004 393 opera
1035 348 1073 382 et
1103 345 1158 381 sic
1191 342 1344 382 demum
1376 344 1425 382 ad
1457 356 1555 394 opus
1575 346 1793 392 creationis,
1825 345 1928 395 quod

133 401 302 443 omnium
333 401 498 449 primum
530 405 567 438 et
598 401 917 449 perfectissimum
938 402 1022 448 fuit,
1053 400 1122 439 sed
1143 403 1260 439 etiam
1279 402 1392 441 finem
1414 402 1691 452 speculationis
1712 403 1929 453 abstractae

134 469 220 496 cum
250 459 441 508 principio
473 464 737 497 concretarum
767 459 1053 498 harmoniarum
1093 461 1131 496 in
1163 466 1279 498 cantu
1310 461 1631 511 conjungeremus
1662 461 1798 500 codem
1828 462 1928 500 libro

133 518 260 555 tertio.
320 517 437 554 Initio
481 518 597 566 igitur
639 518 742 556 facto
771 518 888 567 hujus
931 519 968 554 in
999 517 1185 555 mundum
1223 519 1517 558 introductionis
1556 520 1655 559 libro
1687 519 1929 559 antecedenti

135 580 172 613 et
208 576 469 625 transscriptis
499 575 709 613 harmoniis
740 575 910 614 humano
943 577 1094 623 cantui,
1127 587 1241 626 quem
1274 579 1366 615 artis
1396 577 1567 627 generali
1598 577 1790 617 vocabulo
1822 589 1929 617 com-

132 632 249 683 plecti
280 633 406 672 solent
436 633 516 682 alii,
548 635 722 683 sequitur
753 647 854 673 nnnc
886 639 1045 684 quartus
1074 633 1197 683 liber,
1234 637 1299 684 qui
1330 637 1369 673 in
1400 635 1477 675 hoc
1507 636 1640 675 ordine
1678 638 1834 676 inverso
1863 648 1930 675 se-

134 691 280 730 cundas
311 691 553 731 harmonices
585 699 787 731 concretae
819 699 949 742 partes
980 697 1140 731 naturae
1173 693 1317 731 tribuit.

249 750 331 788 Etsi
364 762 454 789 vero
486 752 649 800 sparsim
678 750 778 789 libro
799 751 870 789 III.
905 751 1208 801 disputationem
1239 751 1287 790 de
1313 751 1599 791 harmoniarum
1619 753 1787 790 essentia
1805 753 1928 802 tetigi,

133 808 289 859 plenam
326 814 455 847 tamen
498 809 612 858 hujus
653 809 943 860 metaphysicae
986 809 1260 859 disputationis
1301 812 1568 849 tractationem
1620 812 1658 847 in
1699 811 1928 861 principium

133 866 250 916 hujus
279 867 367 905 libri
399 869 523 917 quarti
556 867 691 905 eodem
724 867 886 906 consilio
917 867 1190 906 reservandam
1221 870 1365 907 censui.
1426 868 1523 907 Cum
1554 870 1655 907 enim
1691 867 1808 918 vulg'o
1838 868 1928 919 phi·
1976 912 1984 918 ,

102 924 384 975 «Ιοεορὴοῐυω
427 925 648 963 harmonias
687 937 762 964 non
803 925 897 964 alibi
939 931 1125 975 quaerant
1167 928 1241 965 nisi
1279 928 1318 964 in
1357 932 1494 974 cantu,
1533 928 1660 977 sitque
1690 926 1928 977 inopinabile

133 983 335 1034 plerisque,
358 995 548 1031 acroama,
583 996 668 1022 cum
701 984 870 1032 docetur,
902 983 1008 1022 aliud
1042 985 1133 1033 quid
1166 997 1250 1023 esse
1271 997 1402 1033 sonos,
1435 985 1540 1024 aliud
1561 985 1794 1033 harmonias,
1827 997 1928 1036 quae

134 1043 260 1080 inesse
290 1047 476 1091 putantur
505 1043 542 1079 in
574 1043 700 1091 sonis,
743 1042 912 1080 dandum
949 1042 1095 1092 ahquid
1134 1044 1204 1081 suit
1244 1043 1499 1082 imbecillitati
1531 1052 1666 1094 captus
1706 1049 1746 1083 et
1774 1043 1931 1082 harmo-

135 1102 285 1138 niarum
324 1107 429 1138 ortus
470 1099 722 1150 explicandus
762 1102 934 1139 terminis
963 1103 1094 1151 potius
1125 1102 1281 1140 musicis
1313 1103 1432 1151 vulgo
1470 1104 1594 1150 notis,
1637 1114 1709 1141 nec
1739 1101 1931 1141 turbanda

133 1160 205 1197 fuit
235 1158 403 1197 aviditas
434 1159 588 1197 lectoris
619 1161 840 1209 importuna
871 1159 1085 1198 subtilitate
1118 1160 1467 1211 metaphysicarum
1497 1159 1832 1213 quaestionum.·³‘·)

251 1217 304 1255 At
329 1218 412 1267 jam
443 1229 572 1267 porro,
607 1229 692 1256 cum
724 1218 945 1256 harmonias
982 1219 1020 1255 in
1053 1224 1192 1257 natura
1234 1221 1349 1268 inque
1381 1219 1577 1258 coelorum
1618 1219 1787 1258 motibus
1815 1223 1931 1270 pate·

132 1275 258 1314 facere
289 1277 340 1313 sit
370 1277 542 1324 animus,
583 1276 722 1326 vulgus
763 1288 854 1315 vero
894 1275 1213 1326 philosophorum
1254 1278 1385 1316 statim
1422 1277 1472 1316 ad
1512 1279 1675 1327 primam
1705 1277 1929 1316 harmoniae

133 1335 369 1373 mentionem
401 1336 596 1383 concipiat
626 1334 796 1373 siderum
827 1337 1013 1372 musicam
1047 1335 1240 1383 vocalem,
1279 1335 1417 1373 auditu
1446 1335 1732 1385 percipiendam
1774 1339 1813 1374 et
1842 1330 1943 1374 cum‘

133 1392 315 1442 Scipione
347 1392 600 1431 Ciceroniano
631 1395 788 1432 arrectis
819 1394 978 1431 auribus
1010 1393 1154 1440 adstet,
1198 1398 1428 1443 excepturus
1458 1399 1619 1432 tantum
1658 1398 1695 1432 et
1723 1398 1809 1432 tam
1839 1393 1933 1432 dul-

132 1462 215 1488 cem
243 1462 411 1499 aonum3
457 1462 542 1489 cum
574 1451 746 1500 proclive
777 1453 838 1498 sit,
869 1463 996 1489 rerum
1025 1452 1223 1500 imperitos
1263 1462 1350 1489 curn
1381 1451 1447 1489 illo
1478 1454 1564 1502 ipso
1595 1453 1830 1490 somniatore
1861 1451 1930 1489 Ci-

132 1519 269 1547 cerone
300 1511 577 1559 argumentari,
609 1521 693 1548 non
721 1521 832 1558 posse
860 1510 1016 1547 silentio
1046 1514 1178 1548 tantos
1206 1511 1372 1548 incitari
1401 1515 1551 1557 motus,
1592 1515 1630 1548 et
1660 1521 1747 1549 cum
1778 1509 1932 1560 Pytha-

106 1569 286 1623 'goraeis
317 1579 365 1606 ex
396 1568 604 1605 Aristotele
636 1569 823 1606 rationem
855 1566 1036 1615 reddere,
1069 1579 1136 1605 cur
1166 1568 1344 1606 coelestis
1375 1579 1494 1607 sonus
1524 1579 1602 1607 non
1633 1567 1863 1607 exaudiatur
1893 1569 1931 1606 in

132 1624 285 1675 Terris3
317 1637 418 1675 quae
448 1631 756 1676 praeconceptae
788 1627 989 1676 opiniones
1019 1625 1227 1675 plurimum
1259 1626 1416 1664 obstant
1434 1625 1659 1676 lectoribus,
1689 1626 1740 1665 ad
1770 1631 1932 1665 naturae

131 1683 348 1733 penetralia
378 1683 721 1732 contendentibus,
763 1684 942 1733 adeoque
983 1689 1021 1735 et
1051 1685 1265 1737 absterrere
1294 1690 1455 1734 possent
1494 1684 1637 1724 multos
1662 1684 1812 1734 judicio
1841 1683 1931 1734 pol-

132 1742 256 1780 lentes
299 1743 551 1791 veritatisque
593 1747 827 1791 sectatores,
879 1748 920 1780 ut
959 1747 1194 1791 nugamenta
1232 1745 1307 1781 ista
1348 1742 1635 1794 Pythagorica,
1676 1744 1742 1781 vix
1782 1744 1932 1782 eminus

133 1802 279 1849 agnita,
312 1805 577 1850 aspernantes,
609 1800 749 1839 librum
781 1812 856 1839 non
888 1795 1296 1850 lectum'abjieerent:
1329 1801 1388 1839 his
1423 1801 1470 1840 de
1492 1803 1618 1840 causis
1649 1800 1811 1840 idoneus
1841 1800 1935 1839 mihi

133 1860 240 1897 visus
282 1863 340 1896 est
382 1859 445 1897 hic
487 1861 569 1908 ipse
609 1858 737 1907 locus,
778 1860 819 1897 in
857 1871 972 1908 quem
1015 1858 1318 1908 disputationem
1361 1860 1462 1898 hanc
1497 1871 1645 1899 summe
1675 1860 1931 1899 necessariam

132 1916 322 1954 referrem.

248 1974 376 2012 Movit
405 1986 466 2012 me
498 1980 536 2012 et
566 1973 782 2012 Ptolemaei
816 1973 1045 2024 exemplum,
1078 1977 1144 2025 qui
1176 1986 1261 2013 cum
1294 1975 1403 2014 libris
1436 1977 1459 2012 2
1491 1976 1682 2025 prioribus
1714 1976 1841 2025 operis
1871 1975 1933 2012 sui

133 2032 345 2070 harmonici
378 2032 612 2070 absolvisset
642 2031 855 2070 doctrinam
884 2032 1160 2080 harmonicam,
1194 2045 1293 2083 quae
1325 2038 1383 2072 est
1413 2031 1460 2071 de
1491 2038 1618 2080 cantu,
1644 2033 1804 2083 jamque
1833 2031 1932 2071 libro

135 2093 248 2129 tertio
281 2089 621 2128 demonstrandum
651 2092 908 2140 suscepisset,
941 2103 1074 2130 omnes
1105 2096 1262 2130 naturas
1292 2091 1484 2141 perfectas
1515 2091 1739 2129 harmonica
1768 2091 1806 2128 vi
1838 2102 1930 2141 par-

134 2150 314 2198 ticipare,
362 2149 662 2197 disputationem
695 2155 732 2186 et
762 2151 845 2198 ipse
877 2150 1011 2198 incipit
1049 2150 1098 2187 ab
1129 2149 1203 2187 hac
1236 2150 1369 2188 eadem
1410 2151 1658 2199 quaestione:
1701 2149 1785 2188 Sub
1825 2148 1933 2199 quod

132 2219 257 2256 yenus
285 2219 425 2245 rerum
453 2207 666 2257 referenda
695 2208 745 2244 sit
773 2212 929 2244 natura
958 2218 1028 2245 seu
1057 2209 1117 2245 vis
1145 2207 1383 2245 harmonica
1421 2209 1585 2257 eiusque
1613 2209 1790 2251 scientia.
1850 2207 1932 2245 Etsi
1990 2244 1994 2251 ι

133 2266 250 2315 igitur
291 2276 451 2303 examen
490 2262 527 2302 ct
569 2275 766 2302 censuram
797 2264 1013 2303 Ptolemaei
1055 2276 1128 2314 ego
1168 2266 1205 2301 in
1246 2265 1363 2314 hujus
1404 2267 1479 2303 mei
1512 2267 1639 2316 operis
1676 2264 1929 2315 appendicem
1990 2286 1994 2318 j

132 2324 271 2372 reJeci‚
303 2328 343 2361 at
374 2322 466 2372 quid
497 2323 547 2361 ad
579 2323 678 2360 hanc
708 2322 921 2360 Ptolemaei
955 2325 1221 2372 quaestionem
1253 2335 1300 2361 ex
1331 2325 1425 2361 meis
1455 2325 1653 2373 principiis
1686 2323 1927 2374 responden-

135 2381 225 2419 dum
257 2381 453 2430 videatur,
495 2380 534 2418 id
567 2382 616 2419 ob
649 2380 790 2418 dictam
822 2393 977 2419 causam
1011 2381 1084 2419 hoc
1115 2386 1251 2430 quarto
1283 2382 1380 2419 libro
1418 2384 1612 2432 praemitti
1643 2381 1788 2420 debuit.
1848 2381 1929 2419 Nee

134 2439 173 2477 id
203 2445 354 2478 tantum
385 2439 434 2477 ad
464 2439 809 2489 praemuniendum
839 2439 1022 2477 lectorem
1054 2438 1363 2489 avertendaeque
1393 2440 1568 2478 sinistras
1608 2441 1810 2490 opiniones
1840 2451 1929 2489 per-
1990 2447 1992 2452 ‘

134 2499 252 2544 tinet,
292 2497 361 2536 sed
393 2498 510 2536 etiam
541 2498 591 2535 ad
623 2497 921 2546 explicationem
953 2496 1278 2535 fundamentalem
1312 2499 1428 2535 totius
1460 2499 1587 2547 quarti
1617 2498 1724 2546 libri3
1763 2502 1806 2535 ut
1836 2498 1929 2546 quia
1987 2520 1989 2522 -

132 2555 178 2594 de
221 2555 430 2594 harmoniis
466 2555 662 2593 radiorum
698 2554 921 2592 sideralium
961 2555 1097 2594 dicturi
1129 2567 1281 2602 sumus,
1327 2567 1428 2604 quae
1468 2563 1505 2594 et
1535 2561 1630 2605 quot
1659 2557 1737 2593 sint
1766 2566 1924 2593 numero
1966 2561 1968 2564 '

133 2614 350 2663 quibusque
381 2615 624 2662 geometricis
654 2613 852 2662 principiis
883 2613 1103 2656 formentur,
1135 2614 1241 2662 prius
1272 2614 1461 2662 sciamus,
1493 2626 1594 2663 quae
1626 2615 1677 2651 sit
1706 2613 1929 2651 harmonia-

132 2683 214 2709 rum
245 2673 425 2719 essentia,
458 2673 553 2709 citra
583 2677 621 2709 et
651 2681 844 2718 sonorum,
878 2673 942 2720 qui
974 2671 1036 2709 hic
1068 2670 1162 2708 nulli
1193 2676 1294 2717 sunt,
1327 2677 1364 2709 et
1394 2673 1563 2722 ipsorum
1595 2673 1710 2709 etiam
1732 2670 1925 2709 radiorum

133 2729 498 2777 considerationem,
534 2734 572 2768 et
602 2728 797 2778 quodnam
829 2740 959 2767 earum
992 2730 1186 2779 proprium
1217 2729 1453 2778 subjectum,
1488 2731 1555 2779 qui
1586 2730 1759 2778 termini3
1800 2730 1926 2775 sintne

135 2789 173 2824 in
206 2788 319 2826 rebus
353 2793 462 2826 extra
493 2787 748 2834 intellectum,
782 2798 831 2823 an
863 2787 900 2823 in
933 2786 1017 2824 sola
1049 2788 1198 2833 anima,
1232 2798 1308 2836 quo
1339 2787 1466 2826 medio
1497 2787 1759 2838 percipiantur
1786 2787 1927 2825 intror-
1985 2813 1994 2829 ,

133 2856 294 2896 sumque
325 2848 583 2897 recipiantur3
625 2857 703 2895 qua
732 2855 773 2882 re
804 2844 1078 2893 dijudicentur,
1123 2845 1209 2893 quis
1241 2845 1398 2884 effectus
1438 2846 1539 2883 hanc
1571 2846 1858 2895 perceptionem
1888 2848 1926 2882 et

236 2993 266 3026 ιι*)
287 2993 379 3027 Atqui
400 2992 540 3019 Socrates
559 2993 638 3026 apud
656 2987 827 3025 Platonem,
857 2993 969 3017 citante
987 2992 1094 3017 Proclo
1120 2993 1161 3018 lib
1193 2993 1217 3019 1.
1239 2993 1269 3018 in
1289 2994 1384 3023 Eucl„
1411 2993 1554 3019 musicum
1573 2993 1657 3018 illum
1677 2975 1798 3023 definit,
1818 2992 1868 3024 qui
1887 2991 1923 3017 nb
1983 3007 1994 3037 γε,

134 3027 171 3051 iis
189 3028 349 3054 harmoniis
361 3047 368 3059 ,
401 3036 476 3061 quae
496 3029 599 3054 insunt
617 3029 647 3054 in
667 3035 775 3058 sensu,
803 3027 992 3059 progreditur
1010 3027 1046 3052 ad
1065 3028 1228 3053 insensiles
1247 3029 1413 3054 harmonias
1435 3028 1701 3059 proportionesque
1720 3033 1820 3052 earnm
1837 3026 1921 3052 inve·

1987 2979 1994 3002 ἱ

134 3062 287 3093 stigandus
299 3082 307 3093 ,
341 3064 393 3095 qni
411 3064 529 3089 tandem
549 3063 650 3089 evadit
668 3064 727 3096 ipsi
754 3063 783 3088 in
803 3061 1012 3095 philosophum
1039 3062 1269 3096 expergefactus
1288 3063 1437 3089 harmonia
1456 3065 1581 3095 utraque
1608 3062 1645 3088 nd
1663 3061 1920 3094 contemplandum
1980 3050 1994 3103 ᾖ

132 3097 259 3128 primum
277 3105 378 3124 verum
398 3106 451 3124 ens
471 3099 687 3130 veritatemque
706 3099 810 3130 ipsam.
