1994 3276
108 83 192 125 490
703 122 705 126 ,
779 85 822 122 In
844 83 1078 121 Harmoniam
1100 84 1228 121 Mundi

196 199 254 244 42)
276 211 355 242 pag.
380 203 458 234 423.
504 200 714 235 Fluddius
737 204 784 242 (in
809 203 978 242 Discursu)
1004 207 1175 244 comparat
1198 213 1371 236 numerum
1403 208 1437 237 et
1459 198 1598 238 formam
1632 206 1838 238 schematum
1862 205 1899 238 in

106 258 203 290 opere
227 258 288 280 suo
313 259 387 281 cum
411 249 528 281 iisdem
552 249 687 290 Kepleri
712 253 744 281 et
769 248 881 282 addit:
913 260 1052 292 quorum
1084 250 1220 292 quidem
1253 250 1418 283 nonnulla.
1448 251 1528 284 lieet
1560 252 1688 285 decoris
1712 253 1819 292 gratia
1842 251 1901 284 de-

105 297 303 337 scribantur,
330 297 371 328 ad
396 305 464 327 rem
486 299 598 327 tamen
623 297 729 336 magis
753 300 866 328 exacte
889 298 1057 338 pertinent
1081 301 1114 329 et
1138 298 1268 329 meliori
1291 299 1447 330 methodo
1470 300 1521 330 ibi
1545 300 1774 341 explicantur,
1800 307 1901 341 quam

104 347 142 374 ut
173 344 290 384 aliqua
321 343 637 374 demonstrationum
670 345 814 375 auctoris
846 344 890 375 iis
921 345 1063 383 alit-ujus
1098 343 1267 376 dedecoris
1291 345 1458 385 specimen
1490 347 1606 377 afferre
1629 349 1742 388 queat.
1792 345 1903 385 Quare

104 391 204 421 verba
227 399 318 421 mera
341 392 419 421 sunt
442 390 524 421 haec
547 391 691 422 auctoris
717 394 750 422 et
773 391 886 432 potius
909 391 1057 422 invidiae
1079 391 1234 430 stigmata
1266 401 1306 423 ac
1330 393 1485 430 figmenta
1507 394 1659 435 poetica,
1685 401 1785 434 quam
1808 395 1846 423 ut
1869 401 1903 423 re

104 446 183 467 vera
213 434 345 478 aliquid
367 437 603 478 importantiae
628 445 738 468 secum
770 439 887 470 ferant.
936 438 975 468 In
1007 447 1104 478 opere
1136 444 1228 480 meo,
1262 434 1413 479 quamvis
1436 439 1771 480 picturasmplurimas
1794 439 1902 473 intro-

106 483 275 525 duxerim,
309 486 359 515 sat
384 483 514 526 liquido
540 486 649 522 tamen
673 484 840 524 percipere
866 487 975 524 potest
998 484 1122 526 lector,
1154 484 1228 515 illas
1254 494 1381 516 omnes.
1400 485 1442 516 ad
1467 484 1731 526 propositionum
1751 494 1903 524 ¹mearum

105 530 400 561 demonstrationes
431 529 527 561 valde
552 539 621 561 esse
645 531 844 562 necessarias
879 534 911 562 et
940 531 1032 562 nullo
1058 531 1156 562 modo
1191 531 1402 566 omittendas.
1451 531 1550 572 Quod
1579 541 1667 564 vero·
1689 531 1733 563 ad
1757 533 1902 573 picturas

105 577 140 608 in
167 577 322 617 operibus
356 577 438 608 meis
462 577 609 617 physicis
645 580 790 617 repertas
823 578 960 619 attinet,
999 579 1105 608 certus
1136 587 1225 617 sum,
1261 587 1316 609 eas
1349 587 1438 610 more
1463 578 1598 619 physico
1629 579 1796 610 ordinatas
1821 587 1901 611 esse.

110 623 194 654 Nam
219 627 259 654 ut
280 624 443 664 Keplerus
468 623 509 654 ad
535 633 708 664 corporum
732 633 864 654 suorum
889 624 1143 655 elucidationem
1167 633 1264 666 quam
1282 625 1443 665 plurimas
1467 625 1639 666 planarum
1657 626 1903 666 superficierum

106 671 402 711 demonstrationes
427 670 618 711 delineavit,
644 679 684 701 ex
709 671 830 712 quibus
855 680 996 711 cnrpora
1012 672 1165 711 componi
1191 671 1321 713 debent,
1348 673 1396 703 sic
1414 673 1511 703 etiam
1529 681 1589 712 ego
1613 672 1657 704 ad
1673 672 1814 711 subjecti
1837 671 1902 704 mei

104 717 367 757 explanationem
393 718 727 749 demonstrationibus
759 718 906 757 physicis
936 720 969 748 et
994 726 1061 748 non
1086 719 1327 749 mathematicis
1358 728 1430 750 sum
1454 728 1550 753 usust-
1593 719 1747 761 Denique
1783 722 1899 750 notatu

105 763 241 803 dignum
266 767 329 806 est,
367 764 457 806 quod
497 764 561 795 hoc
592 765 627 795 in
652 764 726 796 loco
762 767 876 795 auctor
907 773 943 795 se
966 765 1077 805 ipsum
1114 764 1300 797 collaudare
1324 766 1483 807 gaudeat,
1515 775 1590 797 cum
1621 766 1685 798 hoc
1708 765 1843 808 quidem
1865 766 1902 796 in

105 811 228 851 scripta
252 811 396 854 legente,
422 821 520 853 quam
545 811 580 842 iu
605 812 679 852 ipso
703 811 864 852 scriptore
889 814 975 842 esset
1000 811 1180 845 decentius.

219 880 277 923 43)
302 891 378 922 pag.
404 882 484 913 423.
534 881 743 913 Fluddius
768 882 814 920 (in
837 881 1097 922 Replicatione):
1130 880 1192 913 Cui
1227 891 1304 922 ego:
1338 891 1390 913 rne
1422 892 1463 914 ex
1497 882 1567 914 sola
1599 881 1814 914 monochordi
1837 882 1903 914 mei

106 926 382 969 contemplatione
414 929 491 969 plus
515 928 723 960 harmonicae
747 929 896 959 internae
920 929 1087 970 veritatis,
1121 929 1205 960 illud
1230 929 1353 960 mundo
1383 932 1416 960 et
1438 929 1555 960 mundi
1578 930 1706 961 animae
1730 932 1819 961 recte
1842 938 1902 969 ap-

105 975 274 1016 plicando,
298 985 395 1016 posse
419 974 606 1015 legentibus
630 975 794 1015 explicare
819 977 852 1006 et
875 974 990 1006 docere
1014 975 1050 1006 in
1075 976 1174 1006 unius
1199 975 1266 1007 diei
1290 977 1414 1019 spatio,
1445 985 1545 1018 quam
1568 975 1713 1008 Joannes
1735 976 1772 1007 in
1795 974 1903 1017 pluri-

105 1023 169 1054 bus
192 1023 384 1054 inventione
409 1031 478 1054 sua.
528 1022 594 1054 Sed
617 1021 724 1059 video,
749 1022 912 1052 Joannem
936 1025 994 1052 aut
1017 1030 1083 1053 non
1109 1023 1227 1061 legisse
1252 1022 1365 1065 libros,
1391 1026 1448 1054 aut
1471 1032 1510 1054 ea
1527 1023 1691 1063 accepisse
1715 1031 1774 1063 pro
1792 1023 1903 1061 aenig-

105 1070 260 1111 matibus,
285 1079 369 1111 quae
391 1069 536 1100 intuenti
560 1070 638 1099 sunt
660 1067 756 1099 valde
781 1068 877 1099 clara.
926 1068 1015 1099 Bene
1041 1069 1209 1108 cognitum
1242 1072 1275 1100 et
1298 1072 1469 1110 expertum
1494 1072 1560 1113 est,
1595 1070 1685 1112 quod
1709 1068 1808 1101 multi
1830 1068 1904 1100 sola

106 1116 266 1147 librorum
291 1125 439 1147 meorum
465 1116 590 1147 lectura
613 1116 662 1146 ita
684 1116 719 1146 in
744 1115 826 1146 meis
851 1116 1008 1156 operibus
1033 1115 1122 1147 docti
1147 1116 1328 1159 evaserint,
1355 1119 1394 1147 ut
1419 1116 1534 1148 laudes
1551 1119 1650 1148 'meae
1672 1115 1905 1157 philosophiae

105 1162 372 1194 ebuccinaverint
395 1167 455 1194 etc.

221 1238 278 1281 44)
304 1249 380 1280 pag.
404 1241 483 1271 424.
530 1238 740 1271 Fluddius
765 1235 814 1280 (in
837 1238 1030 1276 Discursu):
1066 1237 1225 1270 Hominis
1250 1237 1384 1279 quidem
1409 1247 1542 1271 sensum
1569 1238 1634 1271 hoc
1656 1238 1692 1270 in
1715 1236 1789 1270 loco
1812 1237 1903 1270 haud

106 1287 212 1328 capio,
235 1288 404 1331 imovero
427 1287 538 1327 ipsum
562 1288 705 1317 mentem
730 1294 836 1319 meam
860 1285 944 1316 male
969 1287 1069 1326 atque
1094 1284 1192 1316 modo
1218 1285 1403 1328 contrario,
1428 1294 1468 1317 ac
1492 1294 1552 1324 ego
1576 1286 1711 1327 putavi,
1736 1285 1903 1325 accepisse

105 1333 213 1365 video.
261 1334 322 1364 Ille
347 1343 418 1374 ego,
444 1333 503 1373 qui
527 1337 672 1364 veterum
696 1331 855 1371 mysteria
878 1332 1052 1363 enucleare
1075 1332 1182 1371 gestio
1208 1334 1242 1362 et
1265 1332 1431 1363 occultum
1460 1331 1557 1363 modo
1582 1331 1733 1363 naturali
1755 1331 1902 1363 revelare

105 1381 280 1418 contendo,
305 1378 364 1422 (in)
389 1380 571 1412 tenebrosis
595 1388 703 1410 rerum
728 1379 974 1416 aenigmatibus
991 1387 1058 1409 non
1076 1378 1234 1410 oblectari
1258 1377 1334 1410 ideo
1355 1378 1592 1420 deprehendet,
1619 1379 1788 1420 quoniam,
1813 1386 1902 1419 quae

106 1426 164 1458 diu
189 1426 308 1458 abdita
330 1426 474 1466 fuerunt,
496 1428 569 1466 J’am
592 1425 715 1457 mundo
739 1424 952 1456 manifestare
976 1428 1093 1465 sponte
1118 1434 1191 1456 sum
1215 1433 1398 1464 aggressus.
1446 1424 1555 1465 Quare
1577 1426 1687 1456 ‘nimia
1711 1425 1914 1459 coelestium„

105 1474 382 1514 contemplatione
413 1477 545 1514 raptum
570 1476 739 1504 auctorem
763 1470 920 1512 delirare,
951 1475 1008 1503 aut
1033 1472 1144 1512 potius
1169 1480 1243 1503 cum
1267 1472 1396 1503 ratione
1419 1471 1537 1514 aliqua
1566 1471 1730 1512 insanire,
1764 1471 1900 1502 conclu-

109 1520 254 1552 dendum
279 1524 338 1562 est,
363 1524 497 1561 propter
519 1519 714 1551 instabilem
739 1519 908 1558 opinionis
932 1519 1030 1550 istius
1056 1519 1316 1559 conceptionem.
1334 1535 1379 1542 --
1403 1517 1480 1549 Jam
1504 1521 1604 1550 testes
1627 1517 1781 1558 producit
1796 1517 1902 1549 Flud-

106 1566 181 1598 dius
206 1567 350 1607 primum
374 1567 587 1609 Germanum,
615 1565 865 1605 „doctissimum
890 1568 923 1596 et
945 1565 979 1596 in
998 1574 1105 1596 rerum
1122 1565 1326 1596 naturalium
1343 1565 1550 1604 inspectione
1564 1566 1637 1606 ipso
1654 1567 1789 1597 auctore
1804 1564 1902 1604 longe

105 1614 384 1656 profundioremst,
419 1613 538 1645 deinde
563 1612 698 1645 Gallum
721 1611 889 1653 quendam
914 1615 947 1643 et
971 1610 1072 1643 alium
1099 1611 1242 1653 denique
1266 1611 1444 1643 Doctorem
1469 1611 1684 1654 Germanum,
1721 1611 1780 1654 qui
1804 1619 1900 1651 prae-

106 1660 217 1691 dicent
239 1661 346 1701 ipsius
370 1661 629 1701 speculationes3
663 1662 696 1689 et
726 1661 893 1699 comparat
918 1668 972 1702 ea,
1005 1667 1091 1698 quae
1120 1659 1192 1698 ipse
1225 1658 1481 1701 excogitaverit,
1512 1667 1586 1690 cum
1615 1658 1714 1690 dictis
1737 1660 1898 1690 veterum:

104 1706 268 1739 Hermetis
293 1707 517 1750 Trismegisti,
543 1706 731 1739 Salomonis
756 1707 818 1737 etc.

221 1775 278 1819 45)
303 1786 378 1818 pag.
404 1778 482 1810 424.
529 1775 740 1808 Fluddius
766 1776 811 1814 (in
837 1775 1094 1816 Replicatione):
1118 1775 1208 1807 Usus
1234 1784 1306 1806 sum
1329 1776 1366 1806 in
1382 1776 1514 1816 scriptis
1530 1775 1613 1807 meis
1629 1774 1900 1815 hieroglyphicis3

107 1823 250 1856 concedo
275 1833 327 1855 me
353 1824 488 1867 dixisse,
512 1823 673 1864 templum
697 1831 805 1854 meum
829 1822 992 1853 musicum
1018 1831 1087 1853 esse
1111 1822 1184 1853 loco
1218 1822 1305 1861 signi
1333 1822 1582 1862 hieroglyphici.
1631 1821 1803 1862 Templum
1828 1819 1902 1852 dico

105 1871 268 1902 musicum
293 1871 364 1902 sine
390 1871 537 1902 clavibus
563 1873 594 1901 et
618 1868 742 1900 notulis
766 1870 801 1900 in
826 1869 900 1909 ipso
927 1869 1089 1908 expressis
1114 1872 1198 1900 esset
1223 1869 1332 1907 imago
1356 1869 1621 1909 hieroglyphice,
1644 1869 1668 1901 i.
1695 1877 1723 1900 e.
1749 1868 1900 1911 obscura,

105 1921 142 1949 at
179 1918 342 1958 expressis
370 1919 405 1948 in
439 1926 477 1948 eo
502 1917 653 1948 clavibus
688 1919 720 1947 et
751 1915 876 1946 notulis
911 1916 954 1945 ab
989 1915 1066 1946 aliis
1099 1916 1334 1954 systematibus
1365 1925 1432 1946 non
1457 1915 1577 1948 differt.
1626 1914 1716 1955 Quid
1748 1914 1903 1945 differunt

104 1965 266 2004 imagines
289 1967 368 1995 tuae
390 1963 643 1995 mathematicae
666 1963 702 1993 in
726 1962 822 1993 libris
845 1963 913 1993 tuis
938 1961 1123 2001 explicatae
1149 1971 1167 1992 a
1191 1961 1314 1992 talibus
1338 1962 1613 2003 hieroglyphicis,
1647 1962 1676 1992 si
1701 1970 1767 1992 non
1793 1963 1901 1992 essent

106 2011 213 2042 literis
239 2014 272 2042 et
295 2011 427 2051 scriptis
453 2009 720 2041 demonstratae?
766 2009 867 2039 Porro
892 2009 922 2040 si
946 2011 1039 2039 tuum
1062 2008 1277 2039 Prodromum
1301 2009 1438 2048 inspicit
1460 2008 1579 2047 lector,
1600 2008 1652 2039 ibi
1675 2008 1822 2048 picturas
1846 2007 1901 2038 in-

107 2058 218 2089 veniet
240 2066 345 2088 novas
371 2060 403 2088 et
423 2051 685 2096 hieroglyphicis
710 2055 955 2087 characteribus
971 2055 1078 2093 magis
1094 2055 1311 2096 propinquas,
1337 2063 1436 2096 quam
1451 2050 1532 2086 illae
1548 2063 1650 2085 meae.
1699 2054 1784 2100 Ergo
1803 2062 1899 2085 voces

108 2107 140 2135 et
162 2105 264 2136 verba
287 2105 406 2135 inania
429 2106 516 2137 sunt.
541 2112 626 2142 quae
651 2102 753 2137 dicis,
778 2105 811 2132 et
834 2110 893 2141 per
918 2110 1142 2140 consequens,
1166 2110 1252 2143 quae
1276 2103 1328 2138 tot
1351 2101 1450 2132 lineis
1474 2101 1651 2140 scripsisti,
1678 2101 1775 2132 unico
1802 2100 1900 2132 verbo

107 2154 183 2182 sunt.
205 2151 405 2190 negligenda
421 2153 454 2181 et
469 2147 662 2189 rejicienda.
710 2148 811 2179 Porro
830 2149 857 2179 si
875 2148 1063 2188 sapientum
1079 2148 1260 2179 sententias
1278 2147 1501 2189 produxerim,
1526 2156 1593 2178 non
1617 2149 1728 2178 tamen
1745 2147 1808 2178 hoc
1824 2147 1900 2187 reci,

107 2201 145 2228 ut
166 2207 218 2229 me
242 2198 352 2238 ipsum
377 2204 568 2228 excusarem
602 2204 661 2236 pro
687 2195 818 2234 scriptis
843 2195 924 2225 meis
948 2194 1192 2234 aenigmaticis,
1228 2193 1286 2225 sed
1317 2197 1429 2225 contra
1451 2196 1545 2236 tuam
1575 2194 1808 2235 assertionem,
1842 2193 1902 2232 qui

106 2245 297 2285 parabolica
321 2245 446 2284 scripta
470 2246 502 2274 et
525 2243 715 2281 aenigmata
739 2240 959 2273 condemnare
983 2239 1162 2272 videbaris.

222 2311 281 2355 46)
307 2321 381 2352 pag.
407 2313 485 2343 425.
533 2310 737 2343 Fluddius
762 2308 884 2352 (ibid.):
910 2310 1185 2341 Aestimationem
1206 2318 1314 2340 meam
1335 2310 1370 2340 in
1388 2312 1447 2340 tua
1464 2312 1628 2349 potestate
1650 2310 1786 2341 minime
1801 2309 1901 2340 sitam

107 2369 177 2391 esse
202 2362 255 2391 sat
279 2360 359 2400 scio,
401 2367 467 2401 quo
493 2360 552 2389 aut
576 2358 743 2397 elegantia
766 2360 826 2388 tua
849 2360 908 2388 aut
933 2355 1267 2387 demonstrationibus
1291 2355 1535 2387 mathematicis
1559 2356 1623 2396 ipsi
1647 2364 1764 2387 nocere
1788 2364 1900 2395 queas.

107 2407 192 2438 Ecce
216 2406 397 2437 Robcrtum
421 2406 456 2436 in
483 2406 651 2445 palaestra
676 2404 907 2444 philosophica
930 2403 974 2434 ad
998 2402 1184 2444 quamlibet
1208 2411 1226 2432 a
1243 2407 1274 2433 te
1291 2403 1438 2433 oblatam
1461 2403 1617 2442 injuriam
1643 2401 1901 2443 propulsandam

106 2455 274 2492 paratum,
311 2453 372 2483 ubi
395 2461 447 2483 me
472 2461 540 2483 non
562 2452 736 2483 verborum
768 2454 899 2482 tuorum
921 2452 1011 2480 metu
1035 2450 1222 2490 turbatum,
1255 2448 1314 2480 sed
1338 2450 1487 2480 veritatis
1513 2448 1627 2489 clypeo
1662 2451 1695 2479 et
1717 2449 1822 2480 acutis
1846 2448 1900 2478 in-

106 2499 196 2538 genii
218 2498 356 2539 spiculis
381 2502 547 2530 armatum
570 2499 730 2530 invenies.
781 2497 924 2528 Tantum
949 2497 983 2526 in
1008 2500 1040 2527 te
1057 2496 1188 2527 virtutis
1205 2495 1451 2536 philosophicae
1473 2496 1533 2526 ubi
1548 2495 1724 2536 quaeram?
1773 2494 1902 2525 Videbo

108 2545 263 2587 quando?
313 2546 402 2576 Deus
427 2546 533 2588 bone,
569 2543 684 2587 qualia
713 2547 792 2575 sunt
823 2544 887 2574 ista
916 2543 1018 2574 verba
1038 2543 1217 2582 jactantia,
1249 2542 1376 2573 homini
1399 2545 1513 2574 tantae
1537 2542 1642 2573 famae
1675 2544 1708 2572 et
1732 2540 1902 2572 doctrinae

106 2593 374 2624 inconvenientia
383 2594 390 2623 !

223 2658 281 2699 47)
306 2669 380 2700 pag.
406 2660 484 2692 429.
533 2658 743 2691 Fluddius
768 2656 891 2701 (ibid.):
927 2659 1027 2698 Ecce,
1065 2657 1113 2688 mi
1135 2656 1297 2700 Joannes,
1334 2657 1588 2700 me-Robertum
1619 2659 1714 2687 tuum
1737 2657 1902 2697 paratum,

108 2711 146 2739 ut
171 2707 253 2750 quid
277 2707 317 2738 de
343 2707 394 2738 his
417 2706 608 2738 harmoniae
632 2709 710 2737 tuae
733 2705 959 2737 fundamentis
984 2704 1117 2746 sentiat,
1142 2703 1206 2733 tibi
1230 2703 1339 2734 verbis
1359 2704 1536 2735 succinctis
1561 2703 1696 2734 comiter
1719 2701 1902 2733 ostendam.

108 2755 152 2785 Ut
179 2755 264 2786 mihi
287 2753 429 2794 videtur,
456 2762 496 2784 ex
522 2753 612 2783 hisce
637 2751 859 2783 fundamentis
883 2751 1095 2792 quaestiones
1122 2752 1154 2780 et
1171 2750 1270 2780 dubia
1287 2750 1470 2781 multifaria
1494 2759 1561 2781 non
1578 2749 1677 2781 facile
1694 2747 1904 2780 dissolvenda

108 2802 273 2839 oriuntur,
298 2799 469 2830 videlicet:
498 2798 531 2841 1)
555 2807 599 2830 an
624 2799 736 2829 anima
759 2798 803 2829 sit
826 2806 900 2836 pars
924 2798 1087 2827 naturae?
1111 2793 1146 2837 2)
1173 2797 1224 2826 An
1249 2797 1283 2826 in
1305 2797 1416 2827 anima
1439 2796 1585 2827 reluceat
1602 2794 1765 2827 circulus?
1789 2792 1824 2836 3)
1850 2794 1900 2824 An

110 2856 150 2877 ex
178 2847 354 2885 divisione,
378 2855 466 2887 quae
490 2847 528 2877 fit
551 2846 586 2877 in
611 2846 715 2885 ipsius
733 2845 864 2876 animae
889 2843 1041 2883 essentia,
1067 2842 1311 2874 constituantur
1333 2842 1465 2873 termini
1489 2842 1735 2874 harmoniarum
1755 2838 1904 2871 intellec-

112 2894 251 2924 tualium
284 2893 318 2923 in
343 2896 452 2923 mente
478 2889 617 2925 divina?
655 2891 688 2932 4)
714 2891 767 2922 An
792 2889 925 2921 auditus
958 2889 1001 2919 sit
1030 2898 1105 2928 pars
1130 2892 1265 2920 naturae
1298 2892 1502 2930 testeturque
1535 2889 1575 2919 de
1605 2888 1694 2919 sonis
1726 2894 1903 2927 eorumque

111 2939 358 2982 qualitatibus,
395 2947 479 2980 quas
504 2947 620 2970 sensus
646 2937 826 2969 communis
851 2936 1094 2976 repraesentat?
1133 2933 1165 2976 5)
1190 2935 1224 2967 Si
1249 2935 1452 2966 inveniretur
1474 2935 1643 2975 proportio
1674 2935 1709 2964 in
1732 2932 1904 2963 intellectu

114 2985 154 3015 ab
182 2986 311 3024 origine
334 2985 496 3027 relucens,
523 2994 566 3016 an
592 2985 666 3016 soni
690 2986 884 3015 censeantur
907 2982 1088 3013 harmonici
1112 2984 1144 3012 et
1166 2985 1276 3012 utrum
1301 2983 1343 3012 ab
1367 2982 1409 3012 iis
1435 2981 1608 3012 delectatio
1634 2981 1755 3011 oriatur
1782 2979 1904 3009 necne?

114 3029 146 3071 6)
174 3031 224 3061 An
250 3040 325 3070 pars
354 3034 491 3062 naturae
516 3040 623 3062 rerum
647 3029 913 3069 intelligibilium
936 3028 980 3058 sit
1004 3026 1222 3068 triangulum,
1255 3037 1333 3067 pars
1365 3027 1647 3068 quadrangulum,
1680 3028 1713 3057 et
1735 3024 1907 3066 quodlibet

113 3077 298 3116 distinguat
323 3078 481 3109 circulum
516 3078 551 3109 in
576 3080 698 3121 partes,
723 3085 809 3119 quae
834 3078 910 3107 sunt
933 3075 1120 3117 quantitate
1145 3083 1202 3106 seu
1225 3074 1432 3114 longitudine
1456 3083 1517 3106 sua
1538 3073 1671 3106 termini
1685 3071 1907 3113 proportionis
