<?xml version="1.0" encoding="UTF-8"?>
<!DOCTYPE html PUBLIC "-//W3C//DTD XHTML 1.0 Transitional//EN"
    "http://www.w3.org/TR/xhtml1/DTD/xhtml1-transitional.dtd">
<html xmlns="http://www.w3.org/1999/xhtml" xml:lang="en" lang="en">
 <head>
  <title>
</title>
<meta http-equiv="Content-Type" content="text/html;charset=utf-8" />
  <meta name='ocr-system' content='tesseract 3.04.00' />
  <meta name='ocr-capabilities' content='ocr_page ocr_carea ocr_par ocr_line ocrx_word'/>
</head>
<body>
  <div class='ocr_page' id='page_1' title='image "./operaomniaedidit05kepluoft_0446.png"; bbox 0 0 1994 3276; ppageno 0'>
   <div class='ocr_carea' id='block_1_1' title="bbox 119 81 1281 128">
    <p class='ocr_par' dir='ltr' id='par_1_1' title="bbox 119 81 1281 128">
     <span class='ocr_line' id='line_1_1' title="bbox 119 81 1281 128; baseline 0 -8"><span class='ocrx_word' id='word_1_1' title='bbox 119 81 201 121; x_wconf 76' lang='lat'>428</span> <span class='ocrx_word' id='word_1_2' title='bbox 743 82 961 128; x_wconf 86' lang='lat' dir='ltr'>Appendicis</span> <span class='ocrx_word' id='word_1_3' title='bbox 985 82 1281 120; x_wconf 77' lang='lat' dir='ltr'>Harmonicorum</span> 
     </span>
    </p>
   </div>
   <div class='ocr_carea' id='block_1_2' title="bbox 62 200 1907 2658">
    <p class='ocr_par' dir='ltr' id='par_1_2' title="bbox 114 200 1907 898">
     <span class='ocr_line' id='line_1_2' title="bbox 116 200 1906 258; baseline 0.006 -20"><span class='ocrx_word' id='word_1_4' title='bbox 116 201 233 238; x_wconf 82' lang='lat' dir='ltr'>niam</span> <span class='ocrx_word' id='word_1_5' title='bbox 275 201 522 250; x_wconf 72' lang='lat' dir='ltr'><strong><em>invenimus,</em></strong></span> <span class='ocrx_word' id='word_1_6' title='bbox 563 200 631 240; x_wconf 83' lang='lat' dir='ltr'>sed</span> <span class='ocrx_word' id='word_1_7' title='bbox 659 207 954 251; x_wconf 77' lang='lat' dir='ltr'><strong><em>comparantur</em></strong></span> <span class='ocrx_word' id='word_1_8' title='bbox 978 203 1146 254; x_wconf 72' lang='lat' dir='ltr'>fiyurae.</span> <span class='ocrx_word' id='word_1_9' title='bbox 1205 205 1292 243; x_wconf 91' lang='lat' dir='ltr'>Non</span> <span class='ocrx_word' id='word_1_10' title='bbox 1323 210 1418 256; x_wconf 89' lang='lat' dir='ltr'>puto</span> <span class='ocrx_word' id='word_1_11' title='bbox 1447 217 1510 246; x_wconf 88' lang='lat' dir='ltr'>me</span> <span class='ocrx_word' id='word_1_12' title='bbox 1541 205 1734 245; x_wconf 77' lang='lat' dir='ltr'>facturum</span> <span class='ocrx_word' id='word_1_13' title='bbox 1765 218 1906 258; x_wconf 83' lang='lat' dir='ltr'>operae</span> 
     </span>
     <span class='ocr_line' id='line_1_3' title="bbox 116 259 1905 318; baseline 0.006 -23"><span class='ocrx_word' id='word_1_14' title='bbox 116 259 301 309; x_wconf 86' lang='lat' dir='ltr'>pretium,</span> <span class='ocrx_word' id='word_1_15' title='bbox 345 260 378 297; x_wconf 88' lang='lat' dir='ltr'>si</span> <span class='ocrx_word' id='word_1_16' title='bbox 415 263 453 297; x_wconf 90' lang='lat' dir='ltr'>te</span> <span class='ocrx_word' id='word_1_17' title='bbox 484 259 666 298; x_wconf 84' lang='lat' dir='ltr'>adhorter</span> <span class='ocrx_word' id='word_1_18' title='bbox 702 259 752 298; x_wconf 90' lang='lat' dir='ltr'>ad</span> <span class='ocrx_word' id='word_1_19' title='bbox 782 260 987 310; x_wconf 88' lang='lat' dir='ltr'>legendum</span> <span class='ocrx_word' id='word_1_20' title='bbox 1025 262 1166 301; x_wconf 91' lang='lat' dir='ltr'>librum</span> <span class='ocrx_word' id='word_1_21' title='bbox 1199 263 1443 314; x_wconf 88' lang='lat' dir='ltr'>diligentius,</span> <span class='ocrx_word' id='word_1_22' title='bbox 1487 275 1563 303; x_wconf 91' lang='lat' dir='ltr'>non</span> <span class='ocrx_word' id='word_1_23' title='bbox 1595 266 1696 303; x_wconf 85' lang='lat' dir='ltr'>enim</span> <span class='ocrx_word' id='word_1_24' title='bbox 1737 267 1905 318; x_wconf 77' lang='lat' dir='ltr'><strong>parebis,</strong></span> 
     </span>
     <span class='ocr_line' id='line_1_4' title="bbox 120 316 1900 375; baseline 0.005 -20"><span class='ocrx_word' id='word_1_25' title='bbox 120 316 246 355; x_wconf 91' lang='lat' dir='ltr'>solum</span> <span class='ocrx_word' id='word_1_26' title='bbox 276 316 457 356; x_wconf 89' lang='lat' dir='ltr'>lectorem</span> <span class='ocrx_word' id='word_1_27' title='bbox 489 329 647 357; x_wconf 90' lang='lat' dir='ltr'>moneo.</span> <span class='ocrx_word' id='word_1_28' title='bbox 679 329 756 357; x_wconf 89' lang='lat' dir='ltr'>non</span> <span class='ocrx_word' id='word_1_29' title='bbox 786 318 881 369; x_wconf 88' lang='lat' dir='ltr'>legit</span> <span class='ocrx_word' id='word_1_30' title='bbox 910 319 1115 369; x_wconf 87' lang='lat' dir='ltr'>Robertus‚</span> <span class='ocrx_word' id='word_1_31' title='bbox 1153 333 1230 360; x_wconf 92' lang='lat' dir='ltr'>non</span> <span class='ocrx_word' id='word_1_32' title='bbox 1262 323 1484 373; x_wconf 79' lang='lat' dir='ltr'>pensitavit,</span> <span class='ocrx_word' id='word_1_33' title='bbox 1515 326 1584 361; x_wconf 85' lang='lat' dir='ltr'>aut</span> <span class='ocrx_word' id='word_1_34' title='bbox 1613 324 1646 362; x_wconf 90' lang='lat' dir='ltr'>si</span> <span class='ocrx_word' id='word_1_35' title='bbox 1675 325 1900 375; x_wconf 79' lang='lat' dir='ltr'><strong>pensitavit,</strong></span> 
     </span>
     <span class='ocr_line' id='line_1_5' title="bbox 117 374 1906 434; baseline 0.006 -22"><span class='ocrx_word' id='word_1_36' title='bbox 117 374 216 413; x_wconf 88' lang='lat' dir='ltr'>ludit</span> <span class='ocrx_word' id='word_1_37' title='bbox 248 386 338 425; x_wconf 88' lang='lat' dir='ltr'>ergo</span> <span class='ocrx_word' id='word_1_38' title='bbox 371 380 437 414; x_wconf 90' lang='lat' dir='ltr'>aut</span> <span class='ocrx_word' id='word_1_39' title='bbox 469 376 684 415; x_wconf 82' lang='lat' dir='ltr'><strong>cavillatur.</strong></span> <span class='ocrx_word' id='word_1_40' title='bbox 744 377 788 414; x_wconf 90' lang='lat' dir='ltr'>In</span> <span class='ocrx_word' id='word_1_41' title='bbox 820 379 1070 428; x_wconf 87' lang='lat' dir='ltr'>praeambulo</span> <span class='ocrx_word' id='word_1_42' title='bbox 1110 380 1238 418; x_wconf 87' lang='lat' dir='ltr'>indico</span> <span class='ocrx_word' id='word_1_43' title='bbox 1279 391 1414 419; x_wconf 81' lang='lat' dir='ltr'>causas</span> <span class='ocrx_word' id='word_1_44' title='bbox 1444 380 1729 420; x_wconf 85' lang='lat' dir='ltr'><strong>harmoniarum</strong></span> <span class='ocrx_word' id='word_1_45' title='bbox 1765 387 1906 434; x_wconf 85' lang='lat' dir='ltr'>peten-</span> 
     </span>
     <span class='ocr_line' id='line_1_6' title="bbox 118 433 1907 490; baseline 0.005 -19"><span class='ocrx_word' id='word_1_46' title='bbox 118 433 187 472; x_wconf 86' lang='lat' dir='ltr'>das</span> <span class='ocrx_word' id='word_1_47' title='bbox 220 445 266 472; x_wconf 88' lang='lat' dir='ltr'>ex</span> <span class='ocrx_word' id='word_1_48' title='bbox 297 435 520 484; x_wconf 82' lang='lat' dir='ltr'>geometria,</span> <span class='ocrx_word' id='word_1_49' title='bbox 553 447 601 474; x_wconf 85' lang='lat' dir='ltr'>ex</span> <span class='ocrx_word' id='word_1_50' title='bbox 626 435 826 474; x_wconf 87' lang='lat' dir='ltr'>divisione</span> <span class='ocrx_word' id='word_1_51' title='bbox 858 437 1005 485; x_wconf 84' lang='lat' dir='ltr'>circuli,</span> <span class='ocrx_word' id='word_1_52' title='bbox 1039 449 1139 487; x_wconf 89' lang='lat' dir='ltr'>quae</span> <span class='ocrx_word' id='word_1_53' title='bbox 1170 439 1213 477; x_wconf 92' lang='lat' dir='ltr'>fit</span> <span class='ocrx_word' id='word_1_54' title='bbox 1243 451 1311 489; x_wconf 89' lang='lat' dir='ltr'>per</span> <span class='ocrx_word' id='word_1_55' title='bbox 1339 439 1483 489; x_wconf 87' lang='lat' dir='ltr'>figuras</span> <span class='ocrx_word' id='word_1_56' title='bbox 1513 438 1711 490; x_wconf 83' lang='lat' dir='ltr'>regulares</span> <span class='ocrx_word' id='word_1_57' title='bbox 1743 439 1907 480; x_wconf 89' lang='lat' dir='ltr'>demon-</span> 
     </span>
     <span class='ocr_line' id='line_1_7' title="bbox 116 480 1905 549; baseline 0.004 -18"><span class='ocrx_word' id='word_1_58' title='bbox 116 480 315 540; x_wconf 85' lang='lat' dir='ltr'>strabiles‚</span> <span class='ocrx_word' id='word_1_59' title='bbox 359 492 458 531; x_wconf 87' lang='lat' dir='ltr'>liber</span> <span class='ocrx_word' id='word_1_60' title='bbox 486 495 569 543; x_wconf 87' lang='lat' dir='ltr'>ipse</span> <span class='ocrx_word' id='word_1_61' title='bbox 600 494 743 544; x_wconf 84' lang='lat' dir='ltr'>figuras</span> <span class='ocrx_word' id='word_1_62' title='bbox 781 494 948 533; x_wconf 80' lang='lat' dir='ltr'>exhibet.</span> <span class='ocrx_word' id='word_1_63' title='bbox 1007 495 1188 534; x_wconf 89' lang='lat' dir='ltr'>Nondum</span> <span class='ocrx_word' id='word_1_64' title='bbox 1230 509 1323 536; x_wconf 90' lang='lat' dir='ltr'>sane</span> <span class='ocrx_word' id='word_1_65' title='bbox 1363 498 1509 548; x_wconf 88' lang='lat' dir='ltr'>figurae</span> <span class='ocrx_word' id='word_1_66' title='bbox 1539 501 1629 536; x_wconf 87' lang='lat' dir='ltr'>sunt</span> <span class='ocrx_word' id='word_1_67' title='bbox 1658 497 1760 538; x_wconf 90' lang='lat' dir='ltr'>idem</span> <span class='ocrx_word' id='word_1_68' title='bbox 1799 499 1905 549; x_wconf 88' lang='lat' dir='ltr'>quod</span> 
     </span>
     <span class='ocr_line' id='line_1_8' title="bbox 115 550 1907 607; baseline 0.004 -19"><span class='ocrx_word' id='word_1_69' title='bbox 115 550 343 598; x_wconf 88' lang='lat' dir='ltr'>harmonia,</span> <span class='ocrx_word' id='word_1_70' title='bbox 377 558 467 590; x_wconf 86' lang='lat' dir='ltr'>sunt</span> <span class='ocrx_word' id='word_1_71' title='bbox 497 556 626 591; x_wconf 84' lang='lat' dir='ltr'>tamen</span> <span class='ocrx_word' id='word_1_72' title='bbox 659 553 724 590; x_wconf 86' lang='lat' dir='ltr'>via</span> <span class='ocrx_word' id='word_1_73' title='bbox 755 553 803 590; x_wconf 83' lang='lat' dir='ltr'>ad</span> <span class='ocrx_word' id='word_1_74' title='bbox 835 553 953 592; x_wconf 90' lang='lat' dir='ltr'>illam.</span> <span class='ocrx_word' id='word_1_75' title='bbox 1017 553 1131 603; x_wconf 82' lang='lat' dir='ltr'>Quid,</span> <span class='ocrx_word' id='word_1_76' title='bbox 1164 556 1195 592; x_wconf 89' lang='lat' dir='ltr'>si</span> <span class='ocrx_word' id='word_1_77' title='bbox 1225 556 1318 594; x_wconf 79' lang='lat' dir='ltr'>dum</span> <span class='ocrx_word' id='word_1_78' title='bbox 1350 567 1494 607; x_wconf 89' lang='lat' dir='ltr'>sponsa</span> <span class='ocrx_word' id='word_1_79' title='bbox 1525 557 1698 605; x_wconf 88' lang='lat' dir='ltr'>comitur,</span> <span class='ocrx_word' id='word_1_80' title='bbox 1736 557 1907 596; x_wconf 89' lang='lat' dir='ltr'>nondum</span> 
     </span>
     <span class='ocr_line' id='line_1_9' title="bbox 116 608 1905 664; baseline 0.004 -18"><span class='ocrx_word' id='word_1_81' title='bbox 116 613 205 647; x_wconf 89' lang='lat' dir='ltr'>sunt</span> <span class='ocrx_word' id='word_1_82' title='bbox 234 608 405 660; x_wconf 83' lang='lat' dir='ltr'>nuptiae,</span> <span class='ocrx_word' id='word_1_83' title='bbox 437 610 534 648; x_wconf 83' lang='lat' dir='ltr'>nihil</span> <span class='ocrx_word' id='word_1_84' title='bbox 565 623 655 661; x_wconf 86' lang='lat' dir='ltr'>ergo</span> <span class='ocrx_word' id='word_1_85' title='bbox 687 621 830 661; x_wconf 87' lang='lat' dir='ltr'>sponsa</span> <span class='ocrx_word' id='word_1_86' title='bbox 859 613 951 650; x_wconf 84' lang='lat' dir='ltr'>facit</span> <span class='ocrx_word' id='word_1_87' title='bbox 981 612 1030 650; x_wconf 91' lang='lat' dir='ltr'>ad</span> <span class='ocrx_word' id='word_1_88' title='bbox 1061 614 1244 664; x_wconf 74' lang='lat' dir='ltr'>nuptias?</span> <span class='ocrx_word' id='word_1_89' title='bbox 1305 615 1385 652; x_wconf 87' lang='lat' dir='ltr'>Aut</span> <span class='ocrx_word' id='word_1_90' title='bbox 1415 615 1447 652; x_wconf 89' lang='lat' dir='ltr'>si</span> <span class='ocrx_word' id='word_1_91' title='bbox 1486 613 1583 652; x_wconf 86' lang='lat' dir='ltr'>nihil</span> <span class='ocrx_word' id='word_1_92' title='bbox 1612 616 1694 664; x_wconf 86' lang='lat' dir='ltr'>agit</span> <span class='ocrx_word' id='word_1_93' title='bbox 1722 615 1905 656; x_wconf 84' lang='lat' dir='ltr'>Euclides</span> 
     </span>
     <span class='ocr_line' id='line_1_10' title="bbox 114 664 1905 724; baseline 0.004 -18"><span class='ocrx_word' id='word_1_94' title='bbox 114 668 216 706; x_wconf 91' lang='lat' dir='ltr'>libro</span> <span class='ocrx_word' id='word_1_95' title='bbox 247 664 316 706; x_wconf 87' lang='lat' dir='ltr'>IV.</span> <span class='ocrx_word' id='word_1_96' title='bbox 351 668 397 707; x_wconf 90' lang='lat' dir='ltr'>de</span> <span class='ocrx_word' id='word_1_97' title='bbox 429 670 653 719; x_wconf 84' lang='lat' dir='ltr'>corporibus</span> <span class='ocrx_word' id='word_1_98' title='bbox 685 668 837 716; x_wconf 89' lang='lat' dir='ltr'>solidis,</span> <span class='ocrx_word' id='word_1_99' title='bbox 878 670 944 709; x_wconf 85' lang='lat' dir='ltr'>sed</span> <span class='ocrx_word' id='word_1_100' title='bbox 976 671 1101 709; x_wconf 90' lang='lat' dir='ltr'>solum</span> <span class='ocrx_word' id='word_1_101' title='bbox 1133 671 1179 710; x_wconf 91' lang='lat' dir='ltr'>de</span> <span class='ocrx_word' id='word_1_102' title='bbox 1211 672 1343 720; x_wconf 87' lang='lat' dir='ltr'>figuris</span> <span class='ocrx_word' id='word_1_103' title='bbox 1373 672 1524 722; x_wconf 88' lang='lat' dir='ltr'>planis,</span> <span class='ocrx_word' id='word_1_104' title='bbox 1565 671 1661 710; x_wconf 88' lang='lat' dir='ltr'>nihil</span> <span class='ocrx_word' id='word_1_105' title='bbox 1691 685 1782 724; x_wconf 86' lang='lat' dir='ltr'>ergo</span> <span class='ocrx_word' id='word_1_106' title='bbox 1813 674 1905 714; x_wconf 83' lang='lat' dir='ltr'>facit</span> 
     </span>
     <span class='ocr_line' id='line_1_11' title="bbox 117 726 1904 780; baseline 0.004 -15"><span class='ocrx_word' id='word_1_107' title='bbox 117 727 215 765; x_wconf 89' lang='lat' dir='ltr'>liber</span> <span class='ocrx_word' id='word_1_108' title='bbox 245 726 314 764; x_wconf 92' lang='lat' dir='ltr'>IV.</span> <span class='ocrx_word' id='word_1_109' title='bbox 359 727 408 766; x_wconf 88' lang='lat' dir='ltr'>ad</span> <span class='ocrx_word' id='word_1_110' title='bbox 449 727 658 766; x_wconf 87' lang='lat' dir='ltr'>solidorum</span> <span class='ocrx_word' id='word_1_111' title='bbox 702 730 871 778; x_wconf 83' lang='lat' dir='ltr'>quinque</span> <span class='ocrx_word' id='word_1_112' title='bbox 909 730 1175 768; x_wconf 84' lang='lat' dir='ltr'>formationem</span> <span class='ocrx_word' id='word_1_113' title='bbox 1213 730 1312 769; x_wconf 92' lang='lat' dir='ltr'>libro</span> <span class='ocrx_word' id='word_1_114' title='bbox 1352 730 1470 769; x_wconf 90' lang='lat' dir='ltr'>XIII.</span> <span class='ocrx_word' id='word_1_115' title='bbox 1514 732 1768 780; x_wconf 68' lang='lat' dir='ltr'>sequentem?</span> <span class='ocrx_word' id='word_1_116' title='bbox 1827 732 1904 772; x_wconf 88' lang='lat' dir='ltr'>Sed</span> 
     </span>
     <span class='ocr_line' id='line_1_12' title="bbox 117 785 1904 839; baseline 0.004 -16"><span class='ocrx_word' id='word_1_117' title='bbox 117 785 245 833; x_wconf 89' lang='lat' dir='ltr'>video,</span> <span class='ocrx_word' id='word_1_118' title='bbox 282 785 376 834; x_wconf 88' lang='lat' dir='ltr'>quid</span> <span class='ocrx_word' id='word_1_119' title='bbox 406 786 596 835; x_wconf 85' lang='lat' dir='ltr'>volueris,</span> <span class='ocrx_word' id='word_1_120' title='bbox 627 786 815 825; x_wconf 89' lang='lat' dir='ltr'>Roberte:</span> <span class='ocrx_word' id='word_1_121' title='bbox 847 789 884 825; x_wconf 94' lang='lat' dir='ltr'>in</span> <span class='ocrx_word' id='word_1_122' title='bbox 917 789 1042 826; x_wconf 89' lang='lat' dir='ltr'>sinum</span> <span class='ocrx_word' id='word_1_123' title='bbox 1072 788 1241 838; x_wconf 85' lang='lat' dir='ltr'>gaudes,</span> <span class='ocrx_word' id='word_1_124' title='bbox 1273 789 1378 839; x_wconf 89' lang='lat' dir='ltr'>quod</span> <span class='ocrx_word' id='word_1_125' title='bbox 1409 801 1469 827; x_wconf 87' lang='lat' dir='ltr'>me</span> <span class='ocrx_word' id='word_1_126' title='bbox 1499 792 1772 839; x_wconf 85' lang='lat' dir='ltr'>commoveris,</span> <span class='ocrx_word' id='word_1_127' title='bbox 1803 791 1904 830; x_wconf 88' lang='lat' dir='ltr'>rides</span> 
     </span>
     <span class='ocr_line' id='line_1_13' title="bbox 117 843 1486 898; baseline 0.003 -16"><span class='ocrx_word' id='word_1_128' title='bbox 117 843 379 883; x_wconf 87' lang='lat' dir='ltr'>defensionem</span> <span class='ocrx_word' id='word_1_129' title='bbox 410 856 488 882; x_wconf 91' lang='lat' dir='ltr'>non</span> <span class='ocrx_word' id='word_1_130' title='bbox 518 846 790 883; x_wconf 87' lang='lat' dir='ltr'>necessariam.</span> <span class='ocrx_word' id='word_1_131' title='bbox 851 845 979 894; x_wconf 83' lang='lat' dir='ltr'>Quare</span> <span class='ocrx_word' id='word_1_132' title='bbox 1010 846 1106 885; x_wconf 90' lang='lat' dir='ltr'>nihil</span> <span class='ocrx_word' id='word_1_133' title='bbox 1136 846 1276 885; x_wconf 85' lang='lat' dir='ltr'>addam</span> <span class='ocrx_word' id='word_1_134' title='bbox 1307 848 1486 898; x_wconf 88' lang='lat' dir='ltr'>amplius.</span> 
     </span>
    </p>

    <p class='ocr_par' dir='ltr' id='par_1_3' title="bbox 62 902 1905 2475">
     <span class='ocr_line' id='line_1_14' title="bbox 232 902 1903 958; baseline 0.004 -18"><span class='ocrx_word' id='word_1_135' title='bbox 232 902 349 941; x_wconf 89' lang='lat' dir='ltr'>Libro</span> <span class='ocrx_word' id='word_1_136' title='bbox 381 914 467 942; x_wconf 90' lang='lat' dir='ltr'>meo</span> <span class='ocrx_word' id='word_1_137' title='bbox 498 903 667 942; x_wconf 86' lang='lat' dir='ltr'>secundo</span> <span class='ocrx_word' id='word_1_138' title='bbox 707 904 844 942; x_wconf 83' lang='lat' dir='ltr'>tribuis</span> <span class='ocrx_word' id='word_1_139' title='bbox 874 905 990 954; x_wconf 88' lang='lat' dir='ltr'>mihi,</span> <span class='ocrx_word' id='word_1_140' title='bbox 1039 905 1142 955; x_wconf 90' lang='lat' dir='ltr'>quod</span> <span class='ocrx_word' id='word_1_141' title='bbox 1182 906 1352 952; x_wconf 89' lang='lat' dir='ltr'>credam,</span> <span class='ocrx_word' id='word_1_142' title='bbox 1394 908 1432 943; x_wconf 91' lang='lat' dir='ltr'>in</span> <span class='ocrx_word' id='word_1_143' title='bbox 1464 907 1635 956; x_wconf 89' lang='lat' dir='ltr'>quinque</span> <span class='ocrx_word' id='word_1_144' title='bbox 1680 907 1903 958; x_wconf 79' lang='lat' dir='ltr'>corporibus</span> 
     </span>
     <span class='ocr_line' id='line_1_15' title="bbox 115 961 1902 1014; baseline 0.003 -16"><span class='ocrx_word' id='word_1_145' title='bbox 115 961 356 1011; x_wconf 83' lang='lat' dir='ltr'>regularibus</span> <span class='ocrx_word' id='word_1_146' title='bbox 395 963 604 1000; x_wconf 83' lang='lat' dir='ltr'>consistere</span> <span class='ocrx_word' id='word_1_147' title='bbox 645 963 723 999; x_wconf 90' lang='lat' dir='ltr'>vim</span> <span class='ocrx_word' id='word_1_148' title='bbox 763 962 988 1002; x_wconf 88' lang='lat' dir='ltr'>harmoniae</span> <span class='ocrx_word' id='word_1_149' title='bbox 1039 964 1268 1014; x_wconf 83' lang='lat' dir='ltr'>mundanae.</span> <span class='ocrx_word' id='word_1_150' title='bbox 1339 964 1506 1002; x_wconf 85' lang='lat' dir='ltr'>Rursum</span> <span class='ocrx_word' id='word_1_151' title='bbox 1551 966 1725 1014; x_wconf 80' lang='lat' dir='ltr'>praepeti</span> <span class='ocrx_word' id='word_1_152' title='bbox 1766 964 1902 1004; x_wconf 84' lang='lat' dir='ltr'>volatu</span> 
     </span>
     <span class='ocr_line' id='line_1_16' title="bbox 114 1015 1902 1076; baseline 0.003 -19"><span class='ocrx_word' id='word_1_153' title='bbox 114 1020 226 1058; x_wconf 87' lang='lat' dir='ltr'>turbo</span> <span class='ocrx_word' id='word_1_154' title='bbox 258 1021 482 1058; x_wconf 85' lang='lat' dir='ltr'>transcurrit</span> <span class='ocrx_word' id='word_1_155' title='bbox 513 1021 649 1070; x_wconf 89' lang='lat' dir='ltr'>igneus</span> <span class='ocrx_word' id='word_1_156' title='bbox 679 1021 824 1070; x_wconf 88' lang='lat' dir='ltr'>ingenii</span> <span class='ocrx_word' id='word_1_157' title='bbox 857 1023 914 1059; x_wconf 92' lang='lat' dir='ltr'>tui</span> <span class='ocrx_word' id='word_1_158' title='bbox 946 1021 1129 1069; x_wconf 87' lang='lat' dir='ltr'>volatilis,</span> <span class='ocrx_word' id='word_1_159' title='bbox 1162 1022 1266 1072; x_wconf 87' lang='lat' dir='ltr'>quod</span> <span class='ocrx_word' id='word_1_160' title='bbox 1297 1022 1414 1060; x_wconf 88' lang='lat' dir='ltr'>fixum</span> <span class='ocrx_word' id='word_1_161' title='bbox 1445 1022 1570 1062; x_wconf 85' lang='lat' dir='ltr'>facere</span> <span class='ocrx_word' id='word_1_162' title='bbox 1595 1022 1709 1072; x_wconf 89' lang='lat' dir='ltr'>jubet</span> <span class='ocrx_word' id='word_1_163' title='bbox 1738 1015 1902 1076; x_wconf 83' lang='lat' dir='ltr'>Hermes</span> 
     </span>
     <span class='ocr_line' id='line_1_17' title="bbox 115 1074 1903 1131; baseline 0.003 -16"><span class='ocrx_word' id='word_1_164' title='bbox 115 1084 215 1116; x_wconf 84' lang='lat' dir='ltr'>tuus.</span> <span class='ocrx_word' id='word_1_165' title='bbox 275 1078 392 1117; x_wconf 90' lang='lat' dir='ltr'>Liber</span> <span class='ocrx_word' id='word_1_166' title='bbox 422 1090 531 1117; x_wconf 86' lang='lat' dir='ltr'>meus</span> <span class='ocrx_word' id='word_1_167' title='bbox 561 1078 754 1117; x_wconf 88' lang='lat' dir='ltr'>secundus</span> <span class='ocrx_word' id='word_1_168' title='bbox 786 1079 912 1118; x_wconf 88' lang='lat' dir='ltr'>adhuc</span> <span class='ocrx_word' id='word_1_169' title='bbox 943 1082 981 1117; x_wconf 92' lang='lat' dir='ltr'>in</span> <span class='ocrx_word' id='word_1_170' title='bbox 1011 1080 1144 1129; x_wconf 84' lang='lat' dir='ltr'>figuris</span> <span class='ocrx_word' id='word_1_171' title='bbox 1174 1086 1371 1124; x_wconf 84' lang='lat' dir='ltr'>versatur,</span> <span class='ocrx_word' id='word_1_172' title='bbox 1404 1092 1503 1131; x_wconf 87' lang='lat' dir='ltr'>quae</span> <span class='ocrx_word' id='word_1_173' title='bbox 1532 1080 1632 1120; x_wconf 82' lang='lat' dir='ltr'>libro</span> <span class='ocrx_word' id='word_1_174' title='bbox 1661 1082 1776 1120; x_wconf 86' lang='lat' dir='ltr'>tertio</span> <span class='ocrx_word' id='word_1_175' title='bbox 1807 1074 1903 1121; x_wconf 84' lang='lat' dir='ltr'>con-</span> 
     </span>
     <span class='ocr_line' id='line_1_18' title="bbox 114 1138 1902 1208; baseline 0.002 -33"><span class='ocrx_word' id='word_1_176' title='bbox 114 1138 274 1175; x_wconf 87' lang='lat' dir='ltr'>stituent</span> <span class='ocrx_word' id='word_1_177' title='bbox 305 1138 618 1187; x_wconf 84' lang='lat' dir='ltr'>coaptabuntque</span> <span class='ocrx_word' id='word_1_178' title='bbox 648 1140 939 1188; x_wconf 88' lang='lat' dir='ltr'>proportionum</span> <span class='ocrx_word' id='word_1_179' title='bbox 971 1138 1277 1177; x_wconf 84' lang='lat' dir='ltr'>harmonicarum</span> <span class='ocrx_word' id='word_1_180' title='bbox 1304 1141 1498 1178; x_wconf 88' lang='lat' dir='ltr'>terminos.</span> <span class='ocrx_word' id='word_1_181' title='bbox 1561 1138 1746 1208; x_wconf 87' lang='lat' dir='ltr'>Agnosco</span> <span class='ocrx_word' id='word_1_182' title='bbox 1773 1144 1902 1179; x_wconf 86' lang='lat' dir='ltr'>tamen</span> 
     </span>
     <span class='ocr_line' id='line_1_19' title="bbox 114 1195 1903 1248; baseline 0.002 -15"><span class='ocrx_word' id='word_1_183' title='bbox 114 1195 242 1234; x_wconf 86' lang='lat' dir='ltr'>ideam</span> <span class='ocrx_word' id='word_1_184' title='bbox 274 1195 468 1246; x_wconf 85' lang='lat' dir='ltr'>quandam</span> <span class='ocrx_word' id='word_1_185' title='bbox 499 1196 784 1234; x_wconf 82' lang='lat' dir='ltr'>harmoniarum</span> <span class='ocrx_word' id='word_1_186' title='bbox 817 1197 1119 1245; x_wconf 88' lang='lat' dir='ltr'>mundanarum,</span> <span class='ocrx_word' id='word_1_187' title='bbox 1157 1199 1380 1248; x_wconf 84' lang='lat' dir='ltr'>praesertim</span> <span class='ocrx_word' id='word_1_188' title='bbox 1411 1197 1692 1246; x_wconf 88' lang='lat' dir='ltr'>radiationum‚</span> <span class='ocrx_word' id='word_1_189' title='bbox 1735 1199 1774 1236; x_wconf 91' lang='lat' dir='ltr'>in</span> <span class='ocrx_word' id='word_1_190' title='bbox 1807 1209 1903 1238; x_wconf 88' lang='lat' dir='ltr'>con-</span> 
     </span>
     <span class='ocr_line' id='line_1_20' title="bbox 115 1239 1903 1304; baseline 0.002 -13"><span class='ocrx_word' id='word_1_191' title='bbox 115 1255 292 1304; x_wconf 85' lang='lat' dir='ltr'>gruentia</span> <span class='ocrx_word' id='word_1_192' title='bbox 331 1254 539 1303; x_wconf 83' lang='lat' dir='ltr'>figurarum</span> <span class='ocrx_word' id='word_1_193' title='bbox 579 1256 832 1304; x_wconf 86' lang='lat' dir='ltr'>geometrica,</span> <span class='ocrx_word' id='word_1_194' title='bbox 879 1255 970 1294; x_wconf 91' lang='lat' dir='ltr'>dum</span> <span class='ocrx_word' id='word_1_195' title='bbox 1003 1255 1093 1294; x_wconf 88' lang='lat' dir='ltr'>illae</span> <span class='ocrx_word' id='word_1_196' title='bbox 1125 1256 1252 1295; x_wconf 87' lang='lat' dir='ltr'>adhuc</span> <span class='ocrx_word' id='word_1_197' title='bbox 1291 1257 1330 1293; x_wconf 91' lang='lat' dir='ltr'>in</span> <span class='ocrx_word' id='word_1_198' title='bbox 1363 1256 1558 1295; x_wconf 87' lang='lat' dir='ltr'>abstracto</span> <span class='ocrx_word' id='word_1_199' title='bbox 1600 1239 1903 1296; x_wconf 85' lang='lat' dir='ltr'>considerantur.</span> 
     </span>
     <span class='ocr_line' id='line_1_21' title="bbox 116 1311 1904 1366; baseline 0.001 -16"><span class='ocrx_word' id='word_1_200' title='bbox 116 1313 174 1350; x_wconf 84' lang='lat' dir='ltr'>Ex</span> <span class='ocrx_word' id='word_1_201' title='bbox 204 1313 279 1351; x_wconf 90' lang='lat' dir='ltr'>hac</span> <span class='ocrx_word' id='word_1_202' title='bbox 309 1314 569 1363; x_wconf 81' lang='lat' dir='ltr'>congruentia,</span> <span class='ocrx_word' id='word_1_203' title='bbox 605 1325 704 1362; x_wconf 87' lang='lat' dir='ltr'>quae</span> <span class='ocrx_word' id='word_1_204' title='bbox 737 1313 897 1352; x_wconf 85' lang='lat' dir='ltr'>Graccis</span> <span class='ocrx_word' id='word_1_205' title='bbox 928 1319 987 1352; x_wconf 89' lang='lat' dir='ltr'>est</span> <span class='ocrx_word' id='word_1_206' title='bbox 1017 1311 1197 1366; x_wconf 74' lang='grc' dir='ltr'>ἁρμοσις,</span> <span class='ocrx_word' id='word_1_207' title='bbox 1229 1316 1351 1365; x_wconf 89' lang='lat' dir='ltr'>prima</span> <span class='ocrx_word' id='word_1_208' title='bbox 1369 1316 1513 1365; x_wconf 88' lang='lat' dir='ltr'>petitur</span> <span class='ocrx_word' id='word_1_209' title='bbox 1543 1316 1652 1365; x_wconf 89' lang='lat' dir='ltr'>origo</span> <span class='ocrx_word' id='word_1_210' title='bbox 1685 1316 1792 1354; x_wconf 87' lang='lat' dir='ltr'>vocis</span> <span class='ocrx_word' id='word_1_211' title='bbox 1811 1315 1904 1354; x_wconf 88' lang='lat' dir='ltr'>har-</span> 
     </span>
     <span class='ocr_line' id='line_1_22' title="bbox 114 1370 1904 1424; baseline 0.002 -16"><span class='ocrx_word' id='word_1_212' title='bbox 114 1373 255 1409; x_wconf 86' lang='lat' dir='ltr'>monia.</span> <span class='ocrx_word' id='word_1_213' title='bbox 316 1370 460 1410; x_wconf 88' lang='lat' dir='ltr'>Verum</span> <span class='ocrx_word' id='word_1_214' title='bbox 490 1371 553 1409; x_wconf 88' lang='lat' dir='ltr'>hie</span> <span class='ocrx_word' id='word_1_215' title='bbox 585 1383 720 1410; x_wconf 86' lang='lat' dir='ltr'>sensus</span> <span class='ocrx_word' id='word_1_216' title='bbox 751 1373 860 1410; x_wconf 86' lang='lat' dir='ltr'>vocis</span> <span class='ocrx_word' id='word_1_217' title='bbox 892 1372 1018 1411; x_wconf 83' lang='lat' dir='ltr'>adhuc</span> <span class='ocrx_word' id='word_1_218' title='bbox 1049 1373 1264 1422; x_wconf 83' lang='lat' dir='ltr'>generalior</span> <span class='ocrx_word' id='word_1_219' title='bbox 1295 1377 1370 1419; x_wconf 89' lang='lat' dir='ltr'>est,</span> <span class='ocrx_word' id='word_1_220' title='bbox 1404 1385 1519 1422; x_wconf 89' lang='lat' dir='ltr'>quam</span> <span class='ocrx_word' id='word_1_221' title='bbox 1550 1374 1746 1423; x_wconf 89' lang='lat' dir='ltr'>proprium</span> <span class='ocrx_word' id='word_1_222' title='bbox 1778 1376 1904 1424; x_wconf 86' lang='lat' dir='ltr'>operis</span> 
     </span>
     <span class='ocr_line' id='line_1_23' title="bbox 114 1429 1905 1481; baseline 0.001 -13"><span class='ocrx_word' id='word_1_223' title='bbox 114 1430 188 1468; x_wconf 88' lang='lat' dir='ltr'>mei</span> <span class='ocrx_word' id='word_1_224' title='bbox 220 1429 457 1479; x_wconf 87' lang='lat' dir='ltr'>subjectum;</span> <span class='ocrx_word' id='word_1_225' title='bbox 490 1430 682 1480; x_wconf 86' lang='lat' dir='ltr'>significat</span> <span class='ocrx_word' id='word_1_226' title='bbox 712 1432 813 1469; x_wconf 90' lang='lat' dir='ltr'>enim</span> <span class='ocrx_word' id='word_1_227' title='bbox 843 1431 987 1469; x_wconf 85' lang='lat' dir='ltr'>nudam</span> <span class='ocrx_word' id='word_1_228' title='bbox 1018 1431 1318 1481; x_wconf 85' lang='lat' dir='ltr'>applicationem</span> <span class='ocrx_word' id='word_1_229' title='bbox 1350 1430 1512 1469; x_wconf 88' lang='lat' dir='ltr'>laterum</span> <span class='ocrx_word' id='word_1_230' title='bbox 1542 1432 1582 1469; x_wconf 92' lang='lat' dir='ltr'>in</span> <span class='ocrx_word' id='word_1_231' title='bbox 1612 1431 1767 1481; x_wconf 85' lang='lat' dir='ltr'>figuris,</span> <span class='ocrx_word' id='word_1_232' title='bbox 1804 1443 1905 1481; x_wconf 84' lang='lat' dir='ltr'>qua-</span> 
     </span>
     <span class='ocr_line' id='line_1_24' title="bbox 112 1487 1903 1541; baseline 0.002 -16"><span class='ocrx_word' id='word_1_233' title='bbox 112 1500 195 1526; x_wconf 89' lang='lat' dir='ltr'>rum</span> <span class='ocrx_word' id='word_1_234' title='bbox 237 1488 370 1537; x_wconf 86' lang='lat' dir='ltr'>anguli</span> <span class='ocrx_word' id='word_1_235' title='bbox 412 1488 539 1527; x_wconf 89' lang='lat' dir='ltr'>locum</span> <span class='ocrx_word' id='word_1_236' title='bbox 579 1487 745 1526; x_wconf 90' lang='lat' dir='ltr'>solidum</span> <span class='ocrx_word' id='word_1_237' title='bbox 785 1489 847 1527; x_wconf 89' lang='lat' dir='ltr'>vel</span> <span class='ocrx_word' id='word_1_238' title='bbox 887 1489 1045 1540; x_wconf 82' lang='lat' dir='ltr'>planum</span> <span class='ocrx_word' id='word_1_239' title='bbox 1075 1489 1247 1539; x_wconf 87' lang='lat' dir='ltr'>implent.</span> <span class='ocrx_word' id='word_1_240' title='bbox 1310 1488 1466 1538; x_wconf 85' lang='lat' dir='ltr'>Quanto</span> <span class='ocrx_word' id='word_1_241' title='bbox 1505 1490 1630 1541; x_wconf 86' lang='lat' dir='ltr'>magis</span> <span class='ocrx_word' id='word_1_242' title='bbox 1672 1491 1903 1540; x_wconf 89' lang='lat' dir='ltr'>improprius</span> 
     </span>
     <span class='ocr_line' id='line_1_25' title="bbox 115 1546 1902 1604; baseline 0.001 -19"><span class='ocrx_word' id='word_1_243' title='bbox 115 1551 173 1586; x_wconf 90' lang='lat' dir='ltr'>est</span> <span class='ocrx_word' id='word_1_244' title='bbox 215 1546 455 1595; x_wconf 84' lang='lat' dir='ltr'>significatus</span> <span class='ocrx_word' id='word_1_245' title='bbox 495 1549 626 1596; x_wconf 85' lang='lat' dir='ltr'>vocis,</span> <span class='ocrx_word' id='word_1_246' title='bbox 673 1559 758 1586; x_wconf 92' lang='lat' dir='ltr'>cum</span> <span class='ocrx_word' id='word_1_247' title='bbox 792 1549 878 1597; x_wconf 86' lang='lat' dir='ltr'>quis</span> <span class='ocrx_word' id='word_1_248' title='bbox 918 1550 1033 1586; x_wconf 89' lang='lat' dir='ltr'>etiam</span> <span class='ocrx_word' id='word_1_249' title='bbox 1065 1548 1177 1586; x_wconf 89' lang='lat' dir='ltr'>orbes</span> <span class='ocrx_word' id='word_1_250' title='bbox 1208 1547 1395 1586; x_wconf 85' lang='lat' dir='ltr'>coelestes</span> <span class='ocrx_word' id='word_1_251' title='bbox 1437 1549 1536 1586; x_wconf 88' lang='lat' dir='ltr'>inter</span> <span class='ocrx_word' id='word_1_252' title='bbox 1566 1559 1608 1586; x_wconf 89' lang='lat' dir='ltr'>se</span> <span class='ocrx_word' id='word_1_253' title='bbox 1648 1552 1902 1604; x_wconf 71' lang='lat' dir='ltr'>congruentes</span> 
     </span>
     <span class='ocr_line' id='line_1_26' title="bbox 117 1605 1903 1656; baseline 0 -12"><span class='ocrx_word' id='word_1_254' title='bbox 117 1605 166 1644; x_wconf 89' lang='lat' dir='ltr'>ad</span> <span class='ocrx_word' id='word_1_255' title='bbox 196 1616 370 1643; x_wconf 90' lang='lat' dir='ltr'>normam</span> <span class='ocrx_word' id='word_1_256' title='bbox 402 1605 551 1644; x_wconf 90' lang='lat' dir='ltr'>orbium</span> <span class='ocrx_word' id='word_1_257' title='bbox 581 1607 919 1655; x_wconf 87' lang='lat' dir='ltr'>geometricorum,</span> <span class='ocrx_word' id='word_1_258' title='bbox 961 1608 1027 1656; x_wconf 85' lang='lat' dir='ltr'>qui</span> <span class='ocrx_word' id='word_1_259' title='bbox 1059 1610 1097 1644; x_wconf 89' lang='lat' dir='ltr'>et</span> <span class='ocrx_word' id='word_1_260' title='bbox 1127 1605 1260 1655; x_wconf 81' lang='lat' dir='ltr'>figuris</span> <span class='ocrx_word' id='word_1_261' title='bbox 1301 1605 1435 1644; x_wconf 88' lang='lat' dir='ltr'>solidis</span> <span class='ocrx_word' id='word_1_262' title='bbox 1465 1606 1724 1644; x_wconf 87' lang='lat' dir='ltr'>inscribuntur</span> <span class='ocrx_word' id='word_1_263' title='bbox 1759 1610 1798 1645; x_wconf 85' lang='lat' dir='ltr'>et</span> <span class='ocrx_word' id='word_1_264' title='bbox 1827 1607 1903 1645; x_wconf 90' lang='lat' dir='ltr'>cir-</span> 
     </span>
     <span class='ocr_line' id='line_1_27' title="bbox 114 1663 1902 1715; baseline 0 -13"><span class='ocrx_word' id='word_1_265' title='bbox 114 1663 441 1712; x_wconf 86' lang='lat' dir='ltr'>cumscribuntur,</span> <span class='ocrx_word' id='word_1_266' title='bbox 487 1666 519 1702; x_wconf 90' lang='lat' dir='ltr'>si</span> <span class='ocrx_word' id='word_1_267' title='bbox 558 1664 659 1703; x_wconf 89' lang='lat' dir='ltr'>hanc</span> <span class='ocrx_word' id='word_1_268' title='bbox 698 1665 856 1714; x_wconf 89' lang='lat' dir='ltr'>inquam</span> <span class='ocrx_word' id='word_1_269' title='bbox 897 1666 1186 1715; x_wconf 88' lang='lat' dir='ltr'>congruentiam</span> <span class='ocrx_word' id='word_1_270' title='bbox 1230 1665 1315 1714; x_wconf 88' lang='lat' dir='ltr'>quis</span> <span class='ocrx_word' id='word_1_271' title='bbox 1356 1664 1598 1702; x_wconf 85' lang='lat' dir='ltr'>harmoniam</span> <span class='ocrx_word' id='word_1_272' title='bbox 1635 1663 1902 1714; x_wconf 19' lang='lat' dir='ltr'>,dicere-velit.</span> 
     </span>
     <span class='ocr_line' id='line_1_28' title="bbox 113 1721 1903 1772; baseline 0 -12"><span class='ocrx_word' id='word_1_273' title='bbox 113 1723 197 1772; x_wconf 88' lang='lat' dir='ltr'>Ego</span> <span class='ocrx_word' id='word_1_274' title='bbox 229 1722 384 1772; x_wconf 90' lang='lat' dir='ltr'>quidem</span> <span class='ocrx_word' id='word_1_275' title='bbox 423 1723 689 1772; x_wconf 84' lang='lat' dir='ltr'>ambiguitatis</span> <span class='ocrx_word' id='word_1_276' title='bbox 726 1723 909 1762; x_wconf 86' lang='lat' dir='ltr'>vitandae</span> <span class='ocrx_word' id='word_1_277' title='bbox 941 1734 1060 1761; x_wconf 84' lang='lat' dir='ltr'>causa</span> <span class='ocrx_word' id='word_1_278' title='bbox 1089 1734 1287 1772; x_wconf 89' lang='lat' dir='ltr'>uunquam</span> <span class='ocrx_word' id='word_1_279' title='bbox 1325 1721 1365 1760; x_wconf 89' lang='lat' dir='ltr'>id</span> <span class='ocrx_word' id='word_1_280' title='bbox 1396 1722 1487 1761; x_wconf 89' lang='lat' dir='ltr'>dixi.</span> <span class='ocrx_word' id='word_1_281' title='bbox 1547 1722 1634 1761; x_wconf 90' lang='lat' dir='ltr'>Non</span> <span class='ocrx_word' id='word_1_282' title='bbox 1674 1724 1775 1762; x_wconf 88' lang='lat' dir='ltr'>enim</span> <span class='ocrx_word' id='word_1_283' title='bbox 1811 1722 1903 1762; x_wconf 83' lang='lat' dir='ltr'>har-</span> 
     </span>
     <span class='ocr_line' id='line_1_29' title="bbox 115 1780 1903 1832; baseline 0.001 -14"><span class='ocrx_word' id='word_1_284' title='bbox 115 1782 283 1818; x_wconf 88' lang='lat' dir='ltr'>moniam</span> <span class='ocrx_word' id='word_1_285' title='bbox 315 1781 655 1830; x_wconf 13' lang='lat' dir='ltr'>interssSaturnum</span> <span class='ocrx_word' id='word_1_286' title='bbox 686 1786 724 1820; x_wconf 87' lang='lat' dir='ltr'>et</span> <span class='ocrx_word' id='word_1_287' title='bbox 754 1781 909 1822; x_wconf 84' lang='lat' dir='ltr'>Jovem.</span> <span class='ocrx_word' id='word_1_288' title='bbox 941 1781 1017 1820; x_wconf 91' lang='lat' dir='ltr'>hoc</span> <span class='ocrx_word' id='word_1_289' title='bbox 1048 1781 1204 1830; x_wconf 87' lang='lat' dir='ltr'>quidem</span> <span class='ocrx_word' id='word_1_290' title='bbox 1235 1781 1385 1819; x_wconf 88' lang='lat' dir='ltr'>orbium</span> <span class='ocrx_word' id='word_1_291' title='bbox 1415 1785 1605 1831; x_wconf 87' lang='lat' dir='ltr'>respectu,</span> <span class='ocrx_word' id='word_1_292' title='bbox 1641 1780 1709 1820; x_wconf 89' lang='lat' dir='ltr'>sed</span> <span class='ocrx_word' id='word_1_293' title='bbox 1739 1792 1903 1832; x_wconf 90' lang='lat' dir='ltr'>propor-</span> 
     </span>
     <span class='ocr_line' id='line_1_30' title="bbox 114 1838 1900 1890; baseline 0.001 -14"><span class='ocrx_word' id='word_1_294' title='bbox 114 1841 258 1877; x_wconf 86' lang='lat' dir='ltr'>tionem</span> <span class='ocrx_word' id='word_1_295' title='bbox 289 1840 439 1878; x_wconf 89' lang='lat' dir='ltr'>orbium</span> <span class='ocrx_word' id='word_1_296' title='bbox 473 1840 560 1878; x_wconf 91' lang='lat' dir='ltr'>cubi</span> <span class='ocrx_word' id='word_1_297' title='bbox 591 1851 659 1878; x_wconf 87' lang='lat' dir='ltr'>seu</span> <span class='ocrx_word' id='word_1_298' title='bbox 690 1839 889 1889; x_wconf 88' lang='lat' dir='ltr'>figuralem</span> <span class='ocrx_word' id='word_1_299' title='bbox 922 1839 1008 1878; x_wconf 86' lang='lat' dir='ltr'>dico</span> <span class='ocrx_word' id='word_1_300' title='bbox 1039 1841 1235 1878; x_wconf 87' lang='lat' dir='ltr'>interesse.</span> <span class='ocrx_word' id='word_1_301' title='bbox 1296 1839 1490 1889; x_wconf 81' lang='lat' dir='ltr'>Scapham</span> <span class='ocrx_word' id='word_1_302' title='bbox 1519 1838 1673 1890; x_wconf 87' lang='lat' dir='ltr'>appello</span> <span class='ocrx_word' id='word_1_303' title='bbox 1703 1839 1900 1890; x_wconf 81' lang='lat' dir='ltr'>scapham.</span> 
     </span>
     <span class='ocr_line' id='line_1_31' title="bbox 119 1896 1902 1947; baseline 0 -12"><span class='ocrx_word' id='word_1_304' title='bbox 119 1898 219 1935; x_wconf 90' lang='lat' dir='ltr'>Vide</span> <span class='ocrx_word' id='word_1_305' title='bbox 250 1898 382 1945; x_wconf 87' lang='lat' dir='ltr'>lector,</span> <span class='ocrx_word' id='word_1_306' title='bbox 415 1898 506 1947; x_wconf 88' lang='lat' dir='ltr'>quid</span> <span class='ocrx_word' id='word_1_307' title='bbox 539 1900 700 1946; x_wconf 84' lang='lat' dir='ltr'>intersit,</span> <span class='ocrx_word' id='word_1_308' title='bbox 733 1910 779 1936; x_wconf 86' lang='lat' dir='ltr'>ex</span> <span class='ocrx_word' id='word_1_309' title='bbox 810 1910 896 1936; x_wconf 88' lang='lat' dir='ltr'>meo</span> <span class='ocrx_word' id='word_1_310' title='bbox 926 1898 1026 1936; x_wconf 86' lang='lat' dir='ltr'>libro</span> <span class='ocrx_word' id='word_1_311' title='bbox 1059 1897 1106 1936; x_wconf 90' lang='lat' dir='ltr'>de</span> <span class='ocrx_word' id='word_1_312' title='bbox 1138 1899 1329 1936; x_wconf 87' lang='lat' dir='ltr'>sententia</span> <span class='ocrx_word' id='word_1_313' title='bbox 1360 1897 1484 1946; x_wconf 90' lang='lat' dir='ltr'>deque</span> <span class='ocrx_word' id='word_1_314' title='bbox 1514 1896 1775 1936; x_wconf 89' lang='lat' dir='ltr'>locutionibus</span> <span class='ocrx_word' id='word_1_315' title='bbox 1804 1897 1902 1936; x_wconf 87' lang='lat' dir='ltr'>meis</span> 
     </span>
     <span class='ocr_line' id='line_1_32' title="bbox 110 1955 1901 2006; baseline 0.001 -13"><span class='ocrx_word' id='word_1_316' title='bbox 110 1956 285 2006; x_wconf 88' lang='lat' dir='ltr'>judices,</span> <span class='ocrx_word' id='word_1_317' title='bbox 325 1968 373 1994; x_wconf 85' lang='lat' dir='ltr'>an</span> <span class='ocrx_word' id='word_1_318' title='bbox 415 1967 460 1993; x_wconf 87' lang='lat' dir='ltr'>ex</span> <span class='ocrx_word' id='word_1_319' title='bbox 498 1957 704 2006; x_wconf 81' lang='lat' dir='ltr'>interprete</span> <span class='ocrx_word' id='word_1_320' title='bbox 735 1956 918 1994; x_wconf 89' lang='lat' dir='ltr'>Roberto.</span> <span class='ocrx_word' id='word_1_321' title='bbox 979 1957 1235 2006; x_wconf 86' lang='lat' dir='ltr'>Nequaquam</span> <span class='ocrx_word' id='word_1_322' title='bbox 1273 1957 1389 2004; x_wconf 86' lang='lat' dir='ltr'>igitur</span> <span class='ocrx_word' id='word_1_323' title='bbox 1429 1957 1468 1992; x_wconf 90' lang='lat' dir='ltr'>in</span> <span class='ocrx_word' id='word_1_324' title='bbox 1500 1955 1599 1993; x_wconf 92' lang='lat' dir='ltr'>cubo</span> <span class='ocrx_word' id='word_1_325' title='bbox 1635 1956 1811 1995; x_wconf 82' lang='lat' dir='ltr'>consistit</span> <span class='ocrx_word' id='word_1_326' title='bbox 1842 1957 1901 1994; x_wconf 86' lang='lat' dir='ltr'>vis</span> 
     </span>
     <span class='ocr_line' id='line_1_33' title="bbox 113 2010 1901 2064; baseline 0 -12"><span class='ocrx_word' id='word_1_327' title='bbox 113 2015 337 2053; x_wconf 86' lang='lat' dir='ltr'>harmoniae</span> <span class='ocrx_word' id='word_1_328' title='bbox 368 2013 586 2052; x_wconf 88' lang='lat' dir='ltr'>mundanae</span> <span class='ocrx_word' id='word_1_329' title='bbox 618 2016 717 2053; x_wconf 88' lang='lat' dir='ltr'>inter</span> <span class='ocrx_word' id='word_1_330' title='bbox 747 2014 954 2053; x_wconf 87' lang='lat' dir='ltr'>Saturnum</span> <span class='ocrx_word' id='word_1_331' title='bbox 986 2020 1025 2053; x_wconf 90' lang='lat' dir='ltr'>et</span> <span class='ocrx_word' id='word_1_332' title='bbox 1054 2010 1222 2062; x_wconf 62' lang='lat' dir='ltr'>Jovem,</span> <span class='ocrx_word' id='word_1_333' title='bbox 1253 2013 1348 2052; x_wconf 88' lang='lat' dir='ltr'>alias</span> <span class='ocrx_word' id='word_1_334' title='bbox 1381 2025 1452 2063; x_wconf 88' lang='lat' dir='ltr'>ego</span> <span class='ocrx_word' id='word_1_335' title='bbox 1486 2012 1606 2051; x_wconf 90' lang='lat' dir='ltr'>docco</span> <span class='ocrx_word' id='word_1_336' title='bbox 1633 2014 1901 2064; x_wconf 87' lang='lat' dir='ltr'>proportiones</span> 
     </span>
     <span class='ocr_line' id='line_1_34' title="bbox 113 2071 1902 2121; baseline -0.001 -10"><span class='ocrx_word' id='word_1_337' title='bbox 113 2073 358 2111; x_wconf 85' lang='lat' dir='ltr'>harmonicas</span> <span class='ocrx_word' id='word_1_338' title='bbox 388 2074 486 2111; x_wconf 87' lang='lat' dir='ltr'>inter</span> <span class='ocrx_word' id='word_1_339' title='bbox 515 2077 642 2110; x_wconf 86' lang='lat' dir='ltr'>motus</span> <span class='ocrx_word' id='word_1_340' title='bbox 674 2073 809 2111; x_wconf 91' lang='lat' dir='ltr'>horum</span> <span class='ocrx_word' id='word_1_341' title='bbox 839 2072 1093 2121; x_wconf 87' lang='lat' dir='ltr'>planetarum,</span> <span class='ocrx_word' id='word_1_342' title='bbox 1126 2084 1225 2121; x_wconf 89' lang='lat' dir='ltr'>quae</span> <span class='ocrx_word' id='word_1_343' title='bbox 1257 2073 1328 2109; x_wconf 89' lang='lat' dir='ltr'>etsi</span> <span class='ocrx_word' id='word_1_344' title='bbox 1350 2073 1619 2121; x_wconf 82' lang='lat' dir='ltr'>cognationem</span> <span class='ocrx_word' id='word_1_345' title='bbox 1639 2071 1782 2110; x_wconf 90' lang='lat' dir='ltr'>habere</span> <span class='ocrx_word' id='word_1_346' title='bbox 1814 2071 1902 2110; x_wconf 88' lang='lat' dir='ltr'>cum</span> 
     </span>
     <span class='ocr_line' id='line_1_35' title="bbox 117 2123 1902 2182; baseline -0.001 -13"><span class='ocrx_word' id='word_1_347' title='bbox 117 2132 216 2170; x_wconf 91' lang='lat' dir='ltr'>cubo</span> <span class='ocrx_word' id='word_1_348' title='bbox 249 2128 464 2171; x_wconf 87' lang='lat' dir='ltr'>debuerunt</span> <span class='ocrx_word' id='word_1_349' title='bbox 493 2129 651 2182; x_wconf 85' lang='lat' dir='ltr'>(quippe</span> <span class='ocrx_word' id='word_1_350' title='bbox 687 2131 800 2181; x_wconf 88' lang='lat' dir='ltr'>juxta</span> <span class='ocrx_word' id='word_1_351' title='bbox 830 2123 996 2169; x_wconf 81' lang='lat' dir='ltr'>invicem</span> <span class='ocrx_word' id='word_1_352' title='bbox 1027 2130 1279 2168; x_wconf 80' lang='lat' dir='ltr'>habitandum</span> <span class='ocrx_word' id='word_1_353' title='bbox 1322 2129 1394 2167; x_wconf 87' lang='lat' dir='ltr'>fuit</span> <span class='ocrx_word' id='word_1_354' title='bbox 1423 2134 1462 2167; x_wconf 91' lang='lat' dir='ltr'>et</span> <span class='ocrx_word' id='word_1_355' title='bbox 1491 2128 1568 2167; x_wconf 90' lang='lat' dir='ltr'>illis</span> <span class='ocrx_word' id='word_1_356' title='bbox 1609 2134 1648 2167; x_wconf 90' lang='lat' dir='ltr'>et</span> <span class='ocrx_word' id='word_1_357' title='bbox 1677 2123 1785 2176; x_wconf 87' lang='lat' dir='ltr'>huic,</span> <span class='ocrx_word' id='word_1_358' title='bbox 1830 2128 1902 2168; x_wconf 84' lang='lat' dir='ltr'>nec</span> 
     </span>
     <span class='ocr_line' id='line_1_36' title="bbox 115 2186 1898 2239; baseline 0 -13"><span class='ocrx_word' id='word_1_359' title='bbox 115 2188 382 2239; x_wconf 87' lang='lat' dir='ltr'>impediendus</span> <span class='ocrx_word' id='word_1_360' title='bbox 413 2189 476 2227; x_wconf 89' lang='lat' dir='ltr'>hic</span> <span class='ocrx_word' id='word_1_361' title='bbox 506 2189 555 2227; x_wconf 89' lang='lat' dir='ltr'>ab</span> <span class='ocrx_word' id='word_1_362' title='bbox 586 2186 695 2239; x_wconf 80' lang='lat' dir='ltr'>illis),</span> <span class='ocrx_word' id='word_1_363' title='bbox 736 2200 812 2227; x_wconf 92' lang='lat' dir='ltr'>non</span> <span class='ocrx_word' id='word_1_364' title='bbox 844 2194 982 2227; x_wconf 88' lang='lat' dir='ltr'>tamen</span> <span class='ocrx_word' id='word_1_365' title='bbox 1014 2189 1104 2226; x_wconf 87' lang='lat' dir='ltr'>illae</span> <span class='ocrx_word' id='word_1_366' title='bbox 1136 2188 1347 2226; x_wconf 82' lang='lat' dir='ltr'>formantur</span> <span class='ocrx_word' id='word_1_367' title='bbox 1387 2199 1410 2224; x_wconf 89' lang='lat' dir='ltr'>a</span> <span class='ocrx_word' id='word_1_368' title='bbox 1441 2187 1563 2235; x_wconf 90' lang='lat' dir='ltr'>cubo,</span> <span class='ocrx_word' id='word_1_369' title='bbox 1601 2187 1724 2238; x_wconf 83' lang='lat' dir='ltr'>figura</span> <span class='ocrx_word' id='word_1_370' title='bbox 1759 2186 1898 2235; x_wconf 87' lang='lat' dir='ltr'>solida,</span> 
     </span>
     <span class='ocr_line' id='line_1_37' title="bbox 116 2244 1899 2300; baseline -0.001 -14"><span class='ocrx_word' id='word_1_371' title='bbox 116 2248 183 2286; x_wconf 88' lang='lat' dir='ltr'>sed</span> <span class='ocrx_word' id='word_1_372' title='bbox 225 2260 249 2286; x_wconf 88' lang='lat' dir='ltr'>a</span> <span class='ocrx_word' id='word_1_373' title='bbox 277 2248 411 2297; x_wconf 87' lang='lat' dir='ltr'>figuris</span> <span class='ocrx_word' id='word_1_374' title='bbox 441 2247 586 2298; x_wconf 69' lang='lat' dir='ltr'>planis,</span> <span class='ocrx_word' id='word_1_375' title='bbox 627 2259 698 2285; x_wconf 87' lang='lat' dir='ltr'>ncc</span> <span class='ocrx_word' id='word_1_376' title='bbox 729 2247 826 2285; x_wconf 90' lang='lat' dir='ltr'>libro</span> <span class='ocrx_word' id='word_1_377' title='bbox 865 2246 1033 2285; x_wconf 88' lang='lat' dir='ltr'>secundo</span> <span class='ocrx_word' id='word_1_378' title='bbox 1074 2246 1184 2300; x_wconf 88' lang='lat' dir='ltr'>locus</span> <span class='ocrx_word' id='word_1_379' title='bbox 1223 2251 1281 2283; x_wconf 83' lang='lat' dir='ltr'>est</span> <span class='ocrx_word' id='word_1_380' title='bbox 1312 2244 1576 2294; x_wconf 87' lang='lat' dir='ltr'>explicationi·</span> <span class='ocrx_word' id='word_1_381' title='bbox 1601 2245 1763 2295; x_wconf 86' lang='lat' dir='ltr'>plenarii</span> <span class='ocrx_word' id='word_1_382' title='bbox 1794 2251 1899 2284; x_wconf 85' lang='lat' dir='ltr'>ortus</span> 
     </span>
     <span class='ocr_line' id='line_1_38' title="bbox 116 2302 1900 2354; baseline -0.001 -10"><span class='ocrx_word' id='word_1_383' title='bbox 116 2307 420 2354; x_wconf 72' lang='lat' dir='ltr'>harmoniarum,</span> <span class='ocrx_word' id='word_1_384' title='bbox 454 2305 521 2345; x_wconf 84' lang='lat' dir='ltr'>sed</span> <span class='ocrx_word' id='word_1_385' title='bbox 551 2305 649 2344; x_wconf 91' lang='lat' dir='ltr'>libro</span> <span class='ocrx_word' id='word_1_386' title='bbox 679 2307 809 2352; x_wconf 90' lang='lat' dir='ltr'>tertio,</span> <span class='ocrx_word' id='word_1_387' title='bbox 851 2317 922 2343; x_wconf 93' lang='lat' dir='ltr'>nec</span> <span class='ocrx_word' id='word_1_388' title='bbox 953 2310 1041 2343; x_wconf 84' lang='lat' dir='ltr'>ante</span> <span class='ocrx_word' id='word_1_389' title='bbox 1072 2305 1246 2354; x_wconf 86' lang='lat' dir='ltr'>quintum</span> <span class='ocrx_word' id='word_1_390' title='bbox 1278 2302 1684 2352; x_wconf 82' lang='lat' dir='ltr'>librum&#39;harmoniae,</span> <span class='ocrx_word' id='word_1_391' title='bbox 1721 2305 1900 2353; x_wconf 82' lang='lat' dir='ltr'>quamvis</span> 
     </span>
     <span class='ocr_line' id='line_1_39' title="bbox 111 2360 1902 2414; baseline -0.001 -12"><span class='ocrx_word' id='word_1_392' title='bbox 111 2366 196 2414; x_wconf 78' lang='lat' dir='ltr'>Jam</span> <span class='ocrx_word' id='word_1_393' title='bbox 233 2365 441 2410; x_wconf 83' lang='lat' dir='ltr'>formatae,</span> <span class='ocrx_word' id='word_1_394' title='bbox 482 2368 691 2414; x_wconf 89' lang='lat' dir='ltr'>potuerunt</span> <span class='ocrx_word' id='word_1_395' title='bbox 727 2363 912 2413; x_wconf 88' lang='lat' dir='ltr'>applicari</span> <span class='ocrx_word' id='word_1_396' title='bbox 953 2362 1096 2401; x_wconf 90' lang='lat' dir='ltr'>mundo</span> <span class='ocrx_word' id='word_1_397' title='bbox 1138 2373 1207 2399; x_wconf 89' lang='lat' dir='ltr'>seu</span> <span class='ocrx_word' id='word_1_398' title='bbox 1236 2361 1478 2411; x_wconf 74' lang='lat' dir='ltr'>planetarum</span> <span class='ocrx_word' id='word_1_399' title='bbox 1509 2362 1690 2400; x_wconf 90' lang='lat' dir='ltr'>motibus.</span> <span class='ocrx_word' id='word_1_400' title='bbox 1751 2360 1827 2400; x_wconf 88' lang='lat' dir='ltr'>Sed</span> <span class='ocrx_word' id='word_1_401' title='bbox 1859 2366 1902 2400; x_wconf 89' lang='lat' dir='ltr'>tu</span> 
     </span>
     <span class='ocr_line' id='line_1_40' title="bbox 62 2419 1902 2475; baseline -0.001 -15"><span class='ocrx_word' id='word_1_402' title='bbox 62 2470 64 2475; x_wconf 20' lang='grc' dir='ltr'><strong><em>Α</em></strong></span> <span class='ocrx_word' id='word_1_403' title='bbox 116 2424 254 2461; x_wconf 83' lang='lat' dir='ltr'>falsam</span> <span class='ocrx_word' id='word_1_404' title='bbox 294 2423 340 2461; x_wconf 90' lang='lat' dir='ltr'>de</span> <span class='ocrx_word' id='word_1_405' title='bbox 372 2434 487 2461; x_wconf 89' lang='lat' dir='ltr'>sensu</span> <span class='ocrx_word' id='word_1_406' title='bbox 517 2434 603 2460; x_wconf 86' lang='lat' dir='ltr'>meo</span> <span class='ocrx_word' id='word_1_407' title='bbox 643 2423 933 2472; x_wconf 85' lang='lat' dir='ltr'>persuasionem</span> <span class='ocrx_word' id='word_1_408' title='bbox 970 2425 1195 2470; x_wconf 87' lang='lat' dir='ltr'>conceptam</span> <span class='ocrx_word' id='word_1_409' title='bbox 1225 2419 1445 2470; x_wconf 90' lang='lat' dir='ltr'>(propterea</span> <span class='ocrx_word' id='word_1_410' title='bbox 1483 2419 1586 2468; x_wconf 85' lang='lat' dir='ltr'>quod</span> <span class='ocrx_word' id='word_1_411' title='bbox 1617 2419 1794 2470; x_wconf 86' lang='lat' dir='ltr'>Mysterii</span> <span class='ocrx_word' id='word_1_412' title='bbox 1824 2419 1902 2458; x_wconf 88' lang='lat' dir='ltr'>mei</span> 
     </span>
    </p>

    <p class='ocr_par' dir='ltr' id='par_1_4' title="bbox 116 2478 1903 2647">
     <span class='ocr_line' id='line_1_41' title="bbox 117 2478 1902 2531; baseline -0.003 -11"><span class='ocrx_word' id='word_1_413' title='bbox 117 2481 434 2531; x_wconf 82' lang='lat' dir='ltr'>Oosmographici</span> <span class='ocrx_word' id='word_1_414' title='bbox 473 2482 673 2519; x_wconf 80' lang='lat' dir='ltr'>materiam</span> <span class='ocrx_word' id='word_1_415' title='bbox 712 2482 960 2530; x_wconf 86' lang='lat' dir='ltr'>praecipuam</span> <span class='ocrx_word' id='word_1_416' title='bbox 1006 2490 1090 2517; x_wconf 90' lang='lat' dir='ltr'>esse</span> <span class='ocrx_word' id='word_1_417' title='bbox 1132 2478 1461 2528; x_wconf 85' lang='lat' dir='ltr'>interpositionem</span> <span class='ocrx_word' id='word_1_418' title='bbox 1497 2489 1696 2528; x_wconf 88' lang='lat' dir='ltr'>corporum</span> <span class='ocrx_word' id='word_1_419' title='bbox 1739 2489 1902 2527; x_wconf 86' lang='lat' dir='ltr'>eamque</span> 
     </span>
     <span class='ocr_line' id='line_1_42' title="bbox 116 2535 1903 2604; baseline -0.002 -29"><span class='ocrx_word' id='word_1_420' title='bbox 116 2541 155 2576; x_wconf 89' lang='lat' dir='ltr'>in</span> <span class='ocrx_word' id='word_1_421' title='bbox 187 2539 434 2577; x_wconf 84' lang='lat' dir='ltr'>Harmonicis</span> <span class='ocrx_word' id='word_1_422' title='bbox 466 2539 565 2577; x_wconf 91' lang='lat' dir='ltr'>libro</span> <span class='ocrx_word' id='word_1_423' title='bbox 597 2538 646 2576; x_wconf 87' lang='lat' dir='ltr'><strong>V</strong></span> <span class='ocrx_word' id='word_1_424' title='bbox 683 2540 885 2587; x_wconf 85' lang='lat' dir='ltr'>repetitam</span> <span class='ocrx_word' id='word_1_425' title='bbox 916 2535 1082 2587; x_wconf 88' lang='lat' dir='ltr'>vidisti),</span> <span class='ocrx_word' id='word_1_426' title='bbox 1122 2536 1221 2573; x_wconf 89' lang='lat' dir='ltr'>hanc</span> <span class='ocrx_word' id='word_1_427' title='bbox 1250 2537 1406 2584; x_wconf 90' lang='lat' dir='ltr'>inquam</span> <span class='ocrx_word' id='word_1_428' title='bbox 1438 2537 1744 2604; x_wconf 88' lang='lat' dir='ltr'>persuasionem,</span> <span class='ocrx_word' id='word_1_429' title='bbox 1783 2535 1903 2574; x_wconf 88' lang='lat' dir='ltr'>semel</span> 
     </span>
     <span class='ocr_line' id='line_1_43' title="bbox 116 2593 1900 2658; baseline -0.002 -23"><span class='ocrx_word' id='word_1_430' title='bbox 116 2603 356 2647; x_wconf 81' lang='lat' dir='ltr'>conceptam,</span> <span class='ocrx_word' id='word_1_431' title='bbox 385 2608 453 2646; x_wconf 89' lang='lat' dir='ltr'>per</span> <span class='ocrx_word' id='word_1_432' title='bbox 482 2601 605 2634; x_wconf 89' lang='lat' dir='ltr'>totum</span> <span class='ocrx_word' id='word_1_433' title='bbox 637 2601 743 2633; x_wconf 87' lang='lat' dir='ltr'>tuum</span> <span class='ocrx_word' id='word_1_434' title='bbox 776 2595 987 2633; x_wconf 87' lang='lat' dir='ltr'>discursum</span> <span class='ocrx_word' id='word_1_435' title='bbox 1019 2593 1255 2644; x_wconf 86' lang='lat' dir='ltr'>analyticum</span> <span class='ocrx_word' id='word_1_436' title='bbox 1285 2595 1448 2642; x_wconf 84' lang='lat' dir='ltr'>retines,</span> <span class='ocrx_word' id='word_1_437' title='bbox 1484 2605 1663 2644; x_wconf 84' lang='lat' dir='ltr'>magnam</span> <span class='ocrx_word' id='word_1_438' title='bbox 1693 2594 1789 2658; x_wconf 85' lang='lat' dir='ltr'>ejus</span> <span class='ocrx_word' id='word_1_439' title='bbox 1807 2604 1900 2644; x_wconf 85' lang='lat' dir='ltr'>par-</span> 
     </span>
    </p>
   </div>
   <div class='ocr_carea' id='block_1_3' title="bbox 115 2651 1898 2758">
    <p class='ocr_par' dir='ltr' id='par_1_5' title="bbox 115 2651 1898 2757">
     <span class='ocr_line' id='line_1_44' title="bbox 115 2651 1301 2702; baseline -0.005 -8"><span class='ocrx_word' id='word_1_440' title='bbox 115 2662 190 2694; x_wconf 86' lang='lat' dir='ltr'>tem</span> <span class='ocrx_word' id='word_1_441' title='bbox 222 2656 527 2702; x_wconf 85' lang='lat' dir='ltr'>intermissurus,</span> <span class='ocrx_word' id='word_1_442' title='bbox 557 2656 590 2692; x_wconf 89' lang='lat' dir='ltr'>si</span> <span class='ocrx_word' id='word_1_443' title='bbox 621 2654 724 2692; x_wconf 92' lang='lat' dir='ltr'>hunc</span> <span class='ocrx_word' id='word_1_444' title='bbox 756 2665 919 2692; x_wconf 88' lang='lat' dir='ltr'>errorem</span> <span class='ocrx_word' id='word_1_445' title='bbox 952 2651 1301 2691; x_wconf 85' lang='lat' dir='ltr'>animadvertisses.</span> 
     </span>
     <span class='ocr_line' id='line_1_45' title="bbox 230 2709 1898 2758; baseline -0.004 -6"><span class='ocrx_word' id='word_1_446' title='bbox 230 2713 346 2752; x_wconf 91' lang='lat' dir='ltr'>Libro</span> <span class='ocrx_word' id='word_1_447' title='bbox 377 2724 464 2751; x_wconf 88' lang='lat' dir='ltr'>mco</span> <span class='ocrx_word' id='word_1_448' title='bbox 496 2713 609 2751; x_wconf 89' lang='lat' dir='ltr'>tertio</span> <span class='ocrx_word' id='word_1_449' title='bbox 639 2711 734 2749; x_wconf 89' lang='lat' dir='ltr'>nihil</span> <span class='ocrx_word' id='word_1_450' title='bbox 765 2713 823 2749; x_wconf 89' lang='lat' dir='ltr'>ais</span> <span class='ocrx_word' id='word_1_451' title='bbox 852 2711 1036 2758; x_wconf 87' lang='lat' dir='ltr'>inveniri,</span> <span class='ocrx_word' id='word_1_452' title='bbox 1068 2710 1141 2746; x_wconf 85' lang='lat' dir='ltr'>nisi</span> <span class='ocrx_word' id='word_1_453' title='bbox 1172 2710 1358 2747; x_wconf 88' lang='lat' dir='ltr'>musicam</span> <span class='ocrx_word' id='word_1_454' title='bbox 1389 2721 1531 2748; x_wconf 87' lang='lat' dir='ltr'>meram</span> <span class='ocrx_word' id='word_1_455' title='bbox 1562 2709 1820 2757; x_wconf 85' lang='lat' dir='ltr'>artificialem,</span> <span class='ocrx_word' id='word_1_456' title='bbox 1852 2720 1898 2747; x_wconf 88' lang='lat' dir='ltr'>ex</span> 
     </span>
    </p>
   </div>
   <div class='ocr_carea' id='block_1_4' title="bbox 112 2766 1899 3109">
    <p class='ocr_par' dir='ltr' id='par_1_6' title="bbox 112 2766 1899 3109">
     <span class='ocr_line' id='line_1_46' title="bbox 114 2766 1899 2820; baseline -0.002 -13"><span class='ocrx_word' id='word_1_457' title='bbox 114 2771 280 2820; x_wconf 89' lang='lat' dir='ltr'>plurium</span> <span class='ocrx_word' id='word_1_458' title='bbox 327 2775 501 2809; x_wconf 88' lang='lat' dir='ltr'>veterum</span> <span class='ocrx_word' id='word_1_459' title='bbox 545 2775 747 2809; x_wconf 88' lang='lat' dir='ltr'>auctorum</span> <span class='ocrx_word' id='word_1_460' title='bbox 782 2769 889 2807; x_wconf 89' lang='lat' dir='ltr'>libris</span> <span class='ocrx_word' id='word_1_461' title='bbox 934 2768 1169 2817; x_wconf 88' lang='lat' dir='ltr'>decerptam,</span> <span class='ocrx_word' id='word_1_462' title='bbox 1213 2766 1308 2804; x_wconf 90' lang='lat' dir='ltr'>nihil</span> <span class='ocrx_word' id='word_1_463' title='bbox 1350 2779 1395 2805; x_wconf 89' lang='lat' dir='ltr'>ex</span> <span class='ocrx_word' id='word_1_464' title='bbox 1438 2769 1606 2817; x_wconf 80' lang='lat' dir='ltr'>proprio.</span> <span class='ocrx_word' id='word_1_465' title='bbox 1675 2766 1715 2805; x_wconf 91' lang='lat' dir='ltr'>Si</span> <span class='ocrx_word' id='word_1_466' title='bbox 1753 2767 1899 2804; x_wconf 86' lang='lat' dir='ltr'>musica</span> 
     </span>
     <span class='ocr_line' id='line_1_47' title="bbox 115 2825 1896 2876; baseline -0.003 -10"><span class='ocrx_word' id='word_1_467' title='bbox 115 2829 327 2868; x_wconf 87' lang='lat' dir='ltr'>artificialis</span> <span class='ocrx_word' id='word_1_468' title='bbox 357 2829 459 2867; x_wconf 91' lang='lat' dir='ltr'>idem</span> <span class='ocrx_word' id='word_1_469' title='bbox 500 2829 569 2867; x_wconf 81' lang='lat' dir='ltr'>tibi</span> <span class='ocrx_word' id='word_1_470' title='bbox 604 2834 662 2867; x_wconf 89' lang='lat' dir='ltr'>est</span> <span class='ocrx_word' id='word_1_471' title='bbox 700 2827 805 2876; x_wconf 26' lang='lat' dir='ltr'>quod,</span> <span class='ocrx_word' id='word_1_472' title='bbox 833 2826 1018 2872; x_wconf 88' lang='lat' dir='ltr'>humana,</span> <span class='ocrx_word' id='word_1_473' title='bbox 1062 2826 1232 2875; x_wconf 80' lang='lat' dir='ltr'>profecto</span> <span class='ocrx_word' id='word_1_474' title='bbox 1264 2825 1360 2864; x_wconf 87' lang='lat' dir='ltr'>haec</span> <span class='ocrx_word' id='word_1_475' title='bbox 1389 2825 1476 2863; x_wconf 90' lang='lat' dir='ltr'>libri</span> <span class='ocrx_word' id='word_1_476' title='bbox 1506 2827 1608 2863; x_wconf 84' lang='lat' dir='ltr'>tertii</span> <span class='ocrx_word' id='word_1_477' title='bbox 1639 2826 1798 2863; x_wconf 86' lang='lat' dir='ltr'>materia</span> <span class='ocrx_word' id='word_1_478' title='bbox 1828 2827 1896 2870; x_wconf 88' lang='lat' dir='ltr'>est,</span> 
     </span>
     <span class='ocr_line' id='line_1_48' title="bbox 116 2881 1898 2935; baseline -0.002 -13"><span class='ocrx_word' id='word_1_479' title='bbox 116 2887 170 2923; x_wconf 88' lang='lat' dir='ltr'>sic</span> <span class='ocrx_word' id='word_1_480' title='bbox 200 2891 341 2935; x_wconf 90' lang='lat' dir='ltr'>tamen,</span> <span class='ocrx_word' id='word_1_481' title='bbox 374 2892 417 2925; x_wconf 90' lang='lat' dir='ltr'>ut</span> <span class='ocrx_word' id='word_1_482' title='bbox 448 2888 549 2925; x_wconf 87' lang='lat' dir='ltr'>circa</span> <span class='ocrx_word' id='word_1_483' title='bbox 581 2892 705 2924; x_wconf 87' lang='lat' dir='ltr'>ortum</span> <span class='ocrx_word' id='word_1_484' title='bbox 735 2886 1039 2923; x_wconf 84' lang='lat' dir='ltr'>harmonicarum</span> <span class='ocrx_word' id='word_1_485' title='bbox 1072 2884 1362 2933; x_wconf 86' lang='lat' dir='ltr'>proportionum</span> <span class='ocrx_word' id='word_1_486' title='bbox 1382 2894 1570 2931; x_wconf 87' lang='lat' dir='ltr'>moneam,</span> <span class='ocrx_word' id='word_1_487' title='bbox 1603 2881 1898 2930; x_wconf 85' lang='lat' dir='ltr'>subintelligen-</span> 
     </span>
     <span class='ocr_line' id='line_1_49' title="bbox 118 2938 1898 2995; baseline -0.003 -15"><span class='ocrx_word' id='word_1_488' title='bbox 118 2943 207 2980; x_wconf 92' lang='lat' dir='ltr'>dum</span> <span class='ocrx_word' id='word_1_489' title='bbox 240 2957 323 2983; x_wconf 87' lang='lat' dir='ltr'>esse</span> <span class='ocrx_word' id='word_1_490' title='bbox 354 2945 535 2995; x_wconf 87' lang='lat' dir='ltr'>generale</span> <span class='ocrx_word' id='word_1_491' title='bbox 567 2945 778 2995; x_wconf 89' lang='lat' dir='ltr'>quippiam,</span> <span class='ocrx_word' id='word_1_492' title='bbox 811 2942 914 2992; x_wconf 88' lang='lat' dir='ltr'>quod</span> <span class='ocrx_word' id='word_1_493' title='bbox 946 2943 996 2979; x_wconf 91' lang='lat' dir='ltr'>sit</span> <span class='ocrx_word' id='word_1_494' title='bbox 1017 2941 1250 2979; x_wconf 89' lang='lat' dir='ltr'>abstractum</span> <span class='ocrx_word' id='word_1_495' title='bbox 1284 2954 1306 2979; x_wconf 87' lang='lat' dir='ltr'>a</span> <span class='ocrx_word' id='word_1_496' title='bbox 1329 2941 1503 2989; x_wconf 89' lang='lat' dir='ltr'>vocibus,</span> <span class='ocrx_word' id='word_1_497' title='bbox 1535 2945 1720 2990; x_wconf 89' lang='lat' dir='ltr'>tanquam</span> <span class='ocrx_word' id='word_1_498' title='bbox 1749 2951 1773 2976; x_wconf 86' lang='lat' dir='ltr'>a</span> <span class='ocrx_word' id='word_1_499' title='bbox 1802 2938 1898 2976; x_wconf 86' lang='lat' dir='ltr'>sub-</span> 
     </span>
     <span class='ocr_line' id='line_1_50' title="bbox 112 2995 1897 3052; baseline -0.003 -14"><span class='ocrx_word' id='word_1_500' title='bbox 112 3001 217 3050; x_wconf 88' lang='lat' dir='ltr'>jecto</span> <span class='ocrx_word' id='word_1_501' title='bbox 248 3003 412 3052; x_wconf 87' lang='lat' dir='ltr'>physico</span> <span class='ocrx_word' id='word_1_502' title='bbox 443 3001 506 3041; x_wconf 86' lang='lat' dir='ltr'>vel</span> <span class='ocrx_word' id='word_1_503' title='bbox 538 3004 712 3041; x_wconf 86' lang='lat' dir='ltr'>materia.</span> <span class='ocrx_word' id='word_1_504' title='bbox 773 3000 840 3040; x_wconf 91' lang='lat' dir='ltr'>Sin</span> <span class='ocrx_word' id='word_1_505' title='bbox 872 3004 1001 3038; x_wconf 89' lang='lat' dir='ltr'>autem</span> <span class='ocrx_word' id='word_1_506' title='bbox 1042 3011 1118 3037; x_wconf 84' lang='lat' dir='ltr'>vox</span> <span class='ocrx_word' id='word_1_507' title='bbox 1149 3001 1223 3036; x_wconf 87' lang='lat' dir='ltr'>ista</span> <span class='ocrx_word' id='word_1_508' title='bbox 1253 2998 1463 3037; x_wconf 85' lang='lat' dir='ltr'>artificialis</span> <span class='ocrx_word' id='word_1_509' title='bbox 1503 3011 1526 3036; x_wconf 92' lang='lat' dir='ltr'>a</span> <span class='ocrx_word' id='word_1_510' title='bbox 1555 3003 1593 3037; x_wconf 87' lang='lat' dir='ltr'>te</span> <span class='ocrx_word' id='word_1_511' title='bbox 1635 3000 1672 3035; x_wconf 90' lang='lat' dir='ltr'>in</span> <span class='ocrx_word' id='word_1_512' title='bbox 1702 2995 1742 3034; x_wconf 87' lang='lat' dir='ltr'>id</span> <span class='ocrx_word' id='word_1_513' title='bbox 1783 3007 1897 3034; x_wconf 87' lang='lat' dir='ltr'>usur-</span> 
     </span>
     <span class='ocr_line' id='line_1_51' title="bbox 115 3053 1897 3109; baseline -0.004 -11"><span class='ocrx_word' id='word_1_514' title='bbox 115 3063 239 3109; x_wconf 85' lang='lat' dir='ltr'>patur,</span> <span class='ocrx_word' id='word_1_515' title='bbox 271 3065 314 3097; x_wconf 89' lang='lat' dir='ltr'>ut</span> <span class='ocrx_word' id='word_1_516' title='bbox 346 3059 528 3101; x_wconf 84' lang='lat' dir='ltr'>excludas</span> <span class='ocrx_word' id='word_1_517' title='bbox 559 3065 751 3109; x_wconf 85' lang='lat' dir='ltr'>naturam,</span> <span class='ocrx_word' id='word_1_518' title='bbox 777 3059 859 3109; x_wconf 89' lang='lat' dir='ltr'>jam</span> <span class='ocrx_word' id='word_1_519' title='bbox 891 3057 1035 3096; x_wconf 87' lang='lat' dir='ltr'>dudum</span> <span class='ocrx_word' id='word_1_520' title='bbox 1065 3055 1244 3107; x_wconf 87' lang='lat' dir='ltr'>respondi</span> <span class='ocrx_word' id='word_1_521' title='bbox 1273 3056 1321 3095; x_wconf 90' lang='lat' dir='ltr'>ad</span> <span class='ocrx_word' id='word_1_522' title='bbox 1341 3056 1450 3104; x_wconf 90' lang='lat' dir='ltr'>haec,</span> <span class='ocrx_word' id='word_1_523' title='bbox 1482 3056 1729 3094; x_wconf 87' lang='lat' dir='ltr'>artificiorum</span> <span class='ocrx_word' id='word_1_524' title='bbox 1757 3053 1897 3092; x_wconf 85' lang='lat' dir='ltr'>huma-</span> 
     </span>
    </p>
   </div>
  </div>
 </body>
</html>
