1994 3276
157 142 237 183 160
862 139 919 176 De
942 137 1238 184 Proportionibus

297 257 409 297 Haec
438 260 528 295 sunt
555 255 626 295 illa
653 256 773 307 vulgo
804 257 1000 297 celebrata
1030 257 1106 296 duo
1138 262 1275 296 cantus
1304 269 1464 307 genera,
1496 264 1535 298 et
1564 261 1668 310 prior
1697 259 1855 311 quidem
1886 259 1948 299 di-

155 318 252 355 citur
283 320 460 355 cantus
489 314 686 364 mollis,
718 317 811 365 quia
831 317 1080 356 inveniuntur
1100 318 1138 354 in
1159 326 1206 354 eo
1227 314 1404 355 ordinata
1434 317 1484 356 ab
1514 319 1594 357 ima
1617 329 1713 358 voce
1744 318 1951 358 intervalla

155 376 270 415 tertia
300 380 338 414 et
368 379 490 423 sexta,
519 372 675 423 molles3
706 375 896 424 posterior
927 386 1019 413 vero
1051 381 1228 413 cantus
1262 373 1435 427 durus,
1475 376 1526 415 ab
1568 376 1742 426 ejusdem
1775 377 1950 416 denomi-

154 434 324 472 nationis
354 431 584 479 intervallis,
616 431 753 471 eodem
783 431 870 471 loco
901 434 1122 484 systematis
1144 439 1308 471 octavae
1330 432 1528 482 ordinatis,
1561 447 1725 485 quorum
1752 437 1949 474 nominum

135 523 142 529 ,,
156 494 254 531 ratio
286 491 388 529 dicta
420 496 478 532 est
508 491 634 540 capite
667 491 704 528 5.
736 490 1005 540 praecedente.
1067 489 1405 540 Quemadmodum
1434 494 1536 531 enim
1565 493 1646 532 illic
1676 490 1731 548 516
1761 493 1849 533 loco
1872 495 1948 532 imo

157 561 233 589 non
264 550 353 588 tulit
388 547 462 603 ³s5,
504 550 560 587 sic
586 548 666 597 jam
698 549 762 588 hic
793 547 844 601 ⁴l5
875 551 952 588 non
981 549 1053 588 fert
1083 546 1160 602 516,
1199 551 1290 599 quia
1335 554 1475 589 natura
1505 557 1641 590 cantus
1671 552 1848 590 concinni
1890 563 1952 590 re-

158 609 276 659 quirit
306 607 393 664 hoc,
424 611 468 645 ut
499 607 612 646 tertia
643 618 730 645 cum
761 612 870 646 sexta
900 607 1018 646 saciat
1047 608 1256 658 perfectam
1288 613 1466 657 quartam
1495 620 1565 648 seu
1597 609 1850 648 diatessaron.

271 665 375 705 Hinc
403 667 520 715 igitur
551 670 712 715 apparet
742 665 930 704 naturalis
960 677 1072 717 sepes
1103 666 1303 715 utriusque
1322 667 1486 716 generis.
1545 666 1646 706 Nam
1672 669 1818 706 cumin
1838 672 1954 707 cantu

159 724 268 764 molli
297 726 348 763 sit
379 725 456 762 imo
486 723 572 762 loco
604 720 670 779 516,
702 725 741 761 in
772 723 867 762 duro
899 722 950 778 416
982 729 1021 763 et
1051 723 1265 763 differentia
1293 725 1506 775 utriusque,
1536 721 1684 765 scilicet
1712 725 1829 765 diesis
1859 722 1955 780 ²72⁵

159 795 238 823 non
272 784 324 822 sit
354 794 401 821 ex
432 782 629 821 concinnis
662 781 885 830 ordinariis,
922 793 991 833 per
1021 787 1138 833 caput
1167 783 1213 830 4,
1256 789 1347 832 ergo
1380 794 1458 821 non
1485 788 1668 833 poterunt
1697 783 1834 824 eadem
1863 795 1957 822 can-

158 847 222 882 tus
254 840 440 880 naturalis
471 842 569 879 serie
601 839 717 878 simul
747 844 850 879 stare
881 842 958 879 imo
988 841 1075 879 loco
1109 838 1163 894 ο15
1196 845 1234 878 et
1256 837 1322 894 516,
1355 840 1424 879 sed
1455 846 1629 882 assumta
1650 838 1706 896 ⁴s5
1737 843 1850 882 tertia
1870 854 1957 880 ma-

158 901 256 952 J'ore,
290 899 406 939 debet
435 898 505 937 illa
533 900 619 937 vice
650 897 806 938 exulare
838 899 887 937 ab
919 900 996 937 imo
1025 898 1113 938 loco
1145 897 1208 951 516,
1243 904 1309 937 aut
1339 898 1414 938 hac
1442 905 1598 951 recepta
1617 900 1832 940 extruditur
1861 899 1954 949 illa3

160 960 229 998 ubi
260 955 314 1012 *16
354 957 474 996 trahit
501 968 632 995 secum
667 954 739 1010 3l5,
781 962 821 996 et
848 953 1058 1011 ⁵l5¹trahit
1095 967 1226 995 secum
1256 953 1309 1009 516
1347 962 1497 996 sextam
1530 959 1730 998 minorem.
1788 958 1957 998 Rursum

161 1023 293 1057 autem
324 1015 400 1055 hoc
430 1015 633 1055 discrimen
664 1016 866 1065 utriusque
895 1016 1047 1065 generis
1076 1014 1300 1054 harmoniae
1331 1015 1440 1055 Deus
1471 1017 1554 1067 ipse
1593 1018 1632 1055 in
1669 1017 1840 1058 motibus
1869 1017 1958 1068 pla-

161 1081 337 1116 netarum
368 1074 577 1126 expressit,
610 1078 654 1112 ut
682 1073 781 1112 libro
815 1074 862 1111 V.
894 1073 1108 1112 audiemus.

276 1134 337 1172 De
380 1139 551 1172 veterum
591 1131 716 1170 tribus
756 1131 835 1170 illis
875 1132 1101 1182 generibus,
1147 1142 1310 1181 quorum
1349 1131 1447 1171 haec
1483 1133 1659 1171 nomina:
1704 1132 1956 1180 diatonicum,

162 1187 461 1239 chromaticum,
502 1190 810 1237 enharmonium,
854 1190 917 1229 hic
960 1189 1136 1229 consulto
1176 1190 1409 1240 supersedeo
1447 1190 1594 1239 dicere,
1635 1202 1684 1230 ne
1723 1190 1958 1230 confundam

161 1252 358 1291 lectorem.
419 1249 555 1288 Possis
585 1254 713 1287 tamen
746 1248 983 1287 diatonicum
1014 1250 1257 1299 interpretari
1293 1254 1449 1287 cantum
1490 1249 1646 1298 durum,
1684 1249 1962 1288 chromaticum

167 1314 324 1350 cantum
354 1307 531 1356 mollem,
572 1312 641 1346 aut
680 1307 896 1346 diatonicos
927 1307 1084 1357 quidem
1120 1306 1314 1357 singulos,
1360 1307 1635 1346 chromaticum
1667 1317 1759 1346 vero
1798 1309 1958 1345 mixtum

164 1380 213 1408 ex
243 1367 337 1407 duro
369 1372 408 1405 et
438 1365 558 1404 molli.
617 1365 921 1404 Euharmonium
953 1377 1043 1404 vero
1075 1364 1171 1403 nihil
1203 1365 1320 1404 habet
1350 1365 1587 1415 respondens
1627 1369 1664 1403 in
1696 1370 1812 1404 cantu
1841 1370 1960 1404 natu-

163 1427 253 1476 rali,
284 1428 324 1463 in
354 1424 483 1463 usuali
514 1434 606 1463 vero
637 1424 785 1463 musica
813 1424 1048 1473 respondent
1078 1423 1135 1461 illi
1165 1423 1449 1473 quadamtenus
1485 1424 1725 1463 vibrationes
1746 1424 1854 1463 vocis
1885 1423 1960 1461 hu-

165 1496 324 1532 manae,
356 1488 496 1522 tremor
528 1492 782 1532 organorum,
818 1481 1059 1521 mordentiae
1090 1484 1129 1519 in
1159 1481 1300 1520 fidibus
1331 1482 1531 1532 pandurae
1562 1487 1599 1521 et
1631 1482 1784 1520 similia.

281 1541 382 1581 Vide
421 1551 522 1592 quae
560 1539 606 1578 de
643 1540 705 1578 his
746 1540 952 1590 generibus
993 1541 1092 1579 infra
1122 1539 1363 1590 disputamus
1404 1542 1443 1579 in
1473 1540 1688 1592 appendice
1732 1539 1783 1579 ad
1814 1544 1962 1579 textum

166 1601 393 1641 Ptolemaei.

914 1749 1110 1802 CAPUT
1138 1721 1226 1801 vu.

167 1879 230 1916 De
261 1876 479 1923 plenaria
511 1875 723 1911 sectione
752 1876 879 1912 unius
905 1880 1095 1912 octavae
1128 1876 1171 1912 in
1204 1879 1397 1920 utroque
1430 1883 1592 1921 genere
1623 1877 1798 1920 cantus,
1833 1877 1878 1910 et
1914 1872 1964 1909 de

578 1934 741 1969 ordine
775 1934 976 1971 naturali
1011 1934 1324 1970 concinnorum
1361 1933 1559 1968 omnium.

284 2056 408 2106 Igitur
438 2054 625 2093 hactenus
655 2057 794 2091 natura
823 2054 909 2103 ipsa
939 2052 1120 2097 ostendit,
1154 2053 1191 2103 in
1223 2058 1338 2090 cantu
1357 2053 1464 2091 molli
1495 2053 1648 2091 tertium
1680 2052 1730 2090 ab
1753 2051 1849 2089 infra
1871 2062 1965 2089 con-

173 2118 327 2155 cinnum
370 2124 454 2153 esse
496 2117 630 2150 tonum
672 2112 855 2157 minorem
898 2107 989 2165 9116,
1034 2115 1230 2160 quartum,
1273 2117 1404 2148 tonum
1439 2110 1626 2160 majorem
1657 2105 1731 2163 816,
1775 2110 1965 2160 quintum,

174 2173 423 2213 semitonium
470 2167 579 2223 ι5116,
619 2170 655 2206 in
698 2175 815 2207 cantu
851 2180 943 2207 vero
984 2168 1079 2207 duro
1117 2170 1270 2207 tertium
1309 2169 1358 2206 ab
1398 2169 1495 2208 insra
1533 2165 1645 2222 ι5116,
1688 2174 1866 2217 quartum
1895 2164 1964 2222 ⁸J9,

173 2233 352 2282 quintum
383 2226 469 2284 9116.
530 2227 694 2266 Restant
723 2228 762 2264 in
792 2232 956 2276 utroque
986 2238 1125 2277 genere
1157 2232 1292 2264 cantus
1324 2226 1452 2266 adhuc
1475 2228 1610 2266 tertiae
1632 2227 1758 2275 binae,
1789 2225 1965 2275 singulae

176 2292 343 2329 minores
385 2292 423 2326 et
461 2285 638 2336 singulae
667 2285 855 2335 majores,
898 2296 998 2335 quae
1036 2284 1200 2324 necdum
1239 2290 1327 2322 sunt
1372 2285 1522 2325 divisae
1552 2291 1641 2324 actu
1673 2288 1740 2334 per
1769 2286 1962 2324 sectiones

174 2347 342 2388 chordae
372 2344 569 2384 naturales
601 2346 640 2381 in
671 2343 862 2382 elementa
891 2344 1050 2381 minima
1081 2345 1281 2382 concinna.

287 2405 458 2444 Primum
488 2402 710 2451 videamus,
747 2403 786 2439 in
817 2413 917 2452 quae
947 2403 1135 2441 concinna
1163 2402 1315 2451 possint
1343 2400 1411 2439 illa
1441 2400 1582 2450 dividi,
1620 2399 1758 2439 deinde
1791 2411 1868 2449 quo
1901 2410 1965 2437 or-

173 2464 263 2504 dine
293 2461 520 2503 collocanda
549 2461 627 2500 sint
656 2460 821 2510 singula.
1100 2476 1104 2483 =

287 2521 392 2560 Satis
422 2524 553 2559 autem
582 2523 723 2557 natura
753 2518 882 2565 docet,
923 2518 955 2555 si
987 2519 1179 2568 possimus
1211 2517 1279 2555 illa
1310 2515 1483 2556 dividere
1524 2518 1563 2554 in
1594 2515 1730 2555 eadem
1761 2515 1963 2563 elementa,

176 2593 224 2620 ex
254 2580 395 2631 quibus
425 2577 613 2617 hactenus
642 2576 810 2615 vidimus
840 2580 1034 2623 constare,
1072 2581 1209 2613 natura
1240 2580 1499 2624 monstrante,
1542 2575 1782 2613 diatessaron
1822 2584 1964 2612 conso·

174 2640 340 2687 nantias‚
370 2647 448 2675 non
478 2634 619 2674 debere
649 2645 720 2673 nos
750 2636 806 2673 uti
837 2633 935 2681 aliis,
967 2645 1128 2683 quarum
1160 2633 1337 2683 exempla
1366 2640 1505 2672 natura
1535 2645 1610 2672 non
1628 2637 1828 2672 monstrat.
1878 2631 1989 2669 Do·-

181 2702 241 2737 cet
270 2697 386 2747 igitur
415 2693 670 2741 arithmetica,
703 2689 754 2745 ⁴l5
786 2697 962 2730 constare
993 2703 1039 2730 ex
1069 2688 1125 2745 819
1155 2697 1193 2729 et
1222 2687 1313 2743 9116,
1354 2693 1409 2730 sic
1440 2689 1490 2745 516
1522 2704 1567 2730 ex
1597 2688 1650 2743 ει19
1680 2695 1718 2728 et
1753 2686 1852 2743 ι5116.
1902 2688 1961 2727 En

179 2754 316 2795 eadem
346 2753 551 2799 concinna,
591 2762 692 2801 quae
733 2755 772 2788 et
800 2749 1001 2788 hactenus.
1062 2748 1177 2798 Quod
1214 2751 1286 2788 nisi
1319 2750 1558 2788 ordinaveris
1595 2750 1675 2786 imo
1706 2746 1792 2786 loco
1827 2747 1964 2786 tertiae

178 2814 364 2863 quusque
394 2811 583 2849 inferioris
613 2815 747 2848 tonum
776 2807 983 2857 maj0rem,
1025 2818 1104 2845 non
1133 2809 1274 2856 poterit
1313 2819 1398 2847 esse
1442 2806 1585 2846 chorda
1615 2817 1694 2844 una
1731 2806 1769 2843 in
1801 2809 1962 2854 utroque

177 2882 317 2921 genere
348 2873 498 2909 cantus.
557 2866 600 2906 Si
638 2869 739 2907 enim
778 2867 818 2904 in
849 2870 966 2904 cantu
995 2864 1102 2903 molli
1138 2876 1215 2903 non
1246 2867 1391 2916 poteris
1422 2866 1499 2904 imo
1529 2864 1615 2903 loco
1657 2875 1799 2914 ponere
1830 2867 1963 2902 tonum

178 2929 380 2978 majorem,
423 2930 574 2977 oportet
613 2927 730 2976 igitur
774 2929 817 2963 ut
853 2923 908 2962 ibi
948 2922 1114 2962 colloces
1158 2925 1405 2963 semitonium
1450 2921 1555 2975 ι5116,
1605 2925 1697 2971 quia
1744 2921 1842 2959 haec
1885 2920 1962 2958 duo

180 2985 264 3024 sola
293 2988 424 3024 insunt
453 2986 492 3022 in
522 2984 728 3023 intervallo
759 2979 810 3035 516
841 2980 1021 3019 indiviso.
1082 2981 1126 3018 In
1157 2981 1251 3021 duro
1290 2988 1423 3021 contra
1461 2987 1562 3019 esset
1599 2978 1848 3018 collocandus
1884 2980 1961 3016 imo

178 3043 265 3082 loco
296 3049 410 3082 tonus
439 3043 582 3090 minor,
624 3043 716 3092 quia
745 3039 843 3078 illud
873 3050 1083 3078 consonum
1114 3039 1340 3090 indivisum,
1379 3038 1525 3079 scilicet
1555 3039 1668 3077 tertia
1697 3037 1841 3086 major,
1886 3047 1962 3074 non

180 3101 299 3142 habet
327 3101 583 3150 semitonium,
617 3099 721 3150 quod
751 3103 866 3138 antea
896 3099 934 3135 in
965 3097 1073 3136 molli
1103 3098 1324 3148 ponendum
1354 3099 1489 3137 fuisset
1516 3097 1593 3135 imo
1615 3096 1723 3145 loco;
1755 3096 1809 3133 ita
1828 3093 1963 3135 fierent
