1994 3276
156 89 242 131 474
843 94 886 130 In
908 92 1140 130 Harmoniam
1162 91 1291 129 Mundi

155 205 306 242 tioribus
331 211 415 244 ante
439 217 553 244 annos
577 210 623 245 14
658 210 697 255 (I.
723 214 820 256 428),
858 215 894 247 et
926 211 963 246 in
998 211 1088 247 libro
1119 210 1164 245 de
1179 209 1301 250 ,Stella
1323 209 1428 244 Nova
1460 211 1546 244 ante
1567 216 1682 244 annos
1709 207 1752 244 to
1775 207 1829 252 (ΙΙ.
1850 206 1946 251 642),

155 269 297 294 rursum
321 259 359 295 in
384 259 506 297 Tertio
530 260 795 299 Interveniente
819 267 903 299 ante
927 273 1042 299 annos
1058 264 1080 300 7
1106 263 1145 308 (Ι.
1165 264 1256 307 602),
1282 266 1318 297 et
1343 261 1496 306 denique
1519 261 1556 296 in
1579 259 1840 297 Dissertatione
1863 269 1947 295 cum

154 312 284 347 nuncio
310 313 451 350 sidereo
477 314 627 352 Galilaei
651 320 736 352 ante
761 326 874 353 annos
899 316 920 353 fi
957 319 1009 356 (II.
1036 320 1114 358 506)
1138 326 1210 351 non
1234 325 1351 360 pauca
1375 312 1547 358 disserui,
1581 313 1670 349 facit
1704 317 1824 362 tamen
1858 323 1945 348 non-

153 362 334 400 nullorum
359 367 536 404 cacozelia
560 372 597 404 et
620 368 808 415 supinitas,
833 373 873 405 ut
898 369 1006 411 etiam
1030 369 1100 405 hoc
1122 368 1203 404 loco
1229 368 1276 404 sit
1299 366 1434 412 aliquid
1459 365 1658 418 dicendum.
1803 373 1813 381 ’

267 443 404 480 Notent
427 445 535 490 igitur
555 449 708 481 naturae
737 445 889 482 studiosi
924 451 997 482 tam
1034 445 1137 481 initia
1161 455 1267 490 quam
1291 454 1504 490 progressus
1527 443 1752 480 inventorum
1776 446 1814 480 et
1835 442 1946 479 intro-

153 496 342 533 ductorum
378 510 552 536 novorum
589 502 809 544 aspectuum.
856 499 898 535 In
922 499 1096 545 Mysterio
1123 497 1427 543 Cosmograpbico
1463 496 1604 533 ostendi
1637 506 1684 532 ex
1717 495 1947 537 harmonicis,

153 554 290 594 septem
317 552 459 588 omnino
484 563 565 589 esse
591 551 782 587 divisiones
815 552 971 588 chordae
1004 551 1249 588 harmonicas,
1283 551 1335 586 sic
1371 553 1615 594 comparatas,
1650 552 1692 584 ut
1726 552 1849 594 partes
1872 551 1946 583 tam

151 602 245 638 inter
270 614 319 647 se,
345 616 451 650 quam
478 616 558 641 cum
582 605 722 648 integra
745 604 880 640 chorda
904 608 1112 640 consonent.
1161 603 1248 639 Cum
1273 603 1329 638 his
1362 607 1499 648 septem
1523 601 1757 638 divisionibus
1781 601 1948 643 chordae,

152 666 244 700 quae
266 655 362 693 linea
384 662 484 694 recta
507 662 584 703 est,
611 656 933 693 manuducentibus
957 657 1164 692 Ptolemaeo
1190 661 1226 702 et
1252 655 1414 691 Cardano
1439 653 1673 690 animadverti
1697 654 1947 700 cognationem

151 707 374 745 intercedere
398 709 547 746 totidem
573 708 807 746 divisionibus
831 708 954 744 circuli
986 720 1052 755 per
1086 707 1364 753 applicationem
1387 706 1561 741 linearum
1584 710 1781 748 rectarum,
1817 705 1947 751 quibus

151 757 288 803 figurae
312 761 494 804 regulares
518 762 763 799 inscribuntur
794 761 943 807 circu103
984 765 1069 797 sunt
1099 765 1219 796 autem
1251 760 1319 795 hae
1351 760 1448 796 latus
1475 758 1678 805 sexanguli,
1713 759 1809 795 latus
1843 759 1945 805 quin-

151 813 331 858 quanguli,
355 813 449 850 latus
474 814 732 861 quadranguli,
760 814 854 850 latus
879 814 1068 859 trianguli,
1095 815 1270 850 subtensa
1293 812 1408 848 tribus
1433 813 1586 859 octavis,
1612 812 1783 848 subtensa
1807 811 1947 848 duabus

151 862 285 906 quintis
321 866 484 911 partibus
509 868 632 904 circuli
655 878 721 902 seu
753 867 814 901 uni
849 867 980 911 angulo
1013 859 1292 911 quinqu'anguIi,
1330 869 1366 900 et
1402 865 1585 901 diameter.
1634 864 1864 910 Cognationis
1887 863 1947 900 lex

150 914 241 950 haec
267 923 338 962 est,
377 919 472 964 quod
499 919 653 956 circulus
677 919 733 955 his
759 923 898 964 septem
935 919 1049 955 modis
1081 918 1216 954 divisus
1241 928 1306 954 seu
1331 917 1493 962 signatus
1517 918 1553 953 in
1579 928 1650 952 una
1674 917 1837 963 qualibet
1860 916 1946 952 divi-

151 968 252 1004 sione
278 970 418 1017 duabus
443 975 549 1019 notis,
576 984 697 1009 arcum
723 972 873 1017 eiusque
899 973 1108 1008 subtensam
1131 971 1417 1016 terminantibus,
1444 971 1473 1006 si
1498 971 1713 1007 extendatur
1736 971 1774 1006 in
1796 974 1945 1014 rectum,

150 1019 321 1058 diremtus
357 1024 395 1061 in
431 1037 504 1062 una
539 1031 704 1062 notarum
739 1025 876 1071 fiatque
913 1025 1049 1061 chorda
1081 1030 1117 1060 et
1151 1028 1377 1070 supponatur
1404 1023 1608 1068 magadium
1637 1027 1746 1070 notae
1768 1021 1945 1067 reliquae:

150 1078 272 1116 partes
309 1078 473 1123 magadio
504 1079 695 1115 distinctae
734 1082 770 1114 et
801 1079 896 1114 inter
926 1089 965 1114 se
996 1083 1032 1113 et
1062 1089 1144 1113 cum
1180 1081 1258 1112 tota
1289 1076 1423 1112 chorda
1458 1080 1668 1111 consonant.
1717 1075 1805 1112 Cum
1838 1075 1947 1119 igitur

150 1124 440 1175 harum·septem
465 1132 588 1168 circuli
613 1130 838 1177 divisionum,
863 1131 1159 1177 respondentium
1183 1135 1322 1176 septem
1348 1129 1580 1166 divisionibus
1604 1127 1820 1164 harmonicis
1844 1126 1946 1162 chor-

151 1178 228 1223 dae,
254 1186 408 1225 quatuor
432 1185 520 1228 sint,
548 1195 639 1229 quae
664 1184 819 1220 formant
842 1190 1023 1230 aspectus,
1049 1184 1094 1219 ab
1119 1184 1309 1228 astrologis
1335 1183 1519 1219 observari
1543 1182 1679 1228 solitos,
1706 1180 1843 1217 scilicet
1867 1190 1945 1215 sex-

139 1232 350 1290 angularis,
377 1236 691 1283 quadrangularis,
717 1238 947 1284 triangularis
973 1242 1009 1274 et
1033 1237 1272 1281 diametralis,
1298 1235 1695 1281 efficientesrsextilem
1721 1234 1946 1280 quadratum,

149 1287 281 1343 trmum
307 1290 343 1321 et
367 1289 588 1333 oppositum,
627 1295 663 1325 et
694 1301 774 1326 cum
806 1294 976 1326 constans
1003 1290 1226 1335 experientia
1256 1293 1471 1332 testaretur,
1510 1287 1643 1332 figuras
1666 1287 1734 1323 has
1756 1285 1876 1322 valere
1901 1283 1947 1319 ad

148 1337 365 1374 mc1taudam
389 1346 555 1378 naturam
580 1342 826 1389 sublunarem,
860 1344 1001 1389 quoties
1027 1344 1178 1380 duorum
1208 1343 1436 1388 planetarum
1459 1341 1550 1378 radii
1573 1340 1680 1377 talem
1705 1337 1842 1375 zodiaci
1866 1347 1947 1382 par·

149 1391 221 1424 tem
245 1390 496 1437 intercipiunt,
523 1405 594 1428 non
618 1395 735 1431 minus
762 1406 869 1440 quam
894 1395 1049 1432 chordae
1074 1395 1266 1431 divisiones
1290 1394 1550 1440 respondentes
1573 1392 1697 1430 valent
1721 1391 1766 1427 ad
1790 1390 1948 1426 suaviter

149 1440 403 1480 demulcendas
428 1456 552 1481 aures:
589 1446 624 1482 in
650 1448 743 1484 hanc
768 1449 972 1494 opinionem
995 1448 1142 1493 transii,
1178 1449 1382 1485 Creatorem
1406 1452 1469 1483 aut
1493 1458 1540 1483 ex
1561 1443 1777 1482 harmonicis
1800 1441 1946 1478 rationi-

147 1491 214 1528 bus
238 1494 456 1533 desumsisse
481 1498 579 1543 leges
606 1499 883 1536 ordinandorum
901 1506 1122 1546 aspectuum,
1147 1506 1209 1536 aut
1232 1500 1278 1536 ad
1303 1499 1480 1536 coelestes
1496 1502 1665 1545 aspectus
1690 1501 1948 1542 attempemsssse

149 1555 252 1605 aures
277 1547 469 1599 humanas,
502 1552 836 1588 concordantiarum
858 1553 1010 1597 judices.
1058 1553 1147 1588 Inde
1171 1563 1254 1588 vero
1279 1552 1512 1598 sequebatur,
1543 1555 1710 1596 oportere
1733 1560 1800 1586 nos
1826 1547 1947 1594 plures

149 1604 256 1658 etiam
282 1604 319 1635 et
343 1602 486 1636 omnino
511 1609 651 1649 septem
684 1604 721 1639 in
756 1604 856 1639 coelo
882 1606 1073 1641 observare
1098 1609 1267 1651 aspectus
1297 1610 1442 1651 praeter
1465 1604 1771 1650 conjunctionem,
1809 1600 1948 1643 scilicet

148 1655 255 1686 etiam
280 1653 484 1699 quintilem,
521 1654 746 1701 biquintilem
773 1661 809 1692 et
834 1659 1085 1704 sesquadrum3
1123 1658 1230 1695 sicuti
1255 1663 1340 1694 sunt
1370 1658 1406 1693 in
1430 1657 1567 1693 musica
1590 1659 1735 1701 praeter
1757 1654 1948 1691 unisonum

148 1709 287 1749 septem
313 1705 403 1741 aliae
428 1717 534 1743 voces
560 1708 822 1745 concordantes
847 1721 928 1745 cum
951 1711 1038 1756 ima,
1075 1711 1236 1756 singulae
1269 1721 1314 1746 ex
1347 1709 1498 1755 singulis
1532 1708 1766 1745 divisionibus
1790 1706 1947 1744 chordae

148 1762 267 1803 ortae,
300 1763 341 1794 ut
364 1758 416 1794 ita
439 1769 548 1795 causa
572 1771 638 1796 suo
663 1760 807 1797 effectui
832 1762 1064 1808 adaequetur.
1110 1763 1350 1808 Sequentibus
1382 1761 1484 1798 annis
1509 1772 1590 1796 cum
1616 1759 1807 1806 diligenter
1831 1764 1947 1796 atten-

149 1809 268 1844 derem
293 1810 338 1846 ad
365 1811 457 1858 dies,
484 1813 613 1857 quibus
638 1814 730 1848 tales
756 1819 926 1860 aspectus
951 1816 1181 1860 contingunt,
1208 1816 1347 1862 quoties
1374 1815 1441 1850 soli
1465 1813 1689 1853 incidebant,
1713 1812 1948 1848 animadverti

148 1862 379 1908 creberrime,
416 1864 602 1908 quintilem
638 1870 674 1900 et
699 1866 925 1911 biquintilem
951 1867 1116 1903 efficaces
1149 1878 1247 1912 esse,
1283 1867 1462 1903 interdum
1492 1867 1601 1903 etiam
1625 1860 1844 1911 sesquadrus
1867 1874 1948 1900 sese

147 1914 301 1958 prodere
326 1915 525 1952 videbatur.
577 1918 743 1953 Conclusi
768 1919 895 1964 igitur,
934 1919 1119 1955 addendos
1144 1931 1223 1956 esse
1247 1926 1319 1957 tres
1350 1921 1418 1955 hos
1444 1922 1613 1963 aspectus
1636 1917 1801 1962 reliquis,
1836 1916 1946 1962 idque

148 1965 193 2000 ad
218 1966 451 2002 Maestlinum
477 1971 511 2009 (Ι.
539 1973 618 2008 201>
646 1975 681 2004 et
705 1970 909 2006 Fabricium
936 1973 973 2013 (Ι.
993 1976 1059 2006 309
1086 1985 1110 2006 s.
1137 1975 1217 2019 322)
1242 1971 1435 2018 perscripsi
1459 1976 1495 2006 et
1520 1981 1614 2006 anno
1640 1970 1743 2007 1602.
1767 1969 1946 2007 Thesibus

148 2019 192 2054 de
208 2019 468 2056 Fundamentis
490 2022 730 2068 Astrologiae‚
756 2023 888 2069 quibus
911 2023 1009 2059 illius
1036 2024 1119 2059 anni
1143 2024 1399 2069 prognosticon
1424 2034 1503 2059 sum
1527 2022 1748 2068 complexus,
1774 2021 1947 2066 evulgavi.

146 2072 205 2106 Ex
230 2072 298 2107 hoc
323 2073 444 2118 itaque
469 2080 630 2119 tempore
655 2077 818 2112 certatim
842 2082 1061 2121 prognostae
1086 2076 1142 2112 his
1167 2081 1319 2112 utuntur
1355 2076 1572 2121 aspectibus.
1622 2074 1693 2110 Sed
1718 2074 1847 2110 accidit
1871 2074 1948 2118 qui-

146 2123 308 2168 busdam,
337 2131 375 2161 ut
400 2126 738 2171 sesquiquadratum
762 2128 798 2163 in
825 2128 1128 2173 semiquadratum
1153 2128 1380 2174 mutaverint,
1408 2138 1472 2163 seu
1497 2137 1618 2171 errore
1640 2126 1778 2162 librarii
1799 2125 1946 2170 inducti,

149 2176 222 2211 sive
249 2187 313 2212 sua
337 2178 626 2219 ratiocinatione.
664 2180 738 2216 sive
771 2181 925 2225 denique
958 2181 1184 2216 auctoritate.
1233 2181 1325 2217 Nam
1359 2180 1437 2216 cum
1465 2190 1529 2224 ego
1555 2191 1621 2224 pro
1646 2177 1946 2224 sesquiquadrato

148 2228 335 2265 brevitatis
359 2241 470 2267 causa
495 2232 718 2276 scripsissem
744 2233 981 2278 sesquadrum
1020 2234 1130 2278 (quod
1165 2233 1354 2269 videbatur
1379 2244 1509 2269 sonare
1541 2232 1686 2268 latinius
1711 2243 1819 2277 quam
1842 2231 1947 2268 trioc-

146 2281 243 2326 tilis),
268 2284 518 2329 typographus
548 2284 680 2320 alicubi
705 2286 819 2331 sigma
847 2286 1003 2321 medium
1029 2285 1148 2321 omisit
1174 2286 1423 2331 expressitque
1447 2284 1682 2330 sequadrum;
1707 2288 1746 2320 et
1767 2283 1837 2319 hac
1859 2292 1947 2318 voce

148 2337 300 2370 utuntur
324 2335 433 2371 hodie
457 2336 568 2382 aliqui
591 2348 658 2383 pro
694 2338 903 2383 sesquadro.
955 2338 1066 2382 Atqui
1099 2338 1298 2383 sequadrus
1329 2342 1432 2374 sonat
1465 2336 1729 2381 semiquadrum
1755 2346 1819 2372 seu
1844 2334 1947 2371 semi-

148 2387 378 2434 quadratum,
418 2394 458 2425 ut
484 2389 614 2426 selibra
638 2390 874 2436 semffibram,
912 2390 1093 2426 semodius
1127 2389 1382 2426 semimodium.
1429 2390 1559 2434 Itaque
1589 2389 1650 2424 alii
1679 2388 1821 2434 decepti
1844 2387 1948 2423 semi·

149 2438 356 2485 quadratos,
382 2442 418 2476 id
445 2448 500 2478 est
524 2443 895 2490 octiles,·computant
919 2455 985 2489 pro
1012 2444 1231 2488 sesquadris,
1257 2444 1321 2479 45⁰
1345 2453 1409 2488 pro
1434 2442 1533 2478 135⁰.
1574 2441 1679 2486 Quod
1703 2452 1784 2477 cum
1807 2444 1948 2476 ceteros

147 2493 346 2529 monuisset
368 2495 505 2531 Marius
539 2497 576 2531 in
606 2498 836 2542 prognostico
867 2497 952 2533 anni
978 2498 1087 2538 1617,
1125 2496 1265 2532 exstitit
1294 2502 1414 2531 tamen
1439 2494 1664 2538 astrologus,
1699 2494 1762 2539 qui
1786 2498 1827 2529 ut
1849 2496 1948 2529 recte

147 2543 282 2579 factum
308 2552 517 2583 constanter
541 2554 715 2595 tueretur,
743 2550 804 2594 qui
830 2550 935 2585 etiam
956 2550 1025 2585 hoc
1041 2550 1126 2584 mihi
1150 2549 1286 2594 tribuit,
1313 2559 1357 2583 ex
1381 2557 1461 2583 mea
1478 2545 1658 2590 sententia¹
1681 2545 1947 2592 semiquadrum

148 2597 421 2644 observandum,
449 2602 544 2645 quod
563 2613 631 2647 ego
649 2613 721 2637 non
747 2612 791 2638 ex
816 2602 923 2637 animi
949 2602 1138 2645 sententia,
1163 2603 1226 2638 sed
1244 2601 1371 2638 saltem
1396 2606 1437 2637 ut
1460 2600 1698 2645 objectionem
1722 2598 1946 2644 scripseram.

149 2647 293 2684 Scilicet
317 2651 410 2687 ratio
434 2663 515 2689 mea
535 2654 611 2697 jam
638 2664 681 2689 ex
706 2654 922 2689 harmonicis
947 2654 1125 2698 explicata
1149 2654 1333 2688 nonsatis
1359 2653 1491 2689 insedit
1513 2653 1688 2689 lectorum
1711 2651 1862 2700 animis,
1880 2650 1946 2685 ita-

148 2711 218 2743 que
242 2702 392 2739 velutin
413 2706 701 2751 supplementum
727 2707 804 2751 ejus
830 2711 1018 2743 accersunt
1041 2706 1330 2751 praecellentiam
1355 2706 1584 2753 semiquadri,
1607 2704 1671 2740 sed
1696 2713 1741 2742 ex
1763 2700 1947 2748 principiis

147 2752 252 2812 longe
277 2755 366 2791 aliis.
416 2758 458 2797 In
483 2759 527 2794 iis
553 2769 637 2794 vero
662 2758 865 2804 principiis,
892 2769 985 2803 quae
1010 2763 1096 2794 tunc
1120 2770 1187 2803 ego
1213 2759 1407 2804 sequebar,
1433 2758 1572 2795 nullum
1596 2757 1716 2792 locum
1739 2753 1867 2801 habuit
1890 2763 1946 2788 se-

147 2806 355 2862 miquadrus
380 2809 435 2844 vel
461 2810 589 2854 octilis‚
614 2810 683 2846 hoc
707 2815 773 2854 est,
799 2809 924 2846 divisio
949 2809 1105 2846 chordae
1131 2815 1284 2856 cognata
1308 2810 1513 2854 octangulo.
1546 2808 1670 2845 Divisa
1694 2805 1788 2843 enim
1813 2803 1946 2842 chorda

146 2866 183 2891 1n
211 2859 225 2892 1
255 2863 290 2894 et
315 2861 352 2905 7,
390 2861 456 2896 etsi
483 2867 706 2906 segmentum
733 2864 747 2898 1
776 2873 856 2898 cum
881 2867 958 2897 tota
982 2862 1004 2898 8
1030 2867 1220 2906 consonat,
1258 2867 1379 2898 tamen
1403 2873 1519 2908 neque
1550 2861 1734 2898 residuum
1757 2860 1779 2895 7
1803 2867 1884 2894 cum
1908 2857 1943 2901 8,

147 2919 263 2967 neque
295 2913 313 2947 1
341 2924 422 2948 cum
447 2917 469 2950 7
493 2920 700 2951 consonant.
751 2915 861 2950 Secus
892 2919 947 2949 est
980 2914 1015 2948 in
1053 2914 1249 2959 sesquadro
1283 2925 1347 2949 seu
1379 2914 1540 2956 trioctili,
1575 2914 1637 2950 ubi
1661 2911 1814 2949 circulus
1839 2913 1876 2944 et
1899 2907 1945 2944 ad

147 2970 225 3005 ejus
250 2966 454 3011 exemplum
478 2967 614 3003 chorda
638 2967 806 3005 dividitur
827 2967 864 3002 in
889 2967 910 3002 3
929 2971 964 3002 et
980 2968 1020 3012 ὃς
1048 2970 1248 3004 consonant
1272 2966 1365 3002 enim
1379 2972 1454 3004 tam
1479 2969 1665 3012 segmenta
1689 2964 1710 3002 3
1727 2966 1764 2999 et
1781 2963 1813 3003 5,
1837 2970 1944 3007 quam

147 3019 263 3053 totum
288 3018 312 3054 8
335 3023 372 3054 et
395 3030 477 3057 cum
501 3021 522 3059 3
548 3025 584 3060 et
610 3031 690 3059 cum
714 3020 735 3056 5
762 3022 947 3056 consonat.
