1988 3276
107 147 130 185 6
876 139 1100 177 Prooemium
1706 154 1723 171 ο

105 263 168 301 0111
209 260 417 312 plurimum
462 273 509 300 ex
555 260 732 300 omnibus
775 260 884 300 libris
926 261 1007 299 suis
1046 260 1181 299 tribuit
1218 264 1274 308 et,
1321 261 1354 298 si
1391 260 1649 299 astronomiae
1686 259 1887 298 historiam

105 321 362 371 spectaveris,
401 331 448 359 ea
477 319 524 357 de
556 330 675 358 causa
702 315 908 369 plurimum
938 318 1180 357 tribuendum
1211 323 1287 367 cst,
1332 317 1435 367 quod
1475 318 1619 367 legem,
1661 329 1760 368 quae
1790 318 1888 357 inter

106 378 328 417 distantiam
357 377 600 427 planetarum
629 389 654 415 a
683 376 773 416 Sole
804 389 1012 426 eorumque
1042 381 1188 415 motum
1219 378 1320 415 circa
1349 375 1478 415 Solem
1509 375 1731 424 intercedat,
1762 376 1887 414 refert.

105 436 268 486 Aliquot
298 437 409 475 annis
439 440 529 474 ante
551 434 697 486 (1601)
718 436 851 474 scribit
870 435 1080 485 Keplerus:
1116 436 1179 484 „in
1201 434 1447 473 Harmonicis
1476 436 1572 474 meis
1603 433 1886 482 demonstrabo,

106 499 250 545 quanto
288 494 492 533 intervallo
530 498 643 533 vetus
681 493 829 532 musica
869 498 1039 532 nostram
1069 494 1299 543 sequatur“;
1345 504 1445 532 anno
1481 493 1611 531 1600:
1659 503 1810 543 „meam
1840 492 1888 531 de

105 553 306 592 harmonia
335 551 469 590 mundi
500 551 810 591 dissertationem
841 552 924 602 jam
962 551 1110 601 pridem
1149 551 1199 590 ad
1235 551 1458 590 umbilicum
1490 550 1774 601 perduxissem,
1814 552 1888 589 nisi

107 611 305 662 Tychonis
336 611 572 649 astronomia
599 611 656 648 ita
685 614 810 648 totum
840 622 900 649 me
930 609 1181 660 possedisset,
1219 615 1262 648 ut
1291 621 1414 659 paene
1445 610 1710 658 insaniverim,
1748 621 1889 659 quam-

106 671 167 709 vis
196 681 346 709 mecum
377 668 596 716 deliberem,
628 668 720 717 quid
746 668 828 717 jam
858 680 970 718 porro
999 668 1073 707 hac
1103 670 1139 705 in
1171 679 1210 707 re
1241 669 1291 706 sit
1320 666 1579 706 faciendum“.

245 727 308 766 Ad
339 728 624 776 cogitationem,
657 725 704 765 de
734 726 808 765 hac
837 728 998 765 materia
1026 727 1167 765 librum
1197 722 1472 774 conscribendi,
1503 725 1716 776 Keplerum
1746 723 1890 763 dudum

43 810 53 819 -
108 792 275 826 erectum
305 785 423 823 fuisse
463 789 683 833 certamque
722 784 866 823 formae
908 786 1115 834 imaginem
1151 786 1278 823 animo
1310 786 1419 822 initio
1452 786 1685 835 concepisse,
1723 795 1744 822 e
1774 781 1889 821 modo

109 845 333 896 praemissis
374 847 547 893 apparet.
620 842 681 881 De
721 843 966 892 planetarum
1008 854 1121 882 cursu
1164 843 1369 892 inquirenti
1409 842 1476 881 illa
1520 843 1703 892 cogitatio
1741 852 1892 890 semper

109 904 336 943 obversatur
366 906 404 940 et
431 900 728 948 tentaminibus,
767 903 964 940 notionem
994 902 1032 938 in
1062 900 1274 939 Prodromo
1311 902 1533 940 nunciatam
1562 912 1651 939 cum
1679 900 1748 947 113,
1791 910 1890 948 quae

109 961 186 1000 illis
233 959 562 1010 disquisitionibus
607 960 767 1006 eruerit,
815 959 1092 1009 conjungendi,
1135 960 1413 998 manifestatur.
1488 958 1597 1008 Quae
1644 959 1890 1008 quaestiones

109 1019 384 1070 adJuvantibus
404 1017 636 1068 Tychonicis
668 1017 1003 1060 observationibus
1034 1017 1194 1060 clariore
1224 1019 1262 1055 in
1286 1017 1367 1056 dies
1397 1017 1483 1056 luce
1507 1016 1754 1063 illustrantur,
1786 1015 1891 1066 quod

109 1078 282 1128 plurimis
314 1075 498 1126 exemplis
526 1075 787 1114 demonstrant
806 1075 1080 1115 Pulcoviensia
1102 1077 1362 1125 manuscripta
1392 1087 1598 1126 eorumque
1630 1086 1699 1114 eae
1725 1076 1891 1113 maxime

109 1140 259 1187 partes,
306 1135 445 1184 quibus
486 1133 723 1184 singulorum
766 1133 1009 1185 planetarum
1040 1146 1173 1172 cursus
1213 1139 1493 1184 computantur.
1564 1133 1724 1183 Kepleri
1762 1135 1891 1171 autem

112 1195 232 1243 dicta,
263 1205 363 1243 quae
393 1191 508 1231 modo
538 1192 756 1240 retulimus,
797 1203 875 1230 non
904 1193 960 1230 ita
990 1192 1240 1242 intelligenda
1271 1204 1373 1240 esse,
1415 1193 1526 1241 (111331
1557 1192 1891 1240 31110110103011311

111 1252 327 1302 conceperit
356 1252 481 1301 operis
512 1252 573 1288 sui
603 1255 889 1299 argumentum,
922 1262 1036 1299 quam
1069 1250 1231 1301 posthac
1261 1255 1486 1300 conceptum
1518 1255 1593 1298 est,
1635 1248 1724 1287 inde
1755 1249 1890 1296 elucet,

112 1310 216 1361 quod
245 1310 317 1348 sub
347 1308 449 1348 idem
479 1314 630 1358 tempus
661 1313 928 1359 argumentum
956 1308 1078 1355 idem,
1120 1308 1224 1358 quod
1261 1309 1343 1358 jam
1380 1312 1535 1358 praesto
1576 1313 1652 1355 est,
1700 1308 1891 1346 enunciat,

110 1369 334 1408 Herwartus
379 1366 426 1406 de
468 1366 710 1416 Hohenburg
744 1367 828 1417 Jam
868 1378 969 1406 anno
1011 1368 1132 1405 1600.
1175 1366 1343 1416 Keplero
1383 1366 1599 1406 Ptolemaei
1638 1365 1893 1404 Harmoniam

111 1428 284 1475 miserat3
315 1437 392 1475 qua
423 1427 576 1474 cognita
609 1424 800 1475 Keplerus
830 1425 969 1463 mirum
998 1437 1082 1464 esse
1114 1427 1180 1478 ait,
1211 1426 1275 1474 qui
1307 1426 1357 1463 sit
1385 1426 1483 1464 inter
1502 1436 1592 1464 suas
1614 1428 1652 1463 et
1677 1423 1894 1463 Ptolemaei

111 1486 287 1524 notiones
309 1494 530 1530 consensus,
563 1494 649 1522 cum
678 1495 750 1522 sua
781 1482 996 1533 dispositio,
1028 1495 1127 1533 quae
1157 1485 1380 1533 priusquam
1410 1483 1512 1522 hunc
1541 1482 1679 1532 legerit
1706 1482 1810 1521 facta
1830 1483 1892 1530 sit,

112 1555 198 1583 cum
229 1542 480 1592 dispositione
510 1540 625 1590 hujus
657 1545 853 1591 congruat.
913 1541 1043 1580 Editio
1075 1546 1204 1580 autem
1236 1543 1270 1579 ei
1299 1543 1525 1580 transmissa
1555 1545 1636 1580 erat
1666 1539 1747 1589 illa,
1778 1551 1894 1590 quam

113 1601 304 1640 Antonius
337 1599 517 1650 Gogavia
548 1599 770 1638 vertendam
810 1604 1028 1648 curaverat;
1073 1611 1172 1649 quae
1204 1611 1320 1649 quum
1352 1601 1386 1638 ei
1417 1601 1543 1637 minus
1574 1603 1752 1638 accurate
1782 1610 1894 1638 versa

113 1665 151 1699 et
179 1658 350 1698 mulcata
379 1657 585 1706 videretur,
631 1657 839 1696 editionem
871 1657 1071 1706 Graecam,
1118 1663 1159 1696 ut
1190 1662 1334 1696 certum
1362 1657 1506 1701 faceret
1531 1657 1738 1707 Judicium,
1780 1657 1894 1696 anxie

114 1729 301 1768 quaerens
341 1715 586 1755 Herwartum
625 1715 739 1764 adiit,
784 1717 850 1765 qui
893 1727 994 1755 anno
1029 1717 1136 1754 1607
1177 1717 1401 1754 transmisso
1436 1716 1535 1754 libro
1573 1727 1670 1754 eum
1697 1716 1894 1754 certiorem

113 1777 218 1824 fecit,
261 1776 334 1813 sibi
375 1776 412 1812 in
453 1775 582 1812 animo
623 1785 724 1822 esse,
770 1785 867 1824 opus
909 1773 1133 1813 vertendum
1164 1779 1202 1813 et
1232 1774 1421 1813 edendum
1453 1785 1584 1813 curare
1615 1778 1654 1812 et
1683 1773 1895 1823 Keplerum

114 1833 160 1872 de
190 1845 231 1873 re
262 1833 329 1871 illa
360 1831 562 1871 consuluit.
619 1831 813 1881 Keplerus
853 1836 981 1870 autem
1011 1833 1066 1871 ita
1092 1831 1296 1882 judicavit,
1338 1837 1381 1870 ut
1410 1832 1634 1871 Herwartus
1664 1835 1784 1870 totam
1813 1843 1894 1869 rem

113 1891 283 1941 Keplero
314 1891 565 1928 committeret
595 1901 640 1927 ex
671 1900 741 1928 3110
772 1889 928 1928 arbitrio
960 1889 1247 1928 conficiendam.
1308 1889 1417 1938 Quae
1448 1895 1578 1928 autem
1606 1893 1767 1938 uterquc
1798 1890 1895 1926 inter

114 1961 154 1988 se
175 1950 306 1999 egerit,
341 1947 528 1998 epistolae
551 1946 689 1985 docent
722 1947 819 1985 infra
840 1959 1063 1997 expressae;
1095 1959 1171 1997 quo
1202 1947 1357 1997 quidem
1377 1947 1519 1986 factum
1540 1952 1610 1994 est,
1643 1951 1684 1986 ut
1703 1946 1894 1997 Keplerus

114 2019 209 2057 opus
240 2008 323 2056 ipse
350 2010 514 2045 verteret
545 2005 698 2055 adjecta
727 2006 1041 2055 interpretatione
1070 2005 1158 2044 libri
1179 2005 1251 2044 III.
1274 2017 1357 2056 cap.
1382 2007 1404 2044 3
1427 2017 1494 2053 ss.,
1527 2017 1641 2054 quam
1671 2010 1713 2043 ut
1743 2016 1893 2055 appen-

115 2065 237 2104 dicem
267 2065 373 2114 operi
403 2074 472 2102 suo
504 2063 712 2112 adjungere
743 2064 888 2102 statuit.
930 2063 1015 2102 Hoc
1035 2064 1234 2102 consilium
1256 2063 1345 2102 dum
1366 2075 1462 2113 opus
1485 2064 1712 2113 imprimitur
1740 2070 1892 2102 secutus

116 2123 196 2173 (cfr.
228 2121 547 2160 introductionem
576 2121 664 2159 libri
694 2119 774 2171 V.),
806 2126 1011 2171 postquam
1041 2121 1090 2160 ad
1120 2122 1233 2160 finem
1263 2122 1437 2171 pervenit
1468 2123 1584 2160 variis
1614 2122 1739 2160 causis
1769 2123 1893 2171 impe-

115 2181 215 2219 ditus
246 2191 321 2230 quo
352 2181 476 2218 minus
508 2183 767 2228 exequeretur,
798 2181 854 2217 ita
882 2181 1058 2227 mutavit,
1090 2184 1131 2218 ut
1162 2192 1349 2218 summam
1378 2191 1501 2218 rerum
1526 2180 1659 2229 paucis
1682 2179 1891 2229 colligeret.

116 2239 222 2289 Opus
252 2237 480 2276 translatum
511 2249 557 2275 ex
587 2238 853 2287 manuscriptis
875 2237 1194 2276 Pulcoviensibus
1226 2239 1328 2288 typis
1359 2238 1647 2287 exprimendum
1677 2239 1893 2277 curavimus

115 2301 165 2346 01,
196 2295 298 2346 (111οᾶ
327 2295 517 2346 Keplerus
548 2295 597 2333 ab
625 2296 734 2333 initio
765 2295 992 2343 intenderat,
1021 2280 1257 2335 Harmoniae
1286 2298 1549 2334 annexuimus.

257 2352 366 2403 Opus
396 2355 523 2403 ipsum
552 2354 767 2402 principiis,
806 2355 1031 2403 priusquam
1061 2354 1275 2393 Ptolemaei
1305 2354 1443 2392 librum
1474 2354 1705 2403 accepisset,
1742 2354 1891 2404 positis,

114 2413 281 2450 numeris
312 2413 391 2449 suis
422 2411 643 2449 absolutum
673 2415 732 2449 est
763 2410 945 2449 dimensis
975 2411 1216 2461 planetarum
1247 2412 1419 2451 cursibus
1439 2413 1550 2450 annis
1575 2412 1683 2450 1615
1705 2417 1743 2451 01
1767 2412 1890 2452 1616.

116 2470 386 2508 Dimensiones
418 2480 596 2507 cursuum
626 2473 755 2507 autem
786 2471 879 2511 (Vol.
897 2471 995 2506 ΧΙΠ.
1020 2471 1107 2507 Mss.
1131 2471 1287 2517 Pulcov.)
1318 2471 1374 2508 ita
1403 2470 1669 2518 inscribuntur,
1701 2475 1745 2508 ut
1774 2469 1892 2508 dubia

115 2528 376 2577 relinquantur
407 2526 453 2565 de
484 2527 659 2565 examine
690 2528 926 2566 accuratiore
956 2528 1214 2576 proportionis
1245 2528 1410 2576 orbium,
1452 2533 1490 2566 et
1521 2528 1567 2566 de
1597 2527 1763 2568 Saturno
1794 2528 1891 2569 haec

116 2586 236 2624 allata
281 2585 487 2623 babemus:
545 2584 691 2632 „Deest
727 2583 854 2622 adhuc
904 2596 1063 2624 examen
1101 2586 1318 2623 accuratius
1362 2588 1621 2636 proportionis
1662 2587 1811 2625 orbium
1852 2590 1890 2625 et

115 2655 203 2693 pars
244 2643 462 2682 tabularum
501 2641 589 2680 inde
627 2641 866 2691 dependens,
905 2653 958 2680 sc.
992 2642 1260 2681 distantiarum
1297 2643 1453 2682 Saturni
1493 2651 1528 2683 01
1565 2644 1679 2683 Solis.
1739 2644 1890 2692 Pragae

118 2701 289 2740 exhibita
309 2701 426 2750 Regis
448 2699 637 2738 Matthiae
659 2699 899 2738 consiliariis.
945 2699 1069 2739 Lincii
1099 2706 1341 2739 accesserunt
1371 2703 1462 2740 ista:
1493 2704 1635 2741 revisio
1667 2703 1891 2741 eccentrici-

116 2760 206 2797 tatis
247 2770 316 2797 seu
358 2758 441 2808 ejus
482 2757 528 2796 de
566 2769 669 2797 novo
709 2758 978 2806 investigatio,
1022 2763 1064 2797 ut
1104 2760 1221 2797 etiam
1259 2761 1516 2809 proportionis
1555 2761 1703 2799 orbium
1734 2765 1773 2800 et
1800 2772 1890 2810 pars

118 2816 384 2854 distantiarum
414 2815 609 2855 tabulae.“
668 2814 810 2854 Iisdem
839 2815 918 2854 fere
947 2817 1074 2854 verbis
1110 2817 1326 2856 inscribitur
1357 2818 1527 2857 calculus
1558 2822 1731 2856 motuum
1761 2818 1889 2866 Jovis,

118 2875 286 2923 exceptis
324 2875 502 2913 extremis
540 2873 652 2912 lineis
689 2873 770 2911 his:
814 2872 932 2921 „Jam
963 2873 1087 2912 Lincii
1121 2876 1228 2912 1616
1261 2882 1505 2916 accesserunt
1536 2887 1695 2915 examen
1726 2887 1889 2926 propor-

118 2932 232 2969 tionis
270 2931 419 2970 orbium
455 2936 493 2970 et
529 2932 820 2970 eccentricitatis
857 2931 1078 2970 absolutum
1114 2944 1279 2982 parsque
1310 2934 1614 2973 distantiarum.“
1678 2933 1821 2973 Contra
1848 2936 1889 2971 in

118 2987 267 3027 calculo
295 2994 469 3027 motuum
498 2988 677 3028 Veneris:
720 2988 959 3037 „rudimenta
989 2989 1238 3040 multiplicia,
1281 2992 1436 3031 tabulae
1477 2992 1614 3030 desunt
1651 3003 1722 3030 nec
1752 2991 1886 3030 confici

117 3050 290 3097 possunt,
321 3047 395 3084 nisi
426 3046 814 3086 demonstrationibus
844 3046 1070 3096 0111061113.ιζ
1131 3048 1174 3085 In
1206 3048 1393 3088 Mercurio
1425 3049 1611 3099 denique:
1647 3048 1888 3098 „rudimenta

119 3105 345 3143 omnivaria.
404 3103 615 3144 Mercurius
645 3116 731 3144 raro
760 3115 832 3144 nec
861 3104 1038 3155 expedite
1069 3108 1244 3155 cernitur,
1277 3109 1407 3157 itaque
1438 3107 1783 3147 demonstrationes
1813 3107 1886 3146 hae
