1994 3276
826 101 937 143 mm
959 104 1025 142 111.
1052 89 1173 151 Caput
1194 102 1273 142 xv.
1477 127 1482 134 -
1775 95 1796 120 ⁶
1863 109 1948 153 401

152 226 346 266 tricorum.
405 227 506 268 Nam
542 229 581 266 in
622 227 836 267 eccentrico
874 225 1032 278 quidem
1068 225 1311 277 superiorum
1340 229 1469 265 motus
1507 231 1591 266 erat
1619 225 1787 276 tardior,
1828 227 1948 279 Solis,

152 282 331 332 Veneris,
361 282 542 325 Mercurii
572 293 702 325 motus
730 284 980 332 velocissimi,
1011 289 1175 335 excepto
1205 283 1366 334 Lunae3
1402 286 1442 322 in
1473 284 1654 336 epicyclo
1684 297 1778 325 vero
1808 285 1948 326 Satur-

150 352 225 380 nus
262 354 464 394 supr-mus
502 343 771 383 velocissimus
811 347 871 382 est
905 343 1168 393 superiorum,
1208 341 1315 381 Mars
1351 341 1608 384 tardissimus,
1671 343 1857 383 Vicissim
1898 356 1947 385 ex

151 400 396 440 inferioribus
426 401 562 441 Venus
592 402 768 452 superior
797 406 858 440 est
886 400 1034 439 tardior
1060 399 1255 440 Mercurio
1273 400 1442 439 inferiori
1456 399 1559 451 v¹1¹).
1620 401 1746 451 Igitur
1776 408 1821 442 ut
1839 404 1946 455 prius

150 458 349 510 epieyclus
378 465 419 500 et
446 459 514 499 alii
544 459 765 500 secundarii
803 459 917 499 orbes
948 458 1274 509 comparabantur
1317 458 1472 498 chordis
1514 460 1755 500 secundariis
1792 466 1832 501 et
1859 473 1948 501 mo-

151 515 306 565 bilibus,
336 518 394 557 sic
422 527 526 557 nunc
555 524 731 558 motuum
760 518 926 557 variatio
954 516 1169 569 epicyclica
1198 518 1552 567 repraesentabitur
1584 530 1653 568 per
1682 518 1947 569 pulsationem

148 573 303 614 mmm
339 575 541 615 mobilium
581 575 810 616 chordarum
822 572 902 629 ¹¹).
962 575 1012 614 Et
1050 581 1094 614 ut
1132 586 1251 626 supra
1288 574 1531 626 planetarum
1571 577 1609 614 in
1640 588 1782 627 genere
1823 578 1946 617 inter-

147 631 256 672 valla
284 635 471 682 maxims,
503 636 682 683 minima,
712 633 923 672 mediocria
960 634 1169 684 generibus
1200 639 1337 672 cantus
1378 634 1502 672 tribus
1532 634 1843 685 respondebant,
1888 637 1946 676 sic

147 701 251 730 nunc
279 692 520 742 singulorum
551 699 679 732 motus
711 691 925 743 cpicyclici,
956 692 1098 742 quibus
1128 696 1327 730 mutantur
1346 691 1564 740 intervalla,
1596 694 1799 743 aptissime
1827 700 1945 744 pote·

146 754 234 787 runt
262 750 547 789 accommodari
585 750 636 791 ad
666 749 803 789 eadem
831 761 996 801 genera,
1037 761 1122 789 cum
1151 749 1227 788 hoc
1257 749 1498 797 discrimine,
1542 755 1587 789 ut
1622 762 1786 801 quorum
1815 757 1945 791 motus

144 806 379 858 epieyclicus
415 809 541 859 maj0r
571 815 631 848 est
661 814 770 847 motu
801 809 1015 848 eccentrico
1044 809 1296 858 reversioque
1326 809 1367 847 in
1397 807 1572 860 epicyclo
1604 808 1784 858 celerior,
1827 821 1944 860 quam

146 865 185 902 in
215 866 453 919 cesena-ico,
483 869 510 904 ii
541 872 809 918 comparentur
838 867 969 916 generi
1000 865 1218 914 diatonico;
1251 867 1345 917 quia
1374 868 1490 905 etiam
1522 869 1560 904 in
1592 865 1661 906 illo
1692 868 1942 907 intervallum

144 921 347 973 quodlibet
374 925 607 964 tetrachordi
643 927 771 963 minus
802 930 862 963 est
897 924 1044 974 Junctis
1075 923 1228 963 duobus
1258 923 1437 974 reliquis3
1479 935 1646 975 quorum
1685 937 1776 965 vero
1807 932 1938 966 motus

143 981 382 1078 33⁰3·ss
404 994 550 1090 &3¹:355
581 982 1576 1092 5:2'352'0332231233ffssaffiwffls
1599 995 1936 1093 aazias&

142 1097 293 1148 reliqua
322 1097 423 1148 du03
464 1110 626 1150 quorum
657 1099 823 1150 denique
851 1100 1022 1138 reversio
1053 1099 1230 1149 aequalis
1270 1100 1309 1136 in
1341 1105 1528 1150 utroque,
1572 1111 1643 1138 seu
1670 1102 1801 1151 potius
1846 1103 1934 1151 epi-

142 1154 275 1206 cyclus
304 1156 456 1206 nullus,
498 1158 563 1208 qui
594 1158 731 1197 ceteris
760 1156 1007 1209 peculiariter
1036 1158 1092 1195 sic
1122 1157 1236 1196 dictis
1272 1162 1312 1196 et
1350 1159 1539 1208 superiori
1568 1163 1679 1208 parte
1720 1160 1758 1196 in
1790 1170 1934 1198 conse-

142 1214 302 1263 quentia
330 1216 446 1254 motis
475 1215 728 1267 respondent,
758 1217 787 1254 ii
817 1226 860 1254 se
889 1217 1085 1254 associent
1113 1215 1370 1264 chromatico,
1409 1217 1448 1254 in
1479 1227 1557 1266 quo
1587 1216 1823 1256 tetrachordi
1855 1217 1933 1256 duo

142 1271 349 1311 intervalla
382 1273 519 1323 iuncta
554 1279 646 1312 sunt
685 1273 867 1324 aequalia
896 1273 1057 1324 reliquo.
1117 1273 1182 1313 Sic
1222 1274 1340 1323 igitur
1380 1272 1619 1313 diatonicum
1647 1285 1772 1324 genus
1811 1275 1933 1315 babet

141 1328 360 1376 Saturnum,
390 1330 535 1371 Jovem
565 1339 604 1371 et
633 1331 880 1379 Mercurium,
911 1333 1006 1382 quia
1036 1331 1173 1370 borum
1202 1331 1368 1383 epicycli
1397 1333 1569 1371 minores
1587 1340 1679 1371 sunt
1708 1339 1747 1372 et
1768 1334 1932 1373 celerius

141 1389 416 1436 restituuntur,
457 1401 573 1440 quam
602 1390 862 1438 eccentricus3
895 1390 1208 1429 enharmonium:
1249 1389 1415 1430 Martem
1445 1396 1484 1429 et
1515 1390 1727 1440 Venerem,
1768 1392 1861 1441 quia
1890 1391 1932 1431 hi

142 1446 332 1486 maximos
361 1447 557 1499 epicyclos
586 1447 732 1487 babent
762 1454 800 1486 et
830 1448 975 1487 tardius
1004 1447 1273 1496 revolventes,
1305 1459 1422 1498 quam
1453 1450 1681 1498 eccentrici;
1720 1448 1932 1488 chromati-

142 1514 228 1542 cum
259 1503 444 1555 denique:
486 1505 617 1545 Solem
647 1511 686 1545 et
717 1505 888 1551 Lunam,
929 1507 1022 1556 quia
1066 1505 1251 1556 epicyclis
1281 1506 1448 1554 talibus,
1489 1508 1555 1556 qni
1597 1508 1784 1558 superiori
1823 1513 1933 1558 parte

80 1556 93 1569 ³
141 1567 371 1601 moveantur
399 1564 437 1600 in
469 1565 757 1614 consequentia,
790 1566 945 1602 omnino
976 1571 1107 1603 carent
1123 1562 1184 1613 x).
1244 1563 1450 1614 Propertio
1491 1564 1646 1614 quidem
1687 1571 1816 1604 motus
1846 1567 1932 1616 epi-

142 1619 276 1671 cyclici
308 1621 357 1659 ab
388 1632 564 1672 apogaeo
595 1621 645 1661 ad
674 1627 822 1660 motum
853 1624 1110 1661 eccentrieum
1140 1634 1164 1660 a
1194 1622 1280 1660 fixis
1311 1622 1448 1661 eadem
1478 1628 1537 1661 est
1565 1624 1603 1660 iu
1622 1623 1798 1673 singulis,
1830 1635 1932 1674 quae

141 1679 288 1716 numeri
319 1679 604 1718 revolutionum
645 1679 942 1731 epicyclicarum
981 1680 1031 1718 ad
1061 1691 1262 1719 numerum
1292 1679 1581 1719 revolutionum
1611 1683 1930 1720 eccentricarum:

143 1736 182 1772 iu
202 1734 371 1774 Saturno
404 1738 455 1775 57
488 1737 540 1776 ad
570 1739 608 1785 2,
639 1738 678 1774 in
699 1737 804 1776 Jove
836 1738 889 1776 65
920 1736 971 1776 ad
1003 1738 1040 1786 6,
1072 1739 1111 1775 in
1131 1737 1259 1777 Marte
1281 1738 1333 1776 37
1357 1737 1407 1776 ad
1429 1740 1496 1786 42,
1528 1740 1568 1776 in
1588 1738 1742 1778 Venere
1772 1740 1796 1777 5
1817 1739 1867 1778 ad
1890 1741 1928 1789 8,

55 1789 61 1794 ⁴
143 1794 181 1830 in
211 1792 404 1833 Mercurio
440 1796 518 1834 145
549 1795 600 1834 ad
630 1796 706 1843 46,
740 1796 869 1835 omnia
897 1800 1218 1846 praeterpropter.
1277 1796 1415 1846 Itaque
1456 1801 1611 1847 propter
1639 1796 1711 1836 has
1753 1798 1931 1848 singulo-

140 1862 226 1889 rum
264 1853 533 1902 proportiones
571 1852 698 1893 locum
746 1855 864 1892 etiam
900 1854 964 1893 bic
998 1853 1118 1892 habet
1161 1855 1398 1905 comparatio
1440 1865 1528 1893 cnm
1572 1856 1693 1894 variis
1733 1857 1930 1895 sonituum

139 1909 242 1959 bigis
254 1907 323 1960 ¹¹).

253 1966 436 2018 Sequitur
464 1970 599 2007 tertius
629 1968 767 2008 modus
797 1968 1129 2015 considerationis,
1161 1970 1199 2006 in
1230 1980 1309 2019 qua
1333 1969 1550 2020 junguntur
1580 1971 1739 2010 effectus
1764 1971 1928 2022 epicycli

142 2028 182 2062 et
210 2027 429 2074 eccentrici,
459 2026 580 2078 fitque
610 2029 708 2065 ratio
740 2026 855 2066 valde
884 2026 1101 2077 multiplex.
1158 2026 1259 2066 Nam
1290 2038 1377 2066 cum
1413 2027 1596 2078 planetae
1626 2028 1721 2067 fiant
1757 2031 1797 2066 in
1828 2041 1928 2080 apo-

139 2093 239 2131 gaeo
269 2085 471 2124 eccentrici
500 2085 733 2137 tardissimi,
775 2086 813 2122 in
845 2096 1021 2135 apogaeo
1052 2084 1214 2136 epicycli
1244 2084 1500 2135 velocissimi,
1545 2088 1780 2137 compositus
1810 2088 1929 2138 igitur

140 2146 271 2179 motus
301 2153 378 2180 non
409 2142 573 2181 efficitur
601 2143 892 2191 velocissimus,
932 2148 1097 2193 utroque
1128 2154 1305 2193 apogaeo
1331 2143 1489 2193 juncto,
1521 2144 1589 2183 sed
1619 2151 1730 2192 tunc,
1762 2145 1795 2183 si
1825 2156 1926 2195 apo-

140 2209 280 2248 gaeum
310 2200 472 2250 epicycli
510 2207 549 2240 et
577 2203 801 2250 perigaeum
830 2202 1032 2240 eccentrici
1074 2203 1282 2240 sociantur.
1342 2201 1605 2240 Tardissimus
1641 2213 1734 2242 vero
1765 2213 1925 2254 compo-

139 2257 299 2295 sitorum
338 2257 478 2296 desinit
516 2260 698 2297 omnibus
732 2258 947 2309 aequaliter
986 2260 1025 2296 in
1062 2261 1271 2298 stationem
1301 2271 1446 2298 meram
1480 2259 1649 2310 indeque
1688 2261 1924 2299 convertitur

140 2314 180 2351 in
207 2315 597 2364 retrogradationem,
629 2316 727 2356 adeo
758 2323 819 2365 ut,
852 2328 940 2355 eum
968 2317 1128 2367 planeta
1158 2322 1217 2355 est
1246 2318 1285 2354 in
1315 2323 1532 2357 retrocessu
1562 2317 1853 2365 velocissimus,
1883 2318 1924 2357 id

136 2371 417 2421 quadamtenus
445 2373 677 2424 respondeat
705 2374 878 2413 tarditati
909 2376 1079 2413 omnium
1109 2375 1413 2414 remississimae.
1471 2375 1543 2413 Est
1561 2376 1678 2425 igitur
1706 2375 1785 2414 alia
1815 2387 1923 2415 com-

136 2432 287 2479 paratio
325 2430 657 2470 velocissimorum
694 2431 944 2481 directorum,
991 2432 1070 2470 alia
1105 2432 1435 2482 retrogradorum,
1478 2432 1556 2471 alia
1596 2433 1921 2473 intermediorum.

137 2486 215 2526 Sed
243 2499 330 2526 cum
360 2490 437 2526 sint
465 2490 504 2526 in
534 2491 704 2540 quinque
733 2491 901 2540 planctis
930 2491 1073 2540 gemini
1103 2489 1359 2538 velocissimi,
1390 2490 1600 2529 secundum
1632 2490 1709 2530 duo
1741 2494 1923 2543 opposita

137 2543 224 2583 loca
254 2547 467 2594 eccentrici,
498 2548 537 2584 in
567 2547 820 2587 luminaribus
850 2552 999 2586 tantum
1018 2559 1116 2585 unus
1137 2546 1415 2595 velocissimus,
1447 2548 1726 2598 retrogradatio
1750 2551 1919 2589 statiove

137 2602 264 2650 nulla,
297 2608 406 2654 patet
435 2604 539 2653 quod
568 2606 688 2643 missa
715 2605 1065 2655 retrogradatione,
1106 2606 1275 2645 statione
1304 2611 1343 2645 et
1372 2605 1441 2645 illa
1470 2605 1717 2645 multitudine
1745 2612 1921 2646 motuum

136 2661 448 2699 intermediorum
478 2673 602 2711 nsque
632 2662 681 2700 ad
711 2665 930 2712 stationem,
962 2664 1173 2702 debeamus
1202 2663 1379 2715 planetas
1410 2666 1581 2714 quinque
1610 2665 1709 2703 inter
1736 2676 1779 2703 se
1809 2676 1918 2704 com-

53 2751 59 2760 ,
137 2729 274 2767 parare
304 2730 423 2757 causa
453 2718 783 2758 velocissimorum
812 2726 984 2770 tantum,
1017 2728 1055 2760 et
1086 2726 1276 2771 quatenus
1306 2723 1332 2759 ii
1362 2721 1558 2771 finguntur
1586 2733 1736 2773 semper
1765 2733 1851 2762 esse
1880 2724 1920 2761 in

141 2786 318 2825 apogaeo
348 2774 619 2826 epicyclim).
677 2777 788 2816 Tunc
818 2789 949 2816 eorum
978 2786 1107 2817 motus
1139 2778 1263 2817 diurni
1293 2785 1524 2828 apparentes
1561 2779 1635 2817 sub
1665 2778 1828 2818 zodiaco
1857 2779 1919 2819 his

139 2834 317 2872 extremis
348 2833 589 2883 explicantur
614 2837 802 2873 numeris:
834 2835 989 2876 Saturni
1021 2836 1176 2886 quidem
1207 2838 1304 2875 inter
1336 2839 1357 2874 7
1391 2843 1429 2875 et
1450 2838 1474 2874 8
1504 2838 1654 2875 minuta
1683 2838 1796 2876 unius
1812 2849 1919 2887 ⁴gra-

139 2889 229 2938 dus,
266 2890 381 2929 Jovis
412 2892 510 2930 inter
542 2892 592 2929 13
625 2896 665 2931 et
697 2893 766 2939 18,
805 2892 942 2932 Martis
971 2895 1071 2933 inter
1101 2895 1154 2933 39
1187 2899 1225 2932 et
1257 2895 1332 2941 50,
1373 2893 1536 2932 Veneris
1565 2895 1664 2933 inter
1696 2895 1747 2932 73
1779 2899 1819 2934 et
1849 2897 1915 2946 76,

138 2945 319 2986 Mercurii
348 2950 446 2987 inter
476 2950 530 2987 90
560 2955 599 2988 et
631 2950 710 2987 135
742 2951 903 2989 circiter.
964 2950 1115 3000 Quibus
1146 2951 1244 2990 adde
1274 2954 1402 2989 motus
1422 2951 1525 2990 Solis
1555 2953 1653 2990 inter
1682 2953 1735 2990 5⁷
1766 2956 1805 2991 et
1834 2951 1915 3003 61¹,

139 3004 275 3045 Lunae
303 3007 402 3044 inter
434 3008 481 3044 11
516 3011 555 3044 et
590 3008 639 3044 15
670 3007 825 3056 gradus.
883 3007 1022 3058 Itaque
1050 3009 1206 3059 Jupiter
1235 3007 1353 3058 duplo
1385 3009 1548 3048 celerior
1575 3021 1659 3048 esse
1688 3006 1818 3059 potest
1839 3010 1916 3050 Ss-

140 3057 270 3111 turno,
312 3074 389 3114 quo
428 3062 545 3102 modo
584 3064 681 3105 baec
710 3064 801 3115 biga
831 3066 1115 3116 comparabitur
1144 3077 1230 3106 cum
1260 3068 1512 3107 consonantia
1550 3067 1749 3120 diapason.
1808 3067 1915 3110 Mars

208 3141 333 3180 xenion
350 3142 448 3177 open
463 3142 500 3171 v.
1656 3137 1709 3176 26
