1994 3276
141 97 225 135 290
661 94 718 129 De
742 93 902 129 Motibus
925 93 1157 129 Planetarum
1185 94 1422 133 Harmonicis.

139 211 267 251 vallis.
326 210 491 250 Notabis
521 210 701 260 amplius,
733 211 1013 262 planetariam
1023 212 1181 251 Saturni
1211 219 1251 252 et
1279 213 1396 252 Jovis
1426 215 1611 265 majorem
1637 218 1823 258 excedere
1852 219 1945 258 har-

139 271 345 318 monicam,
377 269 526 308 scilicet
556 269 731 318 triplam,
775 273 994 320 quantitate
1023 271 1103 309 fere
1133 276 1260 320 tanta,
1303 278 1450 322 quanta
1480 279 1540 313 est
1569 274 1734 317 Veneris
1770 280 1944 328 propria3

140 334 179 367 et
209 328 436 367 tantundem
476 327 554 366 fere
587 328 722 366 deesse
754 331 949 367 communi
987 330 1123 379 majori
1155 330 1295 368 Martis
1326 337 1366 369 et
1395 331 1583 382 Telluris,
1625 335 1942 385 convergentium

140 391 179 426 et
210 386 505 436 divergentium.
567 386 731 424 Notabis
762 389 888 435 tertio,
920 388 999 426 sere
1029 389 1066 425 in
1099 390 1364 438 superioribus
1394 401 1480 429 esse
1507 391 1730 432 harmonias
1751 393 1944 433 stabilitas

138 446 238 484 inter
269 450 571 495 convergentes,
603 450 644 483 at
684 447 722 482 in
764 446 1009 484 inferioribus
1047 448 1146 484 inter
1175 453 1303 485 motus
1345 448 1522 497 ejusdem
1555 450 1711 500 plagae.
1773 451 1878 490 Nota
1907 458 1946 491 et

139 509 290 554 quarto,
322 505 421 541 inter
450 502 609 541 Saturni
639 507 676 541 et
708 503 876 543 Telluris
909 504 1084 554 aphelios
1116 517 1202 544 esse
1222 508 1396 555 proxime
1417 509 1588 558 quinque
1611 509 1823 560 diapason3
1852 519 1944 549 nam

136 574 227 612 pars
269 563 465 601 tricesima
505 560 678 600 secunda
714 562 766 601 de
808 563 877 600 57¹
910 565 964 600 3“
1008 569 1066 602 cst
1113 565 1150 602 1‘
1182 563 1287 612 47¹¹,
1334 576 1421 603 cum
1462 565 1640 617 aphelius
1671 568 1829 607 Saturni
1869 569 1942 608 ha-

139 621 231 659 beat
266 622 304 659 1‘
336 621 433 659 46⁰.
1694 670 1701 673 ,

252 679 373 717 Porro
404 689 589 727 magnum
621 676 823 716 discrimen
858 679 1017 718 interest
1054 680 1154 717 inter
1183 680 1398 729 explicatas
1428 682 1669 732 singulorum
1700 684 1943 734 planetarum

136 737 358 776 harmonias
398 742 437 776 et
467 738 571 774 inter
606 735 843 785 junctorum.
904 737 1004 775 Nam
1045 738 1137 776 illae
1170 738 1325 787 quidem
1356 739 1493 778 eodem
1531 744 1716 792 temporis
1746 750 1943 784 momento

137 797 304 835 existere
333 807 412 834 non
442 799 624 845 possunt,
665 794 738 833 hae
769 806 861 833 vero
894 797 1052 834 omnino
1083 802 1269 847 possunt,
1303 799 1395 847 quia
1435 798 1537 843 idem
1570 801 1752 853 planeta,
1785 814 1943 841 versans

136 855 176 890 in
207 866 279 893 suo
312 853 490 904 aphelio,
531 864 608 891 non
648 853 763 891 simul
802 858 931 904 potest
967 866 1052 893 esse
1091 859 1130 893 et
1166 855 1204 892 in
1239 858 1418 906 opposito
1458 858 1666 908 perihelio,
1707 865 1749 898 at
1778 860 1941 901 duorum

134 912 381 962 planetarum
419 911 516 950 alter
545 913 582 948 in
614 922 685 949 suo
718 912 892 961 aphelio,
932 912 1031 951 alter
1069 914 1108 950 iu
1140 925 1211 951 suo
1250 914 1438 964 perihelio
1469 922 1636 965 possunt
1674 928 1760 956 esse
1804 918 1941 958 eodem

135 972 320 1021 temporis
351 975 560 1010 momento.
622 969 812 1019 Adeoque
845 982 945 1020 quae
975 973 1174 1021 proportio
1216 978 1275 1010 est
1306 979 1442 1011 cantus
1473 975 1661 1024 simplicis
1699 987 1771 1015 seu
1801 988 1940 1016 mono·-

137 1028 244 1078 diae,
286 1042 403 1079 quam
447 1027 643 1067 choralem
675 1030 864 1067 musicam
897 1029 1060 1067 dicimus
1104 1034 1143 1068 et
1174 1041 1275 1079 quac
1307 1031 1393 1069 sola
1432 1034 1630 1072 veteribus
1669 1034 1743 1073 fuit
1773 1037 1940 1084 cognita,

135 1088 187 1126 ad
218 1093 373 1128 cantum
404 1087 573 1138 plurium
595 1098 746 1136 vocum,
779 1087 982 1137 figuratum
1005 1087 1162 1136 dictum,
1195 1090 1395 1127 inventum
1422 1093 1684 1139 proximorum
1707 1093 1938 1142 seculorum,

135 1146 271 1185 eadem
303 1152 361 1186 est
391 1147 589 1197 proportio
620 1145 928 1194 harmoniarum,
972 1159 1070 1196 quas
1102 1147 1244 1195 singuli
1276 1147 1483 1197 designant
1512 1149 1718 1200 planetae,
1765 1151 1816 1189 ad
1847 1152 1939 1190 har-

133 1208 286 1244 monias
311 1205 547 1255 junctorum.
608 1204 746 1253 Itaque
775 1205 855 1254 jam
886 1217 1000 1255 porro
1033 1217 1117 1255 cap.
1144 1208 1179 1243 5.
1213 1210 1251 1243 et
1274 1206 1310 1244 6.
1349 1207 1492 1256 singuli
1522 1209 1704 1257 planetae
1735 1220 1941 1260 compara-

133 1264 277 1302 buntur
307 1276 394 1302 cum
425 1266 573 1301 musica
605 1263 750 1301 chorali
782 1269 955 1302 veterum
987 1265 1149 1314 ejusque
1180 1266 1436 1313 proprietates
1475 1267 1513 1303 in
1543 1266 1787 1316 planetarum
1818 1271 1939 1307 moti—

133 1322 206 1361 bus
248 1322 516 1371 ostendentur3
559 1326 600 1359 at
636 1322 829 1372 capitibus
872 1323 1126 1371 sequentibus
1149 1322 1277 1371 juncti
1307 1323 1489 1372 planetae
1539 1337 1625 1363 cum
1655 1325 1822 1375 figurata
1850 1339 1938 1365 mo-

134 1379 253 1420 derna
282 1382 431 1420 musica
460 1381 571 1430 paria
601 1380 727 1419 facere
759 1379 1135 1419 demonstrabuntur.
1183 1388 1187 1393 ’

899 1537 1087 1582 CAPUT
1125 1537 1173 1582 V.

132 1634 179 1668 In
204 1634 588 1679 proportionibus
612 1638 808 1669 motuum
834 1633 1198 1678 planetariorum
1223 1633 1547 1678 apparentium
1572 1635 1641 1679 (ex
1659 1629 1764 1670 Sole
1782 1637 1932 1672 veluti

132 1692 469 1738 spectantibus)
502 1703 721 1738 expressa
756 1702 854 1727 esse
889 1691 993 1726 loca
1029 1691 1317 1736 systematis,
1356 1701 1433 1726 seu
1469 1692 1624 1728 claves
1662 1693 1814 1729 scalae
1847 1705 1934 1729 mu·
1972 1686 1974 1688 V

542 1750 682 1793 sicae,
708 1754 751 1785 et
775 1759 941 1795 genera
964 1754 1144 1796 cantus,
1171 1749 1268 1784 duri
1294 1754 1336 1784 et
1360 1749 1519 1785 mollis.

249 1846 363 1896 Quod
403 1847 520 1897 igitur
559 1848 658 1886 inter
697 1847 770 1885 hos
812 1846 1018 1885 duodecim
1059 1849 1243 1885 terminos
1286 1858 1354 1884 seu
1395 1851 1522 1884 motus
1565 1846 1811 1896 planetarum
1853 1859 1934 1896 sex,

131 1904 263 1943 Solem
296 1907 687 1956 circumcurrentium,
720 1917 871 1943 sursum
903 1905 1083 1943 deorsum
1114 1911 1152 1943 ct
1183 1915 1496 1954 quaquaversum
1532 1910 1636 1943 stent
1666 1907 1935 1956 proportiones

135 1963 402 2010 harmonicae,
437 1969 507 2001 aut
538 1964 682 2001 talibus
714 1964 814 2000 intra
835 1964 1055 2001 insensilem
1079 1969 1225 2013 partem
1244 1964 1420 2000 concinni
1439 1965 1585 2001 minimi
1604 1965 1817 2012 proximae,
1849 1976 1941 2015 pro-

130 2022 266 2060 batum
297 2027 356 2060 est
385 2021 573 2060 hactenus
605 2034 673 2072 per
702 2033 882 2060 numeros
914 2021 1003 2059 hinc
1035 2034 1082 2059 ex
1115 2023 1368 2068 astronomia,
1405 2020 1496 2058 inde
1527 2033 1575 2060 ex
1605 2021 1830 2061 harmonica
1859 2034 1935 2072 pe-

130 2081 237 2118 titos.
301 2079 638 2129 Quemadmodum
670 2091 762 2117 vero
794 2079 892 2117 libro
924 2080 1037 2118 tertio
1069 2082 1232 2128 primum
1266 2079 1508 2116 harmonicas
1524 2081 1794 2128 proportiones
1824 2091 1935 2119 seor-

131 2139 204 2176 sim
235 2138 410 2188 singulas
443 2140 611 2176 eruimus
644 2139 770 2187 capite
801 2139 947 2187 primo,
988 2144 1079 2174 tunc
1119 2138 1274 2176 demum
1313 2137 1440 2186 capite
1471 2137 1643 2176 secundo
1687 2149 1754 2176 eas
1785 2150 1932 2184 omnes,

131 2202 326 2247 quotquot
356 2201 475 2244 erant,
509 2198 548 2233 in
579 2207 698 2233 unum
730 2207 932 2233 commune
961 2200 1133 2244 systema
1163 2206 1232 2233 seu
1264 2195 1410 2232 scalam
1438 2197 1624 2234 musicam
1655 2198 1932 2247 compegimus,

131 2256 208 2293 imo
239 2257 370 2305 potius
403 2267 520 2293 unam
561 2266 693 2291 earum
725 2253 935 2304 diapason,
979 2265 1078 2302 quae
1120 2258 1266 2291 ceteras
1307 2257 1501 2302 potestate
1539 2254 1825 2304 complectitur,
1864 2266 1934 2305 per
1993 2285 1994 2293 ,

130 2313 219 2351 illas
251 2319 398 2352 ceteras
430 2315 468 2350 in
499 2313 641 2363 gradus
672 2323 742 2350 seu
773 2312 860 2350 loca
881 2323 951 2349 sua
983 2311 1197 2359 divisimus,
1231 2322 1354 2360 eaque
1385 2323 1436 2359 re,
1474 2316 1518 2349 ut
1548 2312 1654 2350 scala
1683 2318 1805 2360 esset,
1838 2313 1932 2351 effe·
1975 2351 1981 2358 γ

130 2372 272 2420 cimus,
318 2373 375 2410 sic
405 2383 508 2409 nunc
539 2382 721 2421 quoque,
765 2371 932 2408 inventis
964 2369 1195 2416 harmoniis,
1239 2379 1337 2418 quas
1368 2370 1477 2407 Deus
1508 2371 1591 2420 ipse
1622 2372 1659 2407 in
1690 2370 1834 2408 mundo
1866 2373 1931 2407 in-
1973 2362 1994 2389 Ψ

129 2431 368 2481 corporavit,
401 2431 577 2479 sequitur
608 2434 651 2466 ut
681 2428 905 2476 videamus,
938 2439 1029 2465 num
1060 2429 1115 2465 ita
1145 2427 1321 2476 singulae
1354 2432 1456 2465 stent
1485 2430 1666 2476 seorsim,
1706 2435 1752 2467 ut
1781 2428 1928 2467 nullam

130 2499 218 2527 cum
248 2489 407 2538 reliquis
429 2489 701 2538 cognationem
730 2486 914 2534 habeant,
947 2498 995 2523 an
1017 2497 1110 2523 vero
1132 2497 1265 2523 omnes
1296 2486 1395 2524 inter
1414 2497 1456 2524 se
1477 2488 1732 2526 consentiant.
1791 2485 1928 2535 Quan—
1962 2486 1970 2520 ζ’

126 2558 244 2596 quam
266 2547 379 2585 facile
402 2551 460 2584 est
492 2546 555 2584 vel
576 2548 658 2583 sine
679 2545 853 2582 ulteriori
874 2545 1124 2593 inquisitione
1142 2543 1387 2591 concludere,
1418 2544 1640 2582 harmonias
1661 2545 1757 2583 istas
1773 2556 1924 2583 summo

136 2604 299 2643 consilio
332 2605 387 2643 sic
407 2605 575 2642 invicem
605 2607 760 2652 aptatas
791 2613 888 2651 esse,
922 2606 962 2639 ut
994 2604 1094 2639 intra
1124 2613 1240 2639 unam
1271 2600 1392 2639 veluti
1420 2613 1646 2652 compagem
1677 2614 1763 2641 sese
1793 2607 1927 2641 mutuo
1963 2631 1966 2637 ,

127 2663 270 2710 ferant,
302 2673 375 2701 nec
404 2674 483 2700 una
512 2661 629 2699 aliam
661 2660 803 2708 elidat3
845 2661 987 2710 quippe
1017 2671 1102 2698 cum
1135 2659 1356 2708 videamus,
1402 2661 1441 2697 in
1472 2665 1551 2698 tam
1583 2660 1786 2710 multiplici
1818 2672 1926 2699 com-
1958 2682 1960 2684 v

127 2722 329 2770 paratione
361 2720 569 2759 eorundem
600 2720 847 2758 terminorum
879 2719 1056 2767 nuspiam
1086 2729 1162 2755 non
1195 2729 1391 2756 occurrere
1412 2718 1646 2758 harmonias.
1707 2718 1792 2756 Nisi
1822 2720 1924 2757 enim
1949 2752 1966 2773 ,v

129 2790 262 2818 omnes
294 2779 474 2818 omnibus
507 2783 664 2828 aptatae
696 2782 825 2816 essent
855 2777 893 2812 in
924 2787 1041 2813 unam
1073 2775 1241 2821 scalam,
1275 2776 1387 2814 facile
1419 2777 1500 2814 fieri
1529 2777 1722 2826 potuisset
1751 2773 1814 2829 (et
1841 2777 1925 2815 fac-
1950 2777 1967 2815 5

129 2841 210 2875 tum
251 2841 310 2876 est
338 2839 505 2886 passim,
545 2836 775 2875 necessit-ate
811 2834 868 2871 sic
907 2830 1111 2886 urgente),
1155 2839 1196 2871 ut
1233 2834 1362 2884 plures
1394 2834 1657 2873 dissonantiae
1700 2836 1922 2873 existerent.

130 2893 182 2933 Ut
212 2897 244 2933 si
271 2897 363 2948 quis
393 2897 494 2934 inter
523 2896 688 2946 primum
719 2896 757 2931 et
786 2891 998 2930 secundum
1027 2893 1232 2930 terminum
1264 2893 1517 2931 constitueret
1546 2897 1697 2931 sextam
1721 2891 1921 2942 maiorem,

128 2954 226 2991 inter
255 2952 468 2991 secundum
499 2958 537 2991 et
567 2954 723 2992 tertium
753 2950 904 2988 tertiam
934 2949 1066 2988 itidem
1098 2950 1297 2999 majorem,
1343 2953 1426 2988 sine
1455 2955 1632 3000 respectu
1663 2951 1822 3000 prioris,
1853 2950 1918 2988 hic

127 3011 226 3049 inter
245 3011 408 3060 primum
429 3017 467 3050 et
487 3012 642 3049 tertium
663 3009 880 3049 admitteret
902 3006 1181 3046 dissonantiam
1201 3014 1239 3046 et
1259 3006 1504 3047 intervallum
1519 3009 1788 3047 inconcinnum
1814 3004 1918 3061 ¹²s25·

244 3070 328 3117 Age
359 3081 451 3108 vero
483 3069 696 3117 videamus,
728 3078 778 3106 an
810 3065 913 3115 quod
939 3065 1022 3114 jam
1052 3066 1319 3105 ratiocinando
1350 3065 1588 3116 collegimus,
1619 3065 1661 3104 id
1687 3066 1835 3115 reipsa
1863 3065 1920 3104 sic
