1994 3276
882 80 1072 145 Apologia.
1334 104 1341 120 .
1477 72 1482 75 ’
1788 92 1871 135 4⁵9
1936 81 1943 87 '

81 220 129 259 ut
153 227 273 268 snpra
299 216 355 262 ‚ad
380 216 498 257 finem
528 217 684 268 analys.
710 216 791 259 XL
817 217 956 257 sedulo
987 219 1089 260 cavi.
1148 215 1379 257 Accidentia
1406 225 1502 254 vero
1522 225 1608 266 ,pro
1637 212 1871 259 substantia.
1916 215 1929 219 ’

0 308 7 316 ,
82 274 231 318 motuis
267 286 343 326 pro
373 282 519 315 natura
559 276 660 315 lucis
694 277 876 327 nuspiam
914 277 1087 327 accipio,
1135 274 1205 314 sed
1246 286 1334 314 cum
1379 273 1536 312 diversa
1573 274 1654 312 sint
1693 270 1873 319 regiones

81 333 329 383 planet-mm
365 338 406 373 et
446 340 576 373 motus
614 345 685 385 per
719 345 811 381 eas,
853 336 1008 384 utrique
1046 335 1102 373 rei
1142 345 1255 373 suum
1292 343 1379 372 ease
1399 336 1588 379 ‚ornatum
1627 342 1652 369 a
1680 329 1874 380 sapientia
1942 351 1954 358 x

9 428 14 435 .
82 392 268 433 &sanies
294 393 499 432 inventum
527 392 671 432 doceo:
709 392 935 442 regionibus
964 392 1122 443 quidem
1166 397 1210 431 ut
1246 391 1375 441 spatio
1415 401 1577 440 corpora
1607 388 1780 439 quinque
1808 398 1893 425 rem

82 449 255 499 gularia,
274 451 412 501 ,spatii
441 452 666 502 participia,
702 451 875 490 motibus
907 462 1001 490 vero
1030 451 1300 502 proportiones
1331 448 1587 488 harmonicas.
1645 446 1736 484 Tibi
1766 456 1872 492 vero,

82 506 271 554 Roboeoe,
309 506 404 559 quid
434 510 633 560 imputem,
662 509 781 548 audi:
820 508 936 548 video
973 510 1076 548 enim
1106 515 1145 548 te
1182 507 1224 546 id
1252 518 1331 546 non
1367 512 1471 545 recte
1510 506 1731 557 percepisse
1759 503 1873 542 flam-

81 574 231 605 matum
259 565 331 614 ira,
364 566 471 617 quod
500 568 649 618 scripsi,
680 572 720 607 te
748 569 904 618 privata
932 569 1085 617 pictura
1114 565 1301 606 mundum
1332 566 1463 604 animo
1483 569 1552 603 tuo
1578 564 1873 612 circumgestare

82 624 231 673 tibique
261 629 371 664 tuum
401 624 512 664 illum
550 630 782 676 conceptum
819 625 954 664 mundi
991 625 1215 674 subjeetum
1253 634 1340 663 esse
1383 623 1636 661 harmonices.
1696 620 1758 659 Tu
1787 621 1869 659 sci-

84 682 177 721 licet
213 682 401 722 mundum
437 684 477 721 in
518 689 597 723 tres
633 685 813 733 regiones
849 683 1012 730 dividis,
1055 683 1130 722 hoc
1168 682 1325 733 quidem
1364 682 1561 732 privatum
1599 678 1771 718 nondum
1801 683 1873 729 est,

23 767 30 785 .
83 739 188 779 idem
217 741 323 780 enim
351 747 391 780 et
419 741 488 779 alii
518 742 692 781 fecerunt
719 748 812 781 ante
841 748 904 789 te3
937 742 1022 792 ,iam
1053 752 1145 780 vero
1181 739 1358 790 singulas
1398 741 1578 790 regiones
1616 740 1655 775 in
1692 737 1773 776 alia
1802 738 1875 775 tria

82 797 325 848 subdividis,
364 799 542 848 singulos
571 799 816 850 planetarum
853 801 989 848 orbes,
1027 798 1184 850 singula
1223 798 1439 845 elementa,
1476 804 1569 836 tunc
1608 795 1725 834 ducta
1753 796 1874 834 semi·

83 855 530 908 diametro,.particulas
559 858 645 908 ejus
675 857 850 909 applicas
881 864 1050 908 quantas
1079 857 1191 898 lubet
1208 857 1383 906 facisque
1403 853 1720 900 monochordum,
1753 854 1873 891 vestis

86 913 185 953 illud
216 914 362 965 duplici
401 915 603 966 pyramide
628 916 790 966 jamque
821 928 867 956 ex
898 916 974 955 hac
1001 917 1166 966 pictura,
1196 927 1315 965 quam
1334 919 1487 965 praeter
1507 919 1544 954 te
1576 913 1727 951 invenit
1746 923 1873 959 nemo,

84 971 311 1012 harmonius
341 972 462 1013 elicis.
522 973 653 1013 Nolim
683 974 759 1014 hoe
787 974 980 1022 crederes,
1011 976 1139 1025 ipsam
1167 985 1236 1025 per
1263 984 1308 1013 se
1345 975 1535 1024 picturam
1573 971 1675 1010 hauc
1709 970 1804 1009 mibi
1836 971 1872 1007 in

80 1031 212 1069 animo
239 1042 327 1070 esse
365 1031 413 1070 de
450 1032 629 1082 subjecto
672 1038 762 1072 tuae
793 1032 1037 1071 harmonices
1068 1032 1278 1083 cogitanti,
1318 1032 1401 1070 scio
1440 1032 1495 1070 rei
1527 1028 1679 1080 aliquid
1709 1029 1871 1067 subesse

22 1138 33 1146 ο
83 1090 124 1126 iu
166 1094 234 1129 tuo
276 1095 465 1140 conceptu
476 1103 488 1140 ς
531 1097 572 1129 at
612 1090 708 1129 illud
740 1090 1003 1140 jamdudum
1042 1090 1144 1129 ultro
1181 1090 1310 1128 fassus
1347 1101 1409 1137 es,
1453 1095 1492 1128 te
1532 1088 1756 1127 harmonias
1786 1092 1874 1125 tuas

81 1148 238 1185 nonnisi
268 1147 462 1187 mediante
502 1148 575 1187 hac
605 1154 674 1187 tua
702 1150 857 1199 privata
899 1148 1033 1187 mnndi
1063 1150 1214 1199 pictura
1253 1138 1429 1198 partibus
1466 1146 1600 1186 mundi
1638 1144 1873 1195 applicasse.

82 1204 176 1254 Ipsa
212 1205 284 1244 tibi
312 1205 381 1244 lux
410 1208 613 1245 materiam
651 1207 876 1257 suppeditat
912 1209 1014 1254 scio,
1058 1214 1099 1246 at
1140 1205 1361 1257 pyramides
1389 1211 1483 1245 tuae
1526 1205 1620 1243 dant
1659 1203 1797 1243 modos
1835 1209 1873 1241 et

82 1261 279 1312 quandam
308 1263 432 1303 veluti
462 1276 700 1313 mensuram,
741 1265 824 1304 sine
857 1266 999 1315 quibus
1036 1264 1164 1304 modis
1200 1275 1459 1314 mensuraque
1498 1263 1607 1302 nulla
1635 1263 1799 1301 materia
1822 1263 1873 1299 in

82 1320 204 1359 ullam
231 1319 473 1361 harmoniam
504 1324 703 1372 congruit,
733 1325 808 1361 nisi
839 1329 881 1362 tu
911 1324 1010 1362 sorte
1040 1323 1218 1373 abjures,
1249 1328 1308 1371 te,
1349 1333 1437 1370 cum
1468 1321 1711 1361 diatessaron
1744 1319 1875 1371 appli-

7 1430 11 1435 ,
83 1390 192 1417 cares
223 1380 454 1426 mundanis,
495 1379 543 1419 de
573 1381 684 1420 nulla
713 1381 830 1431 plane
860 1393 1043 1421 mensura
1080 1392 1292 1420 numerove
1334 1382 1542 1430 cogitasse.
1600 1378 1696 1418 Jam
1724 1383 1807 1417 tute
1838 1386 1875 1417 te

82 1435 285 1486 recollige,
315 1437 507 1486 Roberte,
539 1444 744 1489 tecumque
775 1440 972 1491 expende,
1012 1438 1210 1490 quodnam
1239 1438 1422 1490 probrum
1461 1440 1499 1476 in
1529 1443 1567 1477 te
1599 1437 1818 1486 conjectum
1850 1449 1874 1475 a

81 1506 144 1534 me
173 1496 243 1542 sit,
264 1494 372 1544 ,dum
404 1497 473 1534 tibi
504 1508 579 1547 ego
608 1500 796 1546 picturae
829 1498 977 1537 mundi
1012 1509 1165 1545 novae,
1202 1497 1279 1537 hoc
1308 1502 1367 1536 est
1389 1499 1582 1547 privatae
1610 1496 1874 1535 inventionem

62 1559 188 1592 *meso
199 1593 203 1595 a
216 1555 354 1593 merito
384 1560 454 1593 tuo
484 1557 698 1601 assignavi.

198 1610 270 1649 Ad
300 1612 541 1663 Analysin
572 1612 734 1652 XXVI.
794 1613 1029 1663 Ecquisnam
1059 1613 1123 1652 hie
1153 1612 1312 1663 Keplerl
1342 1611 1582 1661 triumphus,
1620 1612 1688 1661 qui
1718 1611 1878 1662 paean?

82 1668 281 1719 quoduam
319 1670 491 1709 laudum
529 1683 718 1710 mearum
749 1671 1088 1710 monumentum?
1130 1671 1224 1719 quid
1263 1672 1431 1719 ingenue
1469 1669 1611 1716 fateor,
1653 1670 1717 1707 vel
1756 1671 1876 1708 totius

81 1729 212 1777 operis
247 1729 327 1765 mei
362 1730 552 1767 notitiam
592 1742 618 1767 a
645 1731 843 1778 mysteriis
873 1732 953 1768 tuis
989 1730 1215 1777 lonyissime
1249 1728 1382 1767 adhuc
1411 1727 1567 1766 abesse?
1626 1727 1727 1766 Nam
1770 1727 1874 1776 quod

80 1785 488 1824 danmmrationibus
514 1787 809 1825 mathematicis
839 1789 1184 1826 accuratissimam
1215 1786 1491 1824 certitudinem
1531 1796 1690 1834 arrogo,
1728 1785 1768 1823 id
1798 1796 1875 1822 non

9 1879 15 1884 .
81 1842 134 1881 ad
162 1853 225 1881 me
254 1845 458 1893 privatim,
489 1844 557 1883 sed
587 1844 638 1883 ad
668 1846 792 1894 ipsam
822 1846 1023 1884 scientiam
1053 1846 1229 1895 pertinet.
1289 1842 1365 1892 Qui
1397 1855 1489 1882 vero
1528 1843 1726 1882 dedecoris
1756 1843 1875 1892 abys-

0 1937 7 1944 ‚
81 1912 149 1939 sus
177 1901 425 1950 quomodove
456 1903 494 1939 in
529 1914 617 1940 eum
649 1903 810 1953 famam
840 1909 957 1941 tuam
985 1903 1175 1951 detrudo,
1218 1901 1322 1952 quod
1363 1902 1514 1940 tradere
1544 1907 1583 1940 tc
1626 1901 1713 1940 dico
1743 1901 1877 1951 philo·-
1936 1939 1938 1942 ,

0 1967 1 1973 ’
82 1958 263 2008 sophiam
306 1959 669 2010 profundissimam,
711 1960 805 2010 quid
846 1962 1030 2011 mysteria
1069 1962 1108 1998 in
1146 1960 1216 1997 illa
1253 1960 1426 1998 conferta
1467 1957 1717 2011 celebro?⁵·“)
1751 1959 1875 2010 ‘Nam

85 2016 192 2066 quod
221 2017 515 2068 perplexissima
547 2019 830 2069 illa-mysteria
860 2019 956 2065 dixi,
988 2018 1026 2056 id
1057 2019 1189 2057 nescio
1221 2020 1286 2068 qui
1317 2023 1360 2055 tu
1390 2018 1484 2055 mihi
1505 2018 1728 2068 exprobres,
1760 2029 1874 2066 quem

82 2085 132 2112 uc
162 2074 334 2123 dignaris
364 2076 523 2125 quidem
553 2076 704 2115 erudire
745 2078 897 2126 scriptis
929 2078 1024 2125 tuis;
1065 2077 1201 2114 scribis
1232 2077 1335 2114 euim
1375 2076 1468 2125 filiis
1495 2078 1745 2125 sapientiae,
1787 2087 1874 2113 eum

86 2143 149 2171 me
178 2132 301 2170 filium
332 2135 584 2182 ignorantiae·
605 2146 832 2184 persuasum
863 2135 1021 2173 habeas.
1057 2134 1179 2180 ¹Mihi
1210 2135 1342 2182 itaque
1381 2135 1534 2183 meique
1563 2134 1755 2172 similibus
1786 2146 1874 2183 my-

83 2191 207 2229 steria
238 2197 306 2229 tua
334 2192 518 2242 perplexa
550 2198 652 2237 sunt,
683 2192 723 2229 id
753 2198 812 2231 est
852 2194 1037 2243 mysteria
1067 2193 1183 2242 culpa
1213 2199 1281 2230 tua
1311 2197 1555 2241 tuorumque,
1593 2203 1693 2240 quos
1723 2191 1874 2238 laudam,

85 2259 223 2286 roseae
256 2251 385 2286 crucis
419 2250 623 2300 fratrum,
664 2251 731 2299 qui
764 2251 945 2301 „fugiunt
975 2250 1026 2289 ad
1060 2250 1223 2298 salices,
1262 2256 1300 2288 et
1329 2262 1370 2287 se
1391 2251 1554 2299 eupiunt
1584 2256 1674 2287 ante
1705 2248 1871 2287 videri.“

84 2305 172 2354 Age
220 2317 391 2355 namque
435 2309 509 2345 nisi
550 2307 764 2346 doctrinam
805 2310 954 2358 jactent
994 2310 1079 2358 ipso
1125 2307 1339 2357 Evangelio
1389 2307 1548 2345 coelesti
1592 2308 1872 2356 pretiosiorem,

88 2362 284 2413 prodeant
313 2366 353 2402 in
384 2365 582 2403 hominum
614 2366 880 2415 frequentiam,
912 2366 961 2405 ad
982 2377 1088 2404 mare
1105 2365 1319 2411 Galilaeae,
1353 2366 1388 2401 in
1420 2370 1608 2411 montem,
1640 2364 1689 2403 ad
1721 2365 1873 2411 festum,

83 2421 280 2459 dimittant
321 2422 534 2472 discipulos
572 2435 641 2473 per
669 2424 832 2462 castella
876 2429 914 2463 et
944 2426 1074 2470 vicos,
1117 2429 1209 2461 tunc
1248 2423 1475 2471 loquantur,
1517 2422 1549 2460 si
1589 2424 1646 2460 ita
1674 2422 1790 2470 libet,
1834 2424 1872 2460 in

81 2478 279 2527 parabolis
309 2481 517 2530 perplexis,
549 2482 702 2531 copiam
733 2483 794 2519 sui
827 2483 1006 2531 privatim
1037 2481 1422 2520 conventurientibus
1441 2480 1585 2518 saciant
1615 2485 1653 2518 et
1685 2485 1778 2518 tunc
1796 2482 1871 2518 nisi

81 2543 362 2586 percontemur,
393 2539 467 2576 nisi
499 2538 705 2586 discamus,
737 2539 1006 2588 perplexitatis
1036 2538 1189 2588 eulpam
1219 2549 1291 2576 nos
1314 2538 1603 2576 sustinebimus.
1664 2538 1713 2576 Et
1743 2538 1872 2587 quod-

80 2605 172 2631 nam
202 2594 277 2633 hoc
306 2596 359 2632 sit
389 2597 651 2645 opprobrium,
683 2597 788 2646 qnod
820 2597 919 2645 dico,
952 2604 1021 2635 tua
1050 2597 1235 2646 mysteria
1260 2596 1311 2633 ab
1332 2597 1623 2634 accuratissima
1642 2596 1872 2636 certitudine

84 2651 455 2690 demonstrationum
484 2653 1098 2707 mathematicarumblongissime
1127 2655 1345 2699 recessisse,
1379 2665 1465 2691 curn
1495 2659 1537 2691 tu
1569 2655 1652 2704 ipse
1682 2654 1721 2692 id
1744 2655 1871 2691 omni-

84 2710 159 2747 bus
189 2711 367 2758 paginis,
398 2711 579 2748 omnibus
607 2722 729 2761 prope
760 2712 1005 2751 lineis-ultro
1035 2711 1223 2750 fatearis?
1281 2710 1511 2760 Pyramidas
1541 2713 1690 2760 pingis,
1731 2723 1871 2750 nume-

83 2778 148 2804 ros
178 2772 218 2804 et
248 2778 448 2805 mensuras
477 2766 773 2807 mathematicas
802 2771 1001 2820 applicas,
1044 2781 1115 2808 nec
1145 2781 1211 2807 eas
1242 2770 1303 2806 vis
1342 2780 1413 2806 nos
1446 2770 1585 2808 intueri
1627 2769 1750 2807 oculis
1781 2782 1871 2808 rna-
1926 2789 1928 2791 >

82 2825 322 2870 thematicis,
365 2836 437 2864 nec
466 2824 663 2874 applicare
694 2828 837 2878 pateris
867 2829 1028 2870 circinos
1058 2826 1241 2865 metiendi
1278 2837 1407 2864 causa.
1470 2826 1767 2865 Mathematicas
1798 2828 1870 2867 de-

82 2883 382 2921 monstrationes
413 2882 513 2922 adeo
542 2883 677 2931 procul
708 2883 850 2930 habes,
895 2892 938 2923 nt
970 2887 1123 2924 disertis
1156 2884 1282 2921 verbis
1324 2895 1391 2921 eas
1421 2889 1646 2922 contemnas
1691 2887 1867 2935 interque

8 2939 23 2987 jz
83 2941 175 2978 vani
204 2942 344 2989 capitis
375 2939 512 2979 deliria
541 2940 709 2987 rejicias.
767 2941 829 2980 De
873 2942 1068 2992 mysteriis
1110 2941 1266 2980 tandem
1306 2952 1366 2978 me
1403 2942 1462 2978 ais
1502 2940 1623 2990 loqui.
1685 2938 1867 2983 Etiamne

84 2996 159 3036 hoc
187 3009 344 3047 quoque
376 2997 650 3037 vindicandum
680 2999 843 3037 censes?
892 3000 970 3039 Sed
1000 3014 1025 3039 a
1053 3007 1092 3038 te
1122 2998 1222 3036 male
1253 2998 1449 3036 intellecta
1479 2998 1600 3037 dico?
1646 3000 1735 3038 Non
1756 3001 1862 3049 dico;

40 3073 44 3076 >
84 3060 214 3104 potest
243 3058 331 3106 quis
361 3067 493 3095 secum
522 3057 606 3106 ipse
636 3057 781 3106 optime
812 3057 1028 3109 intelligere
1060 3062 1251 3095 secretum
1282 3056 1456 3105 aliquod,
1489 3056 1594 3106 quod
1622 3056 1866 3099 demonstra-
