1988 3276
803 158 860 196 Do
880 157 1087 196 Harmonia.
1782 158 1835 199 ⁷3

59 283 173 328 datur
198 281 319 325 netto
347 282 536 334 wjusqne
565 289 677 321 aras
702 278 746 318 in
773 277 864 319 duo.
922 276 966 318 Si
995 289 1089 330 ergo
1126 287 1327 328 compares
1355 275 1626 329 proportiones
1655 275 1837 318 minimas
1889 278 1896 291 '

58 337 266 394 trigonis-'u
293 342 392 381 inter
419 352 475 389 se,
505 351 559 380 sc.
589 338 616 396 ξ
645 349 733 379 mm
760 337 808 394 ff,
849 336 1052 377 minimum
1078 334 1326 377 intervallum
1355 335 1488 374 existit
1514 332 1564 391 ξς
1604 335 1668 374 sin
1703 341 1836 376 antem

57 401 333 453 What
361 410 450 439 cum
478 398 695 449 trigonich,
730 401 776 436 nt
802 396 838 435 si
865 406 1070 448 compares
1098 393 1126 451 ff
1155 405 1244 435 cum
1270 392 1321 451 ξ,
1358 392 1607 433 intervallum
1633 395 1836 436 minimum

58 460 133 499 erit
155 457 226 517 «κ.
282 457 451 498 Rursum
477 459 701 508 comparata
726 455 985 507 pentagonis·
1013 452 1046 511 θ
1073 465 1163 493 cum
1190 452 1381 503 trigonica
1410 451 1449 507 ff,
1479 456 1550 490 aut
1579 454 1837 504 pentagonica

57 516 87 572 ξ
112 516 417 567 ωἰιὶςωὶω
441 514 484 571 3,
513 515 644 554 οἰκῆι
669 512 728 569 1²6
756 512 981 552 differentia.
1041 510 1135 552 Jam
1163 522 1257 551 vero
1295 509 1543 550 intervallum
1573 509 1602 565 {-
1628 512 1835 563 utrobique

33 574 274 615 ‘adnutum
301 576 342 613 in
368 573 467 613 haec
494 574 653 612 ninirna
680 570 886 611 intervalla
913 571 988 610 tria
1018 569 1220 609 dividuum
1249 573 1329 619 est,
1359 569 1453 619 qnia
1481 566 1522 623 g,
1551 567 1621 623 ἦ,
1651 568 1711 626 ,H
1736 570 1836 610 Μ..

55 637 127 673 unt
153 632 194 689 ξ.
250 631 314 672 Ita
341 632 375 671 si
402 630 432 687 ξ
460 630 634 679 dividas,
663 631 828 682 primum
855 627 988 668 ablato
1018 626 1058 684 ξ,
1088 627 1253 667 restabit
1282 626 1323 682 ξ,
1353 625 1557 665 dividuum
1587 631 1631 665 ut
1658 629 1767 679 prins
1793 630 1835 667 in

53 689 294 749 *1257st
349 687 732 745 Itasigdividas,
778 685 991 742 ablatog,
1025 684 1257 741 manotst.
1319 683 1428 742 Etg
1465 689 1619 724 constat
1652 697 1700 725 ex
1736 684 1835 741 ξ-ει

55 747 124 806 st*
172 747 316 789 omes
343 749 461 798 igitur
478 746 701 786 harmoniae
721 746 987 798 primigenitae
1016 743 1243 783 dividuntur
1260 745 1301 783 in
1322 742 1421 783 haec
1438 741 1630 783 ela-enta
1658 755 1707 783 ex
1726 755 1835 784 com-

55 807 256 859 paratione
286 811 373 846 orta
400 806 659 858 proportionis
688 804 952 856 tetragonicae
983 814 1071 843 enm
1102 804 1259 852 ceteris3
1288 812 1362 842 nec
1395 801 1527 842 existit
1554 807 1707 854 praeter
1735 802 1835 844 haec

54 866 129 906 tria
156 863 404 905 intervallum
431 862 539 904 aliud
566 862 641 903 hac
669 862 823 914 quidem
853 862 931 902 via.

164 921 257 963 Jam
285 934 379 963 vero
408 922 443 961 si
473 932 738 973 comparamus
766 919 792 976 ξ
825 924 864 959 ει
889 918 932 977 -ξ,
962 923 1031 960 aut
1058 918 1088 975 ξ
1118 922 1158 958 ει
1185 917 1227 976 g,
1257 917 1379 958 oritur
1408 916 1475 974 ἒξ.
1523 916 1595 957 Est
1622 918 1741 968 igitur
1758 917 1836 958 hoc

52 980 299 1022 imur-llum
326 985 476 1020 tantum
514 978 671 1020 soboles
706 980 987 1031 pentagonicae
1025 978 1222 1017 sectionis.
1283 975 1394 1026 Quae
1423 987 1511 1015 cum
1547 977 1599 1016 sit
1633 977 1675 1014 in
1710 976 1835 1027 gradu

51 1039 246 1080 monui
274 1039 609 1079 ‹innocen-ationis
651 1037 770 1089 (latus
798 1037 902 1076 enim
938 1035 1128 1086 decagoni
1168 1039 1229 1075 est
1265 1031 1561 1086 irrationabile),
1600 1046 1679 1074 non
1718 1036 1837 1085 igitur

53 1096 244 1138 ordina-io
272 1096 328 1153 ἢ
355 1107 426 1149 pm
454 1097 643 1135 concinno
670 1095 846 1143 habetur,
875 1106 948 1135 nec
977 1095 1126 1133 canitur
1154 1094 1341 1133 continua
1369 1090 1502 1145 ἆγωγῃ.
1553 1092 1689 1132 Altera
1716 1104 1837 1133 causa

55 1155 175 1206 huju
201 1155 270 1204 rei,
299 1153 405 1206 quod
433 1154 639 1193 intervalla
666 1164 838 1193 consona
864 1164 944 1192 non
974 1151 1198 1192 dividuntur
1221 1163 1291 1204 per
1311 1149 1388 1208 ,ἷξε
1417 1162 1509 1190 nam
1537 1152 1572 1190 si
1600 1149 1837 1190 divideretur

124 1217 195 1253 aut
221 1214 262 1252 in
292 1225 399 1252 mera
419 1210 475 1268 {g
502 1211 747 1261 divideretur,
778 1210 884 1262 quod
911 1211 1064 1260 falsum,
1093 1216 1164 1251 aut
1191 1211 1231 1248 in
1260 1209 1359 1249 haec
1388 1213 1429 1248 et
1455 1209 1536 1248 alia
1565 1210 1671 1260 prins
1690 1210 1839 1248 consti-

59 1275 157 1311 tuta.
220 1270 428 1310 Auferatur
459 1269 512 1327 ἓξ
541 1283 567 1309 a
594 1270 635 1326 ξ,
665 1269 704 1308 id
734 1274 793 1308 est
820 1268 879 1325 ἕξ
907 1281 932 1308 a
960 1269 1031 1324 ξιξ,
1060 1273 1181 1310 restat
1208 1267 1262 1324 ξε
1295 1267 1359 1307 vel
1387 1266 1467 1323 ξ-ἓ,
1506 1278 1608 1317 quae
1638 1272 1730 1307 sunt
1758 1267 1836 1307 duo

87 1358 99 1369 .
157 1327 234 1368 Sed
264 1330 358 1379 quia
384 1327 415 1386 ξ
443 1334 503 1368 est
529 1329 656 1379 majus
686 1327 805 1379 duplo
835 1328 957 1379 ipsius
990 1326 1067 1383 33,
1105 1327 1302 1366 anferatur
1330 1326 1450 1376 igitur
1478 1325 1534 1383 ἕξ
1563 1337 1588 1364 a
1615 1324 1666 1382 -g,
1706 1325 1747 1364 id
1776 1331 1837 1365 est

0 1379 7 1383 ”
82 1385 104 1412 ⁴
165 1398 192 1426 a
218 1386 323 1444 {lg-3,
362 1390 484 1426 restat
511 1385 617 1442 4321,
658 1385 903 1425 intervallmn
931 1390 1049 1425 antea
1076 1396 1156 1425 non
1186 1385 1438 1425 constitutum
1466 1395 1515 1423 ex
1545 1385 1835 1435 comparatione

50 1445 349 1486 harmoniarum.
408 1443 553 1484 Contra
581 1455 675 1483 vero
703 1442 733 1499 ξ
761 1449 801 1483 ει
827 1443 887 1499 195
914 1448 1005 1484 sunt
1032 1444 1206 1495 proxime
1234 1441 1433 1492 aequales,
1464 1446 1505 1481 et
1532 1441 1591 1499 ἒξ
1618 1442 1743 1492 major
1773 1446 1834 1482 est

51 1501 212 1542 dimidio
239 1504 363 1555 ipsius
389 1501 420 1558 ξ
448 1507 487 1542 ει
515 1504 555 1541 in
583 1501 681 1541 haec
710 1503 784 1541 tria
812 1501 1018 1541 intervalla
1038 1502 1262 1541 dividuntur
1285 1511 1419 1540 omnes
1436 1499 1662 1540 harmoniae
1682 1505 1830 1540 exacte.

51 1560 183 1600 Tertia
211 1572 350 1611 causa,
379 1560 485 1611 quod
514 1559 670 1599 viliores
698 1564 789 1599 sunt
816 1559 1062 1609 harmoniae,
1094 1572 1205 1611 quae.
1223 1560 1387 1610 gignunt
1417 1557 1484 1615 ἐξ,
1516 1560 1659 1610 quippe
1688 1559 1832 1610 imper-

51 1618 176 1658 fectae
203 1611 351 1658 dictae:
387 1629 476 1658 cum
510 1617 563 1657 ad
590 1619 749 1669 genesin
786 1619 902 1658 trium
938 1618 1174 1669 reliquarum
1213 1621 1414 1658 concurrat
1451 1616 1515 1656 vel
1550 1618 1732 1669 utrinque
1762 1616 1825 1655 vel

51 1676 267 1727 altrobiqne
293 1675 475 1728 perfecta.
532 1675 692 1725 Quarta,
722 1675 827 1726 quod
857 1705 867 1715 .
899 1705 911 1715 .
942 1704 954 1715 .
982 1705 994 1715 .

164 1744 228 1776 ms
249 1745 458 1784 interrumpit
480 1742 592 1775 stilum
613 1743 786 1801 Kffplerus,
810 1748 843 1776 et
864 1743 946 1776 folio
969 1745 1122 1789 sequenti
1144 1744 1193 1776 sie
1214 1744 1335 1784 pergit:

163 1802 364 1850 Diameter
392 1805 432 1841 et
458 1801 582 1854 latera
609 1801 818 1852 figurarum
847 1802 1157 1854 corporificarum
1186 1800 1411 1842 rescindunt
1449 1800 1498 1841 de
1528 1800 1672 1841 circulo
1700 1804 1832 1852 partes

47 1862 171 1912 primo
199 1863 457 1900 comonantes
486 1871 574 1899 cum
603 1859 745 1900 circulo
775 1855 871 1901 totoss
918 1861 1089 1911 Figurae
1108 1871 1177 1911 per
1195 1871 1252 1908 se,
1274 1857 1475 1911 diameter,
1504 1860 1597 1910 quia
1626 1859 1711 1910 ejus
1730 1870 1830 1909 qna-

48 1918 199 1958 «iratum
237 1922 298 1958 est
334 1917 469 1968 regula
506 1917 558 1957 ad
592 1918 868 1959 construendas
897 1919 1060 1969 figuras,
1101 1923 1141 1958 et
1182 1917 1397 1958 metiendas
1438 1922 1519 1956 tam
1558 1929 1670 1958 areas
1710 1929 1828 1968 qnam

45 1977 239 2028 potentias
265 1975 484 2026 figurarum.

164 2032 200 2072 1)
222 2030 405 2066 Diameter
426 2034 563 2076 partem
586 2030 673 2067 facit
698 2031 748 2076 Ἃ,
795 2032 830 2076 2)
861 2030 1039 2076 Trigonus
1067 2032 1119 2076 Ἀ.
1167 2030 1206 2075 3)
1239 2029 1532 2076 Quadrangulum
1561 2031 1611 2076 'lv
1657 2030 1693 2074 4)
1717 2029 1829 2074 Quin-

48 2081 268 2129 quangulun
286 2082 340 2128 ¹l5.
363 2082 404 2126 5)
428 2082 528 2127 Quae
551 2093 590 2119 se
612 2082 747 2119 habent
768 2087 810 2118 ut
832 2083 915 2119 talis
938 2093 1022 2128 pars
1038 2082 1084 2118 ad
1107 2087 1233 2128 totum,
1257 2084 1351 2119 inter
1373 2094 1413 2120 se
1436 2086 1648 2120 consonant.
1675 2082 1715 2126 6)
1739 2081 1827 2117 Cum

49 2144 134 2180 ergo
157 2133 293 2170 chorda
314 2134 482 2170 dividitur
504 2134 541 2169 in
557 2134 580 2170 2
595 2138 734 2179 partes:
762 2137 791 2177 1,
811 2136 841 2179 1,
865 2139 1063 2171 consonant
1084 2134 1179 2172 inter
1201 2145 1252 2181 se,
1276 2135 1362 2181 qnia
1378 2140 1462 2172 sunt
1485 2140 1527 2171 ut
1547 2139 1647 2171 totus
1671 2132 1828 2170 circulus

48 2187 95 2223 ad
117 2190 243 2222 totm.
289 2186 478 2231 Quaelibet
501 2192 619 2223 antem
642 2192 679 2223 et
702 2198 782 2223 cum
807 2191 886 2224 tota
909 2189 987 2233 (per
1009 2188 1094 2224 Nro.
1124 2189 1141 2223 1
1167 2191 1205 2222 et
1228 2189 1275 2231 5).
1322 2189 1357 2231 7)
1388 2188 1478 2223 Cum
1501 2187 1637 2223 chorda
1660 2186 1828 2222 dividitur

46 2238 87 2275 in
107 2239 141 2283 3,
164 2242 207 2274 ut
229 2238 302 2274 sint
322 2243 443 2284 partes
465 2239 558 2283 2,1,
593 2244 679 2275 tunc
701 2250 786 2284 pars
813 2243 830 2277 1
857 2251 939 2276 curn
961 2245 1039 2276 tota
1061 2241 1084 2276 3
1108 2244 1283 2276 consonat
1314 2240 1393 2284 (per
1419 2242 1435 2276 1
1463 2245 1500 2275 ει
1523 2241 1568 2283 5).
1615 2239 1658 2282 8)
1694 2238 1767 2274 Sed
1790 2241 1828 2273 et

48 2301 133 2337 pars
155 2291 175 2326 1
200 2300 282 2326 cum
303 2295 406 2335 parte
428 2290 451 2326 2
475 2291 553 2336 (per
578 2292 594 2326 1
622 2295 658 2326 et
682 2293 726 2335 5).
772 2292 811 2335 9)
849 2292 937 2328 Cum
962 2292 1097 2327 chorda
1121 2292 1289 2328 dividitur
1310 2293 1349 2327 in
1371 2294 1405 2335 4,
1428 2296 1470 2327 nt
1492 2292 1566 2326 sint
1588 2295 1711 2336 partes
1735 2291 1767 2334 3,
1795 2292 1826 2337 1,

48 2347 136 2391 tunc
161 2352 246 2388 pars
271 2343 288 2377 1
316 2352 397 2377 cum
417 2346 495 2378 tota
519 2343 542 2377 4
565 2347 739 2378 consonat
763 2345 847 2389 (per
870 2345 891 2381 3
916 2349 952 2379 et
976 2346 1028 2386 5).
1078 2345 1134 2388 10)
1158 2345 1228 2380 Sed
1253 2350 1290 2380 et
1312 2355 1397 2389 pars
1420 2345 1438 2379 1
1467 2354 1548 2380 cum
1570 2348 1675 2388 parte
1698 2343 1719 2378 3
1743 2354 1826 2379 con-

50 2401 155 2433 sonat
177 2399 259 2440 (per
278 2395 302 2430 2
326 2399 363 2430 et
384 2395 435 2435 5).
483 2395 540 2439 11)
564 2395 652 2430 Cum
675 2395 809 2432 chorda
833 2397 1002 2433 dividitur
1022 2397 1060 2432 in
1084 2398 1118 2439 5,
1147 2402 1188 2432 ut
1211 2397 1283 2432 sint
1306 2402 1428 2442 partes
1451 2396 1485 2441 4,
1513 2397 1551 2440 1,
1586 2400 1672 2431 tunc
1694 2405 1781 2440 pars
1806 2397 1823 2432 1

3 2482 7 2484 ,
50 2458 131 2484 curn
152 2451 230 2483 tota
253 2448 275 2483 5
299 2451 472 2483 consonat
509 2448 592 2493 (per
613 2448 636 2483 4
660 2452 697 2483 et
721 2449 772 2492 5).
822 2449 877 2492 12)
911 2448 983 2484 Sed
1007 2452 1044 2484 et
1065 2458 1151 2493 pars
1176 2450 1192 2484 1
1219 2459 1301 2484 cnm
1323 2453 1427 2493 parte
1449 2449 1473 2483 4
1497 2451 1673 2484 consonat
1695 2450 1782 2492 (per
1804 2448 1826 2482 3

0 2505 2 2508 ’
52 2504 88 2535 ει
110 2500 157 2544 5).
206 2500 267 2543 13)
303 2499 404 2543 Quae
426 2504 601 2535 consonat
628 2511 709 2536 cnm
739 2500 859 2546 aliqua
883 2501 1033 2537 duarum
1064 2501 1159 2536 inter
1181 2511 1222 2537 se
1245 2500 1451 2546 duplarum,
1488 2504 1661 2536 consonat
1684 2504 1721 2534 et
1745 2510 1826 2535 cum

0 2569 3 2571 >
50 2552 197 2598 reliqua.
242 2551 334 2588 Nam
358 2551 389 2587 si
409 2554 525 2586 totum
547 2556 603 2587 est
626 2552 665 2597 4,
700 2557 785 2588 tnnc
808 2563 892 2598 pars
915 2553 939 2588 2
963 2563 1044 2588 cum
1066 2556 1146 2588 tota
1169 2553 1192 2587 4
1216 2558 1390 2588 consonat
1426 2553 1504 2598 (per
1527 2552 1574 2597 1).
1621 2551 1671 2586 Et
1692 2560 1777 2595 pars
1804 2552 1821 2586 1

51 2613 132 2641 aun
153 2608 257 2650 parte
278 2604 300 2638 4
324 2606 499 2638 consonat
521 2603 598 2647 (per
621 2604 668 2649 9).
716 2604 788 2640 Sed
810 2616 897 2650 pars
920 2605 954 2650 2,
978 2610 1145 2642 manente
1170 2605 1295 2640 eodem
1318 2609 1407 2648 toto,
1444 2610 1500 2641 est
1522 2604 1633 2650 dupla
1656 2603 1768 2649 partis
1794 2604 1825 2647 1,

52 2660 90 2693 et
113 2658 130 2692 1
155 2666 236 2691 cnm
259 2656 281 2692 2
305 2658 478 2691 consonat
499 2654 578 2700 (per
602 2656 652 2699 1),
676 2656 728 2692 sic
751 2661 788 2692 et
810 2658 833 2693 4
855 2661 934 2693 tota
957 2662 1013 2693 est
1036 2657 1146 2703 dupla
1169 2658 1215 2693 ad
1237 2662 1378 2703 partem
1400 2658 1434 2700 2,
1462 2667 1546 2702 ergo
1570 2658 1665 2693 inter
1686 2661 1762 2693 tres
1786 2656 1826 2692 in

0 2689 17 2758 Ξῖ

52 2708 222 2744 continua
242 2708 474 2752 proportione
497 2705 606 2751 dupla
628 2709 798 2744 continua
813 2714 870 2745 est
885 2710 1139 2746 consonantia:
1163 2714 1201 2745 et
1222 2719 1313 2754 quae
1337 2720 1417 2745 cum
1440 2720 1511 2745 nna
1527 2709 1717 2754 duplarum
1731 2710 1827 2744 inter

52 2768 93 2795 ae
113 2763 295 2803 consonat,
326 2763 499 2794 consonat
531 2761 569 2792 et
595 2768 676 2794 cnm
706 2759 827 2796 altera.
878 2763 933 2806 14)
968 2763 1067 2808 Ergo
1090 2763 1174 2808 (per
1196 2765 1219 2797 7
1243 2766 1280 2796 ει
1305 2762 1365 2806 13)
1400 2772 1481 2797 cum
1503 2767 1581 2798 tota
1603 2762 1626 2797 3
1649 2765 1826 2797 consonat

0 2806 17 2846 ,ἒ
51 2820 135 2856 para
156 2811 197 2856 2,
233 2810 316 2855 quia
337 2820 421 2855 pars
447 2811 478 2845 1.
524 2809 588 2852 15)
623 2810 681 2846 Sic
711 2813 789 2858 (per
812 2817 844 2859 7,
871 2815 924 2860 14,
948 2815 1007 2859 13)
1042 2826 1122 2851 cum
1145 2818 1222 2850 tota
1246 2815 1269 2849 4
1294 2818 1470 2848 consonat
1491 2823 1577 2858 pars
1602 2814 1642 2852 3.
1678 2812 1824 2857 qnia‘et

0 2888 17 2924 ,ὲ

2 2859 18 2868 “
53 2870 133 2897 cum
155 2862 177 2898 2
201 2866 239 2896 et
262 2872 342 2896 curn
365 2863 398 2897 1.
447 2862 504 2903 16)
542 2860 600 2895 Sic
623 2861 702 2907 (per
726 2866 764 2901 11
791 2871 828 2902 et
853 2868 909 2913 13)
942 2879 1022 2903 cum
1045 2872 1124 2903 tota
1147 2868 1168 2902 5
1192 2870 1366 2902 consonat
1388 2875 1474 2910 pars
1496 2866 1537 2910 2,
1574 2864 1658 2910 quia
1679 2876 1766 2910 pars
1789 2866 1824 2904 1.

0 2921 18 2962 ξε
56 2913 114 2958 17)
137 2914 197 2949 Sic
219 2917 301 2959 (per
322 2916 379 2958 11,
403 2915 459 2958 16,
483 2914 544 2955 13)
570 2924 651 2948 cum
672 2918 750 2951 tota
772 2918 793 2952 5
817 2923 990 2955 consonat
1011 2930 1096 2965 pars
1111 2920 1145 2962 4,
1168 2919 1253 2964 quia
1275 2928 1359 2963 pars
1383 2917 1406 2953 2
1430 2922 1467 2953 et
1489 2928 1573 2962 pars
1597 2918 1629 2953 1.
1676 2916 1740 2961 18)
1764 2916 1824 2953 Sic

0 2955 34 3011 ξ
53 2963 131 3009 (rer
151 2965 185 3007 7,
207 2965 263 3010 13)
288 2975 367 3000 cum
389 2970 467 3000 tota
491 2965 512 3001 6
536 2969 710 3000 consonat
730 2977 816 3012 pars
842 2971 872 3014 1·,
908 2971 992 3015 quia
1015 2982 1097 3008 cum
1120 2975 1198 3007 tota
1221 2971 1251 3006 3.
1299 2970 1359 3011 19)
1398 2968 1458 3005 Sic
1481 2970 1558 3014 (per
1582 2969 1637 3014 15,
1663 2969 1717 3014 13)
1740 2981 1823 3007 eum

52 3017 129 3050 tota
150 3016 173 3051 8
197 3021 372 3052 consonat
393 3027 478 3061 pars
501 3017 539 3061 3,
576 3016 661 3060 quia
684 3027 765 3053 cnm
787 3024 864 3056 tota
884 3021 918 3057 4.
966 3022 1027 3064 20)
1059 3022 1118 3058 Sic
1142 3028 1217 3068 (per
1244 3023 1296 3064 17,
1320 3022 1377 3062 13)
1401 3033 1481 3057 cum
1502 3026 1579 3057 tota
1602 3022 1625 3058 8
1647 3030 1823 3061 consonat

2 3068 11 3075 ’
54 3072 139 3109 pars
160 3068 195 3110 5,
230 3067 314 3112 qnia
336 3069 357 3103 5
380 3072 458 3103 tota
481 3078 561 3103 cnm
583 3070 686 3111 parte
709 3069 742 3104 4.
787 3071 850 3114 21)
880 3072 946 3121 ,Sic
969 3074 1046 3118 (per
1071 3074 1126 3118 14,
1150 3076 1184 3118 5)
1207 3084 1292 3118 pars
1314 3073 1337 3109 2
1361 3083 1442 3108 cum
1464 3079 1567 3119 parte
1591 3075 1612 3110 3
1637 3080 1821 3112 consonat.

0 3122 13 3163 31]
55 3116 118 3167 22)
139 3118 271 3158 Latera
292 3120 496 3167 figurarum,
519 3132 611 3168 quae
634 3120 818 3165 planitiem
842 3127 1001 3170 struunt,
1025 3125 1082 3160 vel
1106 3125 1183 3161 sola
1206 3125 1262 3161 vel
1286 3136 1367 3163 cum
1392 3125 1472 3162 aliis
1496 3125 1553 3161 sni
1576 3128 1726 3174 generis,
1750 3128 1822 3166 etsi

0 3200 19 3248 ἓ
