1994 3276
758 122 871 164 mer
889 126 934 163 r.
972 125 1091 172 &put
1113 127 1176 163 m
1777 126 1862 168 ³1⁵

172 180 180 199 l

75 247 262 297 vmtr,
297 249 358 288 sie
382 251 429 286 ut
456 248 627 298 propria
653 245 837 286 Mercurii
866 245 975 284 fleret
1002 216 1174 296 perfecta
1202 243 1294 301 ⁵7¹2,
1337 250 1377 285 et
1406 247 1464 285 sie
1494 243 1531 299 Q
1560 249 1726 300 utroque
1752 233 1863 284 motu

0 315 5 322 ·
76 314 164 346 α-
191 307 309 347 unico
334 305 523 357 peribelio
553 305 734 345 veneis
744 301 1006 344 coneordarel

189 379 283 416 Nan
314 376 399 423 qnia
422 377 568 412 Saturni
603 375 770 421 aphelius
805 386 885 412 cum
921 374 1066 420 aphelio
1091 374 1246 411 Telluris
1270 375 1489 413 concordare
1513 374 1659 422 debuit,
1694 373 1863 426 planetae

75 429 360 474 mugnus
392 439 483 465 suae
506 429 766 475 circumscripti
787 434 826 464 et
860 428 1026 464 altissim
1049 438 1132 464 cum
1155 427 1332 474 Telluris,
1370 438 1464 474 quae
1498 428 1692 474 figurarum
1728 430 1863 467 classes

74 482 272 527 diaboii,
294 481 484 521 altissimo:
508 482 673 526 sequitur
693 481 834 527 legibus
857 482 1119 527 oppositorum,
1142 485 1186 517 nt
1198 479 1371 516 Mercurii
1388 480 1587 526 perihelius
1609 491 1692 517 eum
1707 481 1863 519 Telluris

73 533 253 596 ρεῷεϋρ,
269 534 467 580 conspiret,
491 534 627 579 qnippe
649 533 819 579 planetae
843 533 958 571 intimi
980 531 1117 579 figurae
1141 543 1230 570 snae
1252 533 1417 579 inscripti
1441 539 1479 569 et
1502 533 1694 570 humillimi
1716 533 1864 580 Solique

74 585 293 632 vicinissimi,
314 597 397 625 cum
412 586 579 630 Telluris,
603 587 705 633 sepis
717 586 815 623 illius
830 589 1040 631 communis,
1064 593 1165 623 motu
1180 586 1400 623 humillimo:
1425 586 1478 622 illi
1492 585 1637 632 quidem
1651 585 1699 622 ad
1723 586 1863 630 durum,

74 639 114 675 bi
134 637 183 676 ad
203 636 313 675 molle
336 638 601 675 harmoniarum
624 649 739 684 genus
763 639 1035 684 designandum,
1059 650 1125 686 per
1147 651 1252 686 prop.
1279 640 1324 676 33
1347 645 1385 676 et
1408 639 1463 677 34.
1500 639 1573 676 Sed
1594 639 1748 676 Veneris
1770 639 1864 685 peri·

74 690 193 726 helius
215 701 298 726 cum
310 690 477 727 Telluris
499 691 675 736 perihelio
698 691 919 728 concordare
943 692 1102 730 debuit’
1090 704 1127 729 ιιι
1152 692 1340 729 harmonia
1365 692 1429 738 ⁵1„
1460 702 1527 738 per
1548 702 1651 737 prop.
1675 691 1741 736 27,
1778 702 1864 736 ergo

75 743 182 792 etiam
206 742 401 792 peribelius
425 743 592 779 Mercurii
617 755 697 780 eum
720 742 896 789 perihelio
912 743 1063 780 Veneris
1087 745 1125 780 in
1150 755 1258 780 unam
1282 745 1416 782 scalam
1441 744 1566 780 debuit
1590 745 1863 791 contemperari.

75 794 167 831 Erat
188 805 275 831 vero
297 805 400 841 prop.
427 796 482 832 12.
507 805 554 831 ex
585 796 766 842 prioribus
801 796 872 833 illis
908 798 1109 834 rationibus
1144 797 1293 835 definita
1315 798 1468 835 Veneris
1494 802 1532 834 et
1554 796 1726 833 Mercurii
1750 797 1863 833 diver-

76 847 236 894 gentium
257 847 444 884 harmonia
472 849 529 894 V„
553 848 617 884 ills
641 860 726 894 ergo
745 849 821 895 jam
845 861 912 895 per
933 851 1000 886 has
1024 850 1244 896 posteriores
1266 851 1427 887 rationes
1442 849 1512 887 tuit
1534 848 1782 886 fermentanda
1805 859 1863 885 ac-

74 901 238 939 cessione
260 902 373 938 totius
395 901 573 937 intervalli
596 902 756 938 Veneris.
804 903 887 938 Non
920 903 1032 948 igitur
1061 901 1215 947 mplius
1253 902 1298 937 ab
1331 901 1473 948 aphelio
1487 930 1496 947 ,
1532 902 1598 939 sed
1633 911 1655 937 a
1689 900 1864 946 peribelio

75 954 228 989 Veneris
249 952 296 989 ad
317 954 529 999 perihelium
552 955 724 991 Mercurii
748 959 804 991 est
826 955 991 1000 perfecta
1013 954 1255 1001 disdiapason.
1302 955 1414 1000 Atqui
1438 955 1548 992 etiam
1571 954 1861 1000 convergentium

74 1005 264 1043 hamonis
286 1006 331 1052 Ἰ.
355 1007 518 1052 perfecta
543 1013 609 1051 est,
634 1017 699 1052 per
721 1017 822 1052 prop
850 1008 905 1043 15.
953 1008 1009 1044 Ea
1032 1008 1144 1053 igitur
1167 1006 1353 1044 subtracta
1376 1007 1422 1043 ab
1452 1008 1511 1053 'ln
1532 1011 1651 1043 restat
1675 1006 1743 1043 soli
1766 1006 1861 1043 Mer-

74 1058 175 1096 curio
196 1059 343 1104 propria
366 1059 428 1105 ³1„
450 1060 558 1096 etiam
581 1060 752 1105 perfecta,
776 1070 848 1094 non
872 1070 958 1096 vero
983 1060 1138 1106 amplius
1161 1061 1215 1104 (ut
1237 1071 1342 1105 prop.
1359 1060 1415 1096 16.
1439 1069 1507 1105 per
1527 1059 1669 1106 priores
1690 1059 1862 1102 rationes)

77 1110 254 1150 diminuta
273 1113 507 1158 proportione
530 1112 680 1150 Veneris
703 1112 859 1158 propria

186 1174 273 1211 Alia
292 1175 396 1212 ratio.
433 1175 535 1212 Sicut
558 1176 750 1212 Saturnum
774 1179 811 1210 et
832 1175 957 1211 Jovem
982 1174 1080 1211 solos
1103 1175 1262 1211 exterius
1286 1174 1492 1212 nullatenus
1514 1175 1729 1221 contingunt
1753 1175 1864 1211 dode·

76 1227 237 1265 caedi-ou
252 1232 294 1264 ot
312 1227 514 1264 icosiedron
537 1229 770 1273 conjugatae,
793 1227 848 1263 sie
870 1227 1018 1263 eaedem
1042 1228 1260 1264 Mercurium
1284 1227 1403 1263 solum
1423 1226 1578 1264 interius
1601 1238 1674 1264 non
1698 1231 1862 1272 tangunt,

75 1284 229 1324 tangunt
249 1290 285 1316 n.
307 1280 481 1326 Martem,
504 1280 684 1316 Tellurem
707 1284 745 1315 et
768 1279 955 1323 Venerem,
978 1278 1079 1315 illum
1102 1279 1215 1325 intus,
1240 1280 1336 1317 hane
1361 1284 1484 1325 extra,
1508 1281 1663 1318 mediam
1686 1280 1864 1326 utrinque.

76 1331 179 1366 Sicut
198 1331 310 1376 igitur
329 1332 367 1368 in
390 1331 555 1378 proprias
579 1332 832 1378 proportiones
855 1333 1015 1367 motuum
1041 1331 1186 1367 Saturni
1210 1337 1247 1367 et
1270 1331 1393 1376 Jovis,
1418 1333 1480 1377 qui
1503 1333 1596 1368 cubo
1621 1336 1659 1367 et
1681 1331 1864 1368 tetraedro

75 1382 159 1418 fulti
181 1389 277 1429 sunt,
300 1384 516 1421 distributim
540 1385 699 1420 additum
724 1390 779 1420 est
804 1383 938 1430 aliquid
963 1384 1112 1429 aequale
1137 1384 1304 1430 propriae
1329 1384 1495 1420 Veneris:
1522 1385 1574 1421 sic
1593 1384 1671 1430 jam
1693 1384 1863 1431 propriae

75 1435 247 1472 Mercurii
269 1436 429 1481 solitarii,
453 1438 515 1483 qui
539 1437 717 1479 octaedro,
744 1437 826 1473 cubi
850 1442 886 1472 et
910 1436 1082 1472 teti-aedri
1106 1437 1204 1472 socia
1226 1437 1343 1482 figura
1366 1438 1581 1484 continetur,
1606 1437 1780 1475 accedere
1805 1437 1865 1474 de-

75 1486 155 1523 buit
177 1489 406 1525 tantundem:
430 1490 564 1536 quippe
587 1490 680 1526 sicut
703 1489 909 1535 octaedron,
934 1487 1052 1536 figura
1076 1489 1182 1526 unica
1197 1489 1291 1533 inter
1307 1489 1549 1534 secundarios,
1573 1491 1687 1527 vicem
1710 1489 1866 1526 sustinet

76 1539 238 1586 dun-m,
262 1539 345 1576 cubi
356 1546 394 1576 et
406 1541 577 1578 teti-aedri
600 1542 696 1577 inter
717 1541 914 1587 primarias,
940 1541 984 1576 de
1010 1551 1081 1586 quo
1106 1541 1186 1578 vide
1210 1553 1291 1587 cap.
1316 1543 1350 1586 1,
1374 1542 1426 1578 sic
1451 1544 1560 1579 etiam
1584 1543 1679 1580 inter
1700 1542 1864 1597 planetas

74 1590 261 1638 inferiores
283 1602 376 1629 unus
399 1593 601 1629 Mercurius
626 1586 681 1628 est
690 1592 785 1628 loco
810 1593 962 1628 duorum
986 1603 1031 1628 ex
1056 1593 1312 1639 superioribus,
1339 1595 1485 1631 Saturni
1507 1596 1645 1633 scilicet
1669 1600 1706 1631 et
1728 1584 1842 1631 Jovi‘s.

2 1646 4 1649 ’
191 1648 331 1692 Tertio,
368 1651 462 1686 sicut
485 1651 662 1687 Saturnus
686 1651 880 1687 altissimus
915 1661 980 1696 per
1005 1650 1148 1704 aliquot
1166 1650 1366 1697 diapason,
1400 1652 1471 1689 hoc
1493 1658 1550 1689 est
1573 1654 1610 1689 in
1633 1652 1866 1700 proportione

82 1697 148 1747 'sp‘
163 1703 333 1740 continue
356 1702 475 1749 dupla,
501 1703 719 1738 concorlare
739 1702 862 1738 debuit
886 1702 1029 1746 aphelio
1054 1713 1119 1737 sno
1137 1708 1247 1737 motu.
1275 1715 1355 1739 cum
1373 1703 1536 1749 duorum,
1561 1706 1623 1752 qui
1646 1715 1761 1763 genus
1784 1703 1864 1739 har-

79 1755 222 1792 moniae
245 1761 402 1799 mutant,
427 1756 564 1792 altioris
589 1756 728 1801 sibique
752 1756 930 1801 propioris
954 1763 1054 1790 motu
1079 1755 1185 1790 etiam
1213 1741 1376 1803 aphelio,
1407 1767 1472 1802 per
1495 1769 1599 1816 prop.
1624 1758 1687 1800 31,
1713 1756 1766 1792 sic
1788 1755 1865 1792 vice

76 1817 182 1843 versa
202 1807 402 1844 Mercurius
434 1808 652 1844 humillimus
686 1819 828 1844 rursum
863 1817 928 1852 per
964 1807 1101 1852 aliquot
1138 1806 1338 1853 diapason,
1378 1808 1415 1843 h.
1440 1819 1470 1844 e.
1495 1809 1532 1844 in
1563 1807 1798 1854 proportione
1826 1806 1866 1852 Ἰ,

78 1859 187 1895 etiarn
209 1859 378 1896 continue
402 1861 524 1906 dupla,
550 1860 767 1896 concordare
792 1859 915 1896 debuit
937 1860 1112 1905 perihelio
1137 1865 1203 1895 s'uo
1228 1866 1327 1895 motu
1352 1871 1435 1897 cum
1459 1861 1630 1906 duorum,
1667 1861 1728 1906 qui
1751 1871 1865 1907 genus

78 1911 285 1957 harmoniae
307 1919 471 1955 mutant,
508 1913 688 1949 inferioris
714 1913 853 1958 sibique
878 1913 1041 1948 similiter
1074 1912 1252 1958 propioris
1277 1919 1378 1950 motu
1411 1914 1598 1960 perihelio.
1647 1914 1784 1959 Quarto
1807 1925 1866 1950 su·

77 1964 259 2011 periornm
281 1965 389 2001 trium
413 1965 601 2011 Saturnus,
626 1966 779 2011 Jupiter,
806 1966 904 2001 Mars
928 1966 1059 2010 singuli
1082 1971 1223 2002 tantum
1246 1966 1399 2001 extremi
1422 1966 1631 2011 conspirant
1654 1966 1702 2003 ad
1724 1966 1865 2002 harmo-
1886 1986 1890 1990 -

9 2040 14 2061 5
79 2017 156 2052 nias
179 2016 398 2053 universales
411 2045 422 2062 ,
454 2017 766 2062 inferioris'igitur
789 2023 825 2054 et
849 2018 964 2055 unici.
995 2018 1163 2054 Mercurii
1189 2029 1239 2055 sc.
1266 2019 1372 2054 ambo
1397 2020 1548 2054 extremi
1573 2019 1781 2064 conspirare
1805 2017 1866 2054 de-

0 2090 17 2114 ·:.
78 2069 236 2104 buerunt
249 2068 296 2104 ad
312 2069 470 2105 easdem:
494 2080 574 2104 nam
593 2071 711 2115 medii,
736 2070 858 2106 Tellus
876 2075 912 2104 et
928 2070 1060 2115 Venus,
1086 2081 1200 2114 genus
1218 2070 1483 2106 harmoniarum
1499 2076 1638 2107 mutare
1656 2071 1867 2113 debuerunt,

0 2117 25 2171 ³}
77 2130 145 2167 per
166 2131 269 2166 prop.
291 2121 347 2165 33,
372 2121 428 2157 34.
474 2122 638 2166 Denique
662 2123 701 2158 in·
722 2123 816 2168 bigis
852 2123 965 2159 tribus
991 2123 1215 2168 superiorum
1251 2124 1417 2159 inventae
1448 2128 1532 2160 sunt
1555 2124 1765 2160 harmoniae
1786 2135 1867 2170 per-

3 2179 27 2220 5
78 2172 197 2209 fectae
216 2173 312 2209 inter
333 2179 587 2219 convergentes
611 2180 731 2210 motus
744 2201 753 2217 ,
791 2174 1029 2210 fermentatae
1053 2185 1137 2210 vero
1172 2175 1266 2211 inter
1290 2175 1517 2221 divergentes
1542 2183 1579 2212 et
1602 2177 1771 2222 propriae
1795 2176 1866 2212 sin-

80 2224 262 2270 gulorum:
297 2225 335 2260 in
357 2225 449 2271 bigis
472 2226 584 2271 igitur
606 2226 744 2262 duabus
768 2225 975 2262 inferiorum
998 2228 1074 2262 vice
1098 2237 1202 2262 versa
1225 2238 1300 2263 non
1322 2229 1416 2263 inter
1440 2233 1698 2274 convergentes
1722 2228 1866 2274 potissi-

0 2269 38 2335 ζ
81 2286 199 2320 ιιιιιιιι,
235 2286 302 2312 nec
325 2278 418 2312 inter
441 2278 686 2321 diret-gentes,
722 2280 786 2314 sed
821 2280 916 2314 inter
949 2278 1111 2322 ejusdem
1148 2279 1277 2325 plagae
1301 2284 1421 2315 motus
1450 2280 1632 2329 perfectae
1658 2280 1867 2317 harmoniae

84 2327 234 2372 reperiri
269 2327 480 2365 debuerunt.
539 2331 590 2365 Et
624 2331 709 2375 quia
739 2330 875 2366 Telluri
910 2335 947 2366 et
980 2330 1111 2366 Veneri
1143 2331 1236 2366 duae
1269 2331 1450 2375 perfectae
1486 2331 1723 2378 debebantur,
1755 2343 1867 2378 quare

0 2386 35 2430 ,gs
81 2379 189 2415 etiam
212 2379 342 2415 Veneri
369 2385 406 2416 et
426 2381 605 2417 Mercurio
630 2383 723 2418 duae
758 2382 983 2424 debebantur
1006 2383 1200 2428 perfectae.
1248 2383 1297 2417 Et
1321 2382 1374 2417 illi
1399 2381 1543 2427 quidem
1568 2383 1639 2419 duo
1675 2389 1751 2419 tam
1773 2384 1867 2419 inta-
1942 2390 1955 2400 ‘

5 2441 11 2459 ³
82 2431 244 2480 aphelios
266 2432 463 2476 perfectam
486 2435 606 2470 sortiri
629 2432 853 2480 debuerunt,
890 2445 998 2480 quam
1020 2436 1116 2470 inter
1148 2434 1343 2480 perihelios
1357 2463 1365 2479 ‚
1404 2435 1489 2480 quia
1520 2446 1636 2481 genus
1658 2437 1866 2473 harmoniae

7 2507 8 2511 =
32 2483 43 2530 ἕξ
81 2487 220 2519 mutare
243 2483 459 2520 debuerunt:
493 2485 615 2522 Venus
638 2498 723 2523 vero
748 2493 785 2522 et
808 2487 1022 2531 Mercurius,
1047 2491 1174 2531 utpote
1198 2497 1311 2531 genus
1344 2487 1553 2524 harmoniae
1577 2499 1648 2523 non
1672 2493 1865 2534 mutantes,

41 2544 43 2546 ’
82 2545 155 2571 ιιοιι
177 2535 285 2571 etiam
307 2533 538 2580 requirebant
558 2538 738 2583 perfectas
764 2539 857 2573 inter
883 2543 1070 2582 utramque
1094 2538 1226 2583 bigam,
1251 2543 1324 2574 tam
1348 2539 1572 2584 apheliorum
1597 2551 1704 2585 quam
1727 2541 1866 2586 perihe-

79 2585 209 2622 liorum
231 2592 409 2630 motuum,
434 2587 497 2622 sed
521 2599 663 2626 success
650 2591 694 2625 it
717 2601 782 2635 pro
808 2589 995 2625 harmonia
1019 2590 1182 2636 perfecta
1204 2590 1445 2634 apheliorum,
1471 2595 1512 2626 ut
1537 2602 1630 2636 quae
1654 2592 1867 2629 fermentata

16 2639 46 2686 lj?
77 2637 153 2683 iam
175 2638 253 2684 fuit,
278 2613 463 2674 harmo’nia
485 2640 643 2686 perfecta
666 2642 974 2687 conver-gentium,
1010 2647 1051 2678 ut
1075 2643 1171 2678 sicut
1191 2642 1327 2686 Venus,
1353 2642 1559 2678 inferlm-um
1584 2644 1759 2689 superior,
1782 2655 1866 2690 pro-

20 2695 22 2697 ’
42 2719 44 2721 ,
81 2691 196 2736 priam
217 2695 378 2726 motuum
402 2692 669 2737 proportionem
691 2694 800 2729 habet
821 2694 1002 2729 minimam
1027 2694 1204 2740 omnium,
1241 2705 1306 2740 per
1330 2706 1430 2740 prop
1457 2695 1525 2740 28,
1560 2697 1786 2740 Mercurius,
1808 2697 1864 2733 in-

16 2751 45 2795 ].·‘
82 2739 263 2779 feriormn
273 2743 431 2789 inferior,
456 2746 721 2790 proportionem
744 2747 924 2792 propriam
948 2747 1138 2782 maximam
1155 2748 1310 2782 omnium
1336 2747 1484 2782 sortitus
1510 2752 1576 2790 est,
1600 2758 1666 2794 per
1680 2759 1783 2794 prop.
1801 2749 1864 2795 30,

21 2801 24 2807 ’
46 2806 66 2845 {⁴
84 2794 135 2831 sic
160 2796 267 2830 etiam
289 2796 433 2842 propria
455 2797 605 2832 Veneris
628 2799 784 2833 omnium
807 2799 1033 2844 propriarum
1057 2804 1154 2835 esset
1176 2798 1487 2843 imperfectissima
1511 2809 1575 2835 seu
1600 2800 1644 2835 ab
1668 2778 1864 2838 harmoniis

16 2852 22 2858 '
83 2847 341 2892 remotissima3
377 2850 523 2894 propria
559 2859 643 2883 vero
665 2850 836 2885 Mercurii
871 2853 1027 2886 omnium
1062 2852 1287 2897 propriarum
1324 2851 1607 2897 perfectissima,
1644 2852 1680 2887 id
1705 2857 1772 2889 est
1781 2852 1864 2890 har·

28 2922 32 2932 .-
83 2898 203 2933 monia
226 2898 392 2935 absoluta
415 2901 492 2935 sine
517 2900 708 2944 ferment0;
734 2906 771 2935 et
794 2901 846 2936 sic
868 2902 1012 2937 tandem
1037 2903 1194 2947 undique
1218 2902 1375 2937 rationes
1400 2906 1523 2938 essent
1546 2905 1743 2949 oppositae.
1807 2939 1815 2945 ,

199 2965 267 3004 Sic
295 2969 402 3004 enim
430 2967 643 3016 maynalia
678 2969 898 3016 sapientiae
925 2980 1023 3007 suae
1052 2969 1255 3007 decoravit
1284 2970 1340 3016 is,
1381 2971 1453 3018 qui
1481 2974 1537 3008 est
1565 2974 1659 3008 ante
1686 2973 1861 3012 seculum

35 3054 58 3077 5
80 3025 127 3060 a
148 3034 274 3073 usquc
301 3026 348 3062 in
375 3024 715 3063 seculum:nihi1
742 3024 959 3074 redundat,
999 3027 1101 3064 nihil
1139 3026 1281 3076 deficit,
1322 3037 1395 3063 nec
1432 3027 1541 3065 locus
1580 3032 1636 3065 est
1672 3040 1863 3070 saumae

31 3079 340 3130 &mquam
415 3082 548 3132 Quam
586 3082 866 3121 desiderabilia
901 3095 1026 3132 opera
1053 3085 1139 3131 ejus
1181 3088 1249 3123 etc.
1262 3111 1273 3132 ,
1318 3085 1459 3124 omnia
1497 3084 1690 3135 duplicia,
1728 3098 1861 3128 unum
1902 3095 1927 3184 >
