1994 3276
134 144 223 185 1402
840 141 896 178 De
919 141 1216 188 Proportionibus

132 258 184 295 sic
208 256 316 295 etiam
341 259 577 295 consonantia
600 259 770 296 identicn.
789 271 861 297 non
885 264 942 295 est
975 261 1096 295 tamen
1119 260 1311 305 unisonus,
1347 265 1384 295 et
1407 271 1534 296 vocum
1555 260 1641 297 licet
1669 260 1824 298 identice
1848 273 1931 299 con-

135 313 336 349 sonantium
363 313 478 349 altera
502 309 623 350 tamen
646 314 762 350 minor
786 319 852 358 est,
879 314 993 348 altera
1015 314 1133 358 major
1142 326 1151 359 ;
1187 313 1250 348 illa.
1274 314 1412 349 scilicet
1436 318 1559 359 acuta,
1594 314 1685 350 haee
1707 316 1842 361 gravis,
1878 317 1932 353 illi

135 375 180 399 ex
204 365 373 409 opposito
400 367 513 402 veluti
537 367 778 413 respondens:
804 367 900 404 unde
925 366 1162 402 consonantia
1183 366 1271 401 haec
1296 376 1340 401 ex
1366 363 1532 411 opposito
1556 366 1713 402 identica
1735 368 1873 405 dic-itur.

256 417 379 452 Habes
404 418 514 462 igitur
547 430 694 455 causam
725 420 917 464 genuinam
947 429 992 459 ex
1017 418 1191 454 diametro
1221 419 1361 463 circuli,
1395 430 1459 455 cur
1491 430 1600 456 sonus
1634 419 1790 456 chordae
1820 421 1931 458 totius

132 481 211 505 cum
238 482 326 506 sono
352 471 509 508 chordae
534 471 719 517 dimidiae,
753 472 912 517 quamvis
937 471 1031 507 inter
1055 482 1093 506 se
1119 471 1249 507 diversi
1275 473 1362 516 sint,
1399 471 1444 508 ab
1470 472 1595 508 auditu
1619 477 1737 507 tamen
1763 479 1931 520 respectu

131 522 467 560 concordantiarum
498 529 696 560 ceterarum
729 522 991 569 quodammodo
1025 535 1090 568 pro
1123 524 1249 559 eodem
1282 524 1466 560 habeatur.
1491 522 1664 561 Frustra
1693 525 1753 562 alii
1786 537 1931 563 causam

128 575 238 619 hujus
267 575 570 624 identisonantiae
604 582 732 622 petunt
764 587 808 612 ex
842 588 990 612 numero
1022 587 1148 611 vocum
1175 580 1274 621 octo,
1312 588 1392 612 cum
1424 577 1702 614 identisonantia
1733 579 1780 614 sit
1803 584 1931 615 natura

129 628 228 673 prior
254 628 429 665 divisione
454 629 634 665 intervalli
657 629 767 674 hujus
792 629 830 665 in
856 629 1031 666 concinna
1056 634 1210 675 septem,
1236 630 1367 675 quibus
1392 630 1470 665 soni
1496 635 1577 667 octo
1603 631 1849 680 designantur.

245 681 408 716 Nondum
435 686 555 718 autem
581 688 722 728 tempus
747 687 818 729 est,
853 682 938 718 huic
963 684 1219 718 consonantiae
1239 694 1376 718 *nomen
1403 683 1529 728 dandi,
1564 685 1617 719 nti
1640 694 1756 730 neque
1781 685 1928 723 ceteris:

127 731 364 770 differendum
389 735 488 770 enim·
506 736 576 771 hoc
601 740 657 770 est
681 735 718 770 in
742 740 852 780 caput
876 736 908 770 5.
957 735 1055 770 Nota
1078 740 1197 770 tamen
1235 741 1270 771 et
1293 737 1381 778 hoc,
1419 737 1516 781 qnod
1546 737 1702 773 identice
1733 742 1931 774 consonent

128 786 234 822 etiam
261 787 354 823 aliae
378 793 517 832 partes,
553 799 646 834 quae
670 798 742 823 non
766 788 1038 823 constituuntur
1063 798 1129 833 per
1153 788 1388 834 diametrum3
1422 790 1485 825 sed
1508 800 1582 825 non
1604 789 1640 824 in
1665 790 1780 835 primo
1805 791 1930 835 gradu,

127 850 193 875 nec
217 845 259 876 ut
283 851 349 886 per
372 841 519 887 figuras,
545 842 608 878 sed
633 846 674 877 ut
698 851 764 886 per
787 841 1098 886 propagationem,
1123 841 1168 877 de
1193 852 1264 887 qua
1289 834 1482 887 seque‘ntes
1508 847 1592 879 sunt
1615 843 1891 888 propositiones,

242 915 302 954 Pr
319 917 553 971 opositio
585 914 637 954 II.
698 916 739 956 Si
771 917 934 956 duarum
965 916 1097 955 circuli
1128 917 1295 967 partium
1326 918 1451 954 minor
1482 916 1532 955 ad
1553 916 1739 966 majorem
1769 919 1825 956 sic
1855 917 1929 956 ha·-

130 973 276 1021 buerit,
316 979 360 1013 ut
390 975 514 1025 major
552 987 593 1014 se
625 975 744 1015 habet
773 976 823 1015 ad
856 980 980 1014 totum
1021 975 1231 1028 circulum,
1271 976 1519 1025 proportione
1550 974 1630 1014 alia
1663 987 1779 1026 quam
1811 975 1930 1027 dupla

129 1031 333 1081 continue,
377 1038 471 1072 tunc
500 1034 648 1084 majore
681 1039 917 1074 consonante
949 1045 1035 1073 cum
1066 1033 1209 1073 circulo
1241 1039 1347 1083 toto,
1389 1034 1513 1071 minor
1547 1045 1637 1084 pars
1678 1046 1703 1073 a
1732 1039 1815 1074 toto
1847 1034 1929 1074 dis-

129 1090 296 1130 sonabit.

242 1146 332 1182 Nam
358 1151 442 1191 post
467 1147 612 1193 duplam
639 1152 694 1183 est
719 1147 841 1193 tripla,
878 1147 987 1193 tripla
1012 1158 1094 1182 vero
1132 1147 1304 1183 continua
1335 1147 1522 1183 constituit
1544 1146 1624 1182 loco
1650 1148 1758 1184 tertio
1789 1154 1929 1194 partem

126 1199 236 1235 totins
256 1199 386 1239 ,circuli
411 1211 552 1244 nonam,
580 1201 767 1246 quintupla
791 1201 993 1237 vicesimam
1019 1201 1190 1245 quintam,
1217 1200 1385 1245 sextupla
1410 1199 1572 1245 implicat
1595 1210 1742 1246 nonam,
1775 1201 1928 1249 decupla

124 1251 327 1288 vicesimam
353 1253 524 1299 quintam,
551 1255 635 1299 quia
659 1254 680 1290 6
705 1254 823 1288 sexies
849 1258 933 1289 sunt
957 1253 1013 1297 36,
1038 1252 1134 1297 qnod
1161 1258 1217 1288 est
1241 1257 1369 1297 quater
1392 1262 1537 1295 novem,
1568 1256 1605 1287 et
1633 1253 1674 1289 10
1699 1253 1817 1291 decies
1843 1261 1928 1298 sunt

128 1307 204 1348 100.
228 1307 323 1352 quod
350 1312 406 1343 est
429 1313 560 1353 quater
585 1309 639 1345 25.
687 1309 738 1343 Et
762 1308 814 1344 sic
838 1308 945 1343 etiam
969 1307 1013 1343 de
1038 1306 1178 1343 ceteris.
1228 1307 1339 1352 Atqui
1363 1316 1459 1342 nona.
1484 1307 1520 1341 et
1543 1304 1618 1343 252·
1642 1312 1680 1343 et
1703 1307 1836 1344 similes
1857 1303 1926 1345 dis·

127 1365 261 1396 sonant
284 1371 306 1396 a
330 1364 424 1404 toto,
451 1372 518 1405 per
540 1361 683 1397 axioma
708 1362 739 1396 3.
787 1360 879 1396 Vide
902 1360 993 1396 libro
1018 1360 1133 1406 primo
1158 1371 1261 1407 prop.
1288 1361 1344 1396 47.
1904 1359 1906 1362 '
1981 1355 1987 1359 “

240 1422 531 1471 Propositio
563 1422 636 1461 III.
697 1421 874 1461 Chordae
906 1423 942 1460 in
974 1424 1222 1472 proportione
1254 1424 1435 1461 continue
1467 1421 1585 1473 dupla
1621 1431 1835 1464 consonant
1866 1427 1926 1464 iu-

127 1486 184 1519 ter
213 1492 255 1520 se
288 1491 421 1519 omnes
453 1480 640 1529 identice,
673 1481 922 1520 distantiores
952 1486 1080 1519 tamen
1113 1481 1235 1529 gradu
1267 1482 1477 1521 remotiori.

243 1537 390 1572 Habent
421 1537 515 1570 enim
550 1536 644 1572 inter
678 1547 717 1572 se
740 1540 864 1571 mutuo
897 1540 972 1571 tres
1003 1535 1188 1581 proximae
1224 1541 1265 1572 ut
1298 1541 1399 1572 totus
1431 1534 1587 1572 circulus
1621 1542 1658 1572 et
1682 1538 1870 1575 dimidiumv
1891 1545 1928 1576 et

127 1594 255 1635 quarta
279 1600 363 1635 pars
390 1601 429 1629 se
453 1589 589 1624 habent
612 1590 707 1625 inter
730 1600 769 1624 se
791 1593 929 1624 mutuo.
972 1589 1019 1624 At
1044 1599 1121 1624 cum
1147 1593 1224 1624 toto
1243 1588 1377 1624 circuio
1400 1593 1475 1623 tam
1493 1587 1648 1631 dimidia,
1674 1601 1780 1635 quam
1797 1596 1926 1636 quarta

127 1653 211 1688 pars
236 1647 444 1685 consonant,
471 1653 536 1687 per
562 1653 619 1678 ax.
648 1645 678 1678 1.
729 1643 816 1678 Cum
844 1642 988 1678 dimidio
1013 1651 1097 1677 vero
1123 1646 1299 1677 consonat
1323 1646 1359 1676 et
1385 1646 1531 1686 quarta,
1557 1652 1623 1686 per
1647 1653 1702 1679 ax.
1730 1645 1770 1680 5..
1808 1645 1926 1689 Quare

127 1706 250 1731 omnes
274 1700 348 1731 tres
373 1695 560 1741 proximae
583 1696 678 1731 inter
702 1706 742 1731 se
767 1699 975 1731 consonant.
1026 1694 1186 1730 Identica
1219 1705 1304 1729 vero
1329 1699 1384 1730 est
1410 1695 1648 1730 consonantia
1679 1697 1786 1732 etiam
1811 1698 1925 1742 partis

127 1752 277 1791 quartae
303 1759 383 1784 cum
408 1751 485 1783 toto
512 1747 656 1791 circulo,
683 1748 768 1792 quia
793 1752 891 1783 totus
916 1751 952 1783 et
976 1747 1159 1784 dimidium
1178 1747 1258 1791 ejus
1277 1752 1475 1783 consonant
1497 1747 1664 1794 identice,
1689 1759 1755 1793 per
1769 1759 1873 1795 prop.
1895 1753 1924 1786 1.

125 1800 184 1836 Sic
208 1801 315 1836 etiam
341 1811 425 1846 pars
451 1805 581 1846 quarta
606 1812 686 1837 cum
711 1801 857 1836 dimidia
881 1811 946 1846 per
971 1800 1141 1844 eandem,
1175 1810 1285 1845 quare
1317 1810 1382 1843 per
1405 1810 1461 1834 ax.
1487 1800 1518 1835 7.
1551 1800 1659 1835 etiam
1689 1807 1816 1844 quarta
1840 1812 1925 1846 pars

128 1864 208 1890 cum
233 1857 309 1889 toto
336 1854 470 1890 circulo
495 1854 650 1888 identice
676 1857 867 1894 consonat,
900 1858 936 1888 et
959 1863 1026 1897 per
1050 1863 1106 1888 ax.
1135 1854 1166 1889 5.
1203 1852 1388 1897 quodlibet
1414 1851 1653 1896 quadruplum
1679 1864 1757 1889 cum
1783 1855 1924 1900 simplo,

238 1907 319 1942 Jam
345 1910 437 1941 vero'
457 1917 549 1950 quae
569 1906 659 1942 ratio
686 1911 742 1942 est
765 1906 911 1951 primae,
938 1906 1119 1941 secundae
1145 1910 1180 1940 et
1203 1905 1331 1941 tertiae
1348 1904 1681 1951 proportionalium,
1707 1906 1832 1942 eadem
1857 1908 1926 1943 erit

126 1963 161 1994 et
187 1958 378 2002 secundae,
403 1959 533 1994 tertiae
559 1963 595 1994 et
619 1963 788 2001 quartae3
815 1963 850 1993 et
875 1959 927 1993 sic
953 1957 1122 1992 continue
1147 1957 1254 1992 trium
1274 1957 1373 1992 inter
1397 1966 1436 1990 se
1460 1956 1625 1992 identice.

238 2011 335 2048 Nota
359 2012 470 2057 igitur
503 2011 541 2046 in
564 2010 699 2047 talibus
732 2011 921 2046 discrimen
956 2011 1213 2046 consonantiae
1243 2009 1281 2044 in
1311 2018 1459 2053 genere,
1497 2013 1534 2043 et
1557 2007 1856 2046 identisonantiae
1886 2011 1924 2046 in

128 2065 260 2109 specie.
311 2064 518 2099 consonant
542 2069 663 2108 partes
691 2070 827 2109 quarta,
855 2069 991 2102 octava.
1018 2063 1197 2099 sedecima
1222 2067 1258 2098 et
1282 2062 1416 2097 similes
1441 2061 1548 2096 etiam
1564 2066 1714 2106 propter
1730 2062 1872 2100 axioma
1891 2066 1923 2100 1.

124 2121 160 2153 et
186 2117 322 2155 fis'ruras
347 2120 593 2158 tetragonum,
620 2121 834 2161 octogonum
861 2120 952 2162 etc.;
977 2116 1131 2151 identice
1164 2125 1249 2150 vero
1275 2118 1492 2157 consonant,
1518 2119 1667 2158 propter
1696 2114 1925 2152 accedentem
1986 2152 1990 2157 ,

123 2169 419 2214 propagationem
444 2168 551 2213 liujus
577 2167 698 2204 sectae
723 2168 918 2214 figurarum
944 2179 988 2204 ex
1013 2168 1211 2203 bisectione
1237 2166 1370 2201 circuli.
1419 2166 1512 2201 Nam
1537 2165 1566 2200 si
1592 2167 1730 2210 absque
1749 2166 1818 2202 hac
1841 2179 1923 2212 pro-

123 2223 315 2268 pagatione
331 2222 472 2266 fuisset,
498 2233 571 2257 non
596 2221 750 2257 fuissent
774 2222 884 2258 identi
900 2232 951 2256 -ae
976 2231 1099 2256 earum
1118 2220 1385 2256 consonantiae.
1429 2219 1516 2254 Cum
1534 2219 1626 2253 enim
1644 2218 1783 2264 figurae
1799 2230 1923 2256 omnes

122 2272 342 2311 faciant-vel
358 2274 497 2310 vmultas
532 2279 654 2319 partes
683 2273 822 2319 circuli,
859 2273 888 2308 si
915 2273 1097 2318 aequales,
1123 2273 1179 2307 vel
1205 2271 1433 2315 inaequales,
1459 2271 1490 2306 si
1519 2275 1660 2306 tantum
1685 2271 1819 2317 binas,
1846 2284 1924 2309 cum

125 2339 243 2365 aream
270 2325 594 2373 comprehendant,
628 2336 696 2362 nec
721 2326 846 2362 circuli
870 2336 992 2362 aream
1017 2326 1052 2361 in
1080 2326 1244 2369 aequalia
1269 2325 1444 2369 dividant,
1477 2334 1544 2359 nec
1570 2334 1691 2359 earum
1719 2323 1835 2359 latera
1857 2336 1924 2371 per

125 2385 286 2418 centrum
313 2380 501 2419 ducantur,
527 2379 645 2416 necin
664 2390 702 2414 se
720 2380 798 2424 ipsa
812 2379 984 2423 recidant,
1010 2388 1075 2412 nec
1102 2382 1304 2421 aequentur
1321 2376 1512 2412 diametro.
1539 2377 1797 2412 consonantiae
1815 2378 1922 2415 etiam

124 2445 169 2470 ex
194 2431 319 2477 figuris
344 2432 590 2476 tetragonicae
616 2437 737 2467 sectae
772 2437 872 2467 ortae
908 2431 1119 2466 dilatassent
1153 2440 1191 2464 se
1217 2428 1477 2473 quodammodo
1510 2428 1546 2462 in
1571 2428 1696 2464 auditu
1727 2434 1763 2463 et
1789 2429 1921 2466 disten·

129 2487 267 2522 dissent
287 2485 443 2520 animum
467 2484 641 2519 varietate
667 2489 703 2519 et
727 2483 932 2519 diversitate
950 2493 1075 2518 vocum
1094 2482 1301 2526 manifesta,
1328 2487 1367 2516 ut
1384 2481 1521 2516 faciunt
1538 2482 1803 2527 consonantiae,
1831 2493 1922 2527 quae

125 2542 209 2576 sunt
233 2548 255 2572 a
278 2537 403 2582 figuris
429 2536 570 2582 ceteris,
595 2545 742 2570 numero
769 2546 840 2570 non
865 2535 1002 2580 pariter
1025 2534 1103 2579 pari
1130 2535 1283 2570 laterum
1309 2533 1575 2578 constantibus;
1601 2543 1667 2578 per
1689 2545 1792 2580 prop.
1819 2538 1848 2571 1.
1903 2580 1906 2582 ,

239 2591 321 2626 Non
346 2589 460 2624 omnis
485 2593 605 2624 tamen
638 2589 691 2623 vis
717 2588 859 2623 ademta
892 2591 948 2623 est
983 2587 1066 2622 huic
1096 2586 1292 2629 figurarum
1325 2590 1444 2620 sectae
1476 2585 1636 2620 variandi
1669 2589 1921 2625 consonantias

132 2648 168 2678 et
193 2641 406 2678 deflectendi
431 2640 513 2675 illas
538 2650 559 2675 a
582 2640 741 2689 puritate
766 2639 1068 2675 identisonantiae
1094 2639 1205 2684 (sicut
1239 2639 1340 2683 ipsae
1373 2650 1394 2674 a
1419 2637 1648 2687 simplicitate
1679 2637 1842 2674 diametri
1865 2651 1921 2675 re-

128 2695 352 2735 cesserunt).v
390 2692 547 2731 Primum
572 2692 676 2735 enim,
704 2692 771 2727 etsi
795 2692 908 2736 partis
933 2692 1056 2727 circuli
1088 2703 1109 2727 a
1133 2691 1248 2737 figura
1279 2691 1455 2726 rescissae
1488 2690 1722 2726 consonantia
1745 2694 1920 2728 converti-

127 2754 186 2784 tur
209 2748 245 2782 in
269 2756 404 2782 meram
428 2745 745 2781 identisonantiam
771 2745 931 2787 (propter
955 2743 1083 2778 dictam
1109 2744 1405 2789 propagationem
1430 2743 1583 2789 partium
1610 2741 1732 2777 circuli
1761 2755 1782 2778 a
1806 2745 1921 2788 prima

128 2800 284 2834 omnium
308 2798 537 2843 bisectione)‚
563 2803 684 2833 tamen
710 2797 841 2843 gradus
866 2796 1168 2832 identisonantiae
1193 2796 1284 2831 fiunt
1310 2798 1537 2839 remotiores,
1574 2804 1716 2839 semper
1739 2797 1831 2831 enim
1856 2803 1919 2837 mi-

129 2863 195 2886 nor
219 2862 299 2886 cum
323 2850 488 2895 proxima
513 2861 552 2885 se
576 2849 713 2894 majore
737 2860 939 2885 consonans
965 2860 1009 2884 ex
1036 2849 1202 2894 opposito
1235 2849 1389 2885 identice
1421 2850 1461 2884 fit
1485 2852 1637 2894 acutior,
1672 2849 1918 2894 multiplicatis

131 2903 395 2948 oppositionum
422 2902 576 2947 vicibus,
611 2902 733 2948 itaque
758 2912 898 2946 semper
931 2907 1107 2947 augentur
1139 2913 1264 2937 vocum
1294 2903 1492 2939 intervalla..
1542 2903 1721 2946 Secundo,
1755 2901 1791 2937 in
1815 2905 1918 2947 parte

128 2955 269 3000 quidem
305 2959 426 2991 manet
459 2955 739 2990 identisonantia
769 2955 822 2997 (ut
853 2954 889 2989 in
922 2955 1080 2989 sectione
1111 2965 1174 2998 per
1207 2954 1451 2998 diametrum),
1476 2959 1513 2990 at
1544 2955 1579 2989 in
1609 2954 1753 2990 residuo
1784 2964 1917 2998 nequa.-

129 3018 255 3052 quam3
280 3006 322 3041 fit
351 3007 445 3041 enim
476 3006 752 3041 residuumhoc
777 3015 918 3050 semper
946 3006 982 3040 in
1006 3006 1130 3052 figuris
1155 3007 1412 3050 posterioribus
1438 3017 1477 3043 se
1502 3007 1581 3051 ipso
1608 3006 1777 3046 deterius,
1805 3015 1914 3049 quan-

128 3064 204 3094 tum
228 3058 274 3093 ad
298 3063 465 3094 naturam
488 3058 741 3094 harmonicam.
790 3057 861 3093 Sed
886 3057 930 3094 de
955 3058 1107 3094 residuis
1128 3058 1264 3094 ⁴talibus
1291 3064 1492 3103 sequuntur
1518 3059 1780 3105 propositiones
1805 3066 1911 3103 pecu-

127 3110 249 3147 liar-esf
292 3110 341 3146 Et
363 3110 530 3154 vicissim,
555 3121 627 3147 non
651 3110 730 3146 sola
753 3110 975 3156 tetragonica
999 3114 1098 3147 secta
1113 3110 1287 3148 identicas
1306 3110 1419 3155 gignit
1443 3111 1706 3153 consonantias,
1730 3108 1794 3146 sed
1808 3108 1913 3145 etiam
