1994 3276
786 118 897 156 mser
918 117 983 154 111.
1008 89 1128 164 cim
1147 116 1244 154 ΧΠ.
1432 126 1440 154 s
1657 134 1660 137 ι
1826 118 1911 161 395

131 235 352 284 mutine-
395 233 503 273 ¹Adde
524 233 692 281 deniqne,
715 234 814 296 qupd
836 234 1058 271 astronomia
1081 244 1167 271 vera
1186 233 1330 280 ignorat
1350 243 1432 271 cum
1453 232 1614 278 reliquas
1635 230 1775 272 orbium
1797 233 1913 281 plicas

130 300 200 338 pro
222 287 372 334 singulis
392 286 558 333 planetis,
574 292 659 324 -tum
680 288 835 324 maxine
856 287 1036 335 epicyolos
1058 287 1140 323 illos
1164 288 1187 324 5
1209 285 1913 333 pmemaliupotmetmstitui

130 342 216 382 nli·
238 340 468 388 comparatio,
494 344 535 376 ut
559 341 644 385 quia
666 339 816 388 epieyeli
839 345 877 376 et
899 339 1089 376 eeceutrici
1113 336 1254 375 mutant
1274 338 1474 382 intervalla,
1497 348 1592 383 qnae
1615 338 1807 383 generibus
1829 347 1915 376 cau·

132 398 192 433 tus
211 395 326 441 ,iussn
344 402 551 438 comparare
575 392 815 440 Ptolemaeus,
838 393 990 439 epieycli
1012 383 1156 438 quidem
1178 391 1376 435 intervalla,
1401 390 1613 427 eccentricis
1633 390 1714 427 fere
1737 390 1914 437 aequalia,

134 447 258 495 generi
278 445 466 484 matonioo.
490 445 681 481 eccentrici
702 455 788 482 vero
808 455 922 491 parva
944 449 985 481 et
1004 443 1155 491 opioyeli
1178 454 1309 488 magna
1330 443 1564 479 enharmonio
1587 443 1824 481 sociarentur.
1865 445 1916 481 At

131 511 212 538 αιιι
234 509 331 537 unus
353 497 486 534 Terrae
514 502 634 534 motus
665 498 760 534 cirea
791 497 912 534 Solem
934 507 1076 534 annuns
1098 497 1221 534 deleat
1242 499 1264 534 5
1296 496 1379 532 illos
1410 495 1718 542 inaequalissimos
1746 500 1785 532 et
1811 502 1915 533 mon-
1935 534 1940 540 ,

133 553 274 592 stro-ae
294 549 469 597 quosdam
491 550 746 596 magnitudinis
770 550 965 597 epicyclos‚
997 550 1154 586 nullus*
1141 561 1180 586 ιιι
1204 550 1294 585 meis
1319 548 1412 584 veris
1441 552 1480 584 et
1502 547 1706 584 causalibus
1730 557 1915 595 compara-

135 605 294 643 tionibus
314 602 447 649 poterit
469 611 661 647 superesse
681 602 784 639 locus
805 603 887 640 istis
909 602 1089 649 epicyclis.

244 670 345 708 Rota
366 670 464 707 XIII.
511 669 658 705 Dictum
679 671 738 704 est
760 676 884 714 supra,
921 667 961 703 in
985 667 1203 704 astronomia
1226 666 1425 704 Ptolemaei
1447 675 1521 701 non
1545 669 1689 701 exstare
1711 665 1914 711 proportio-

137 732 203 760 nes
226 724 450 770 planetarum
480 721 525 758 ad
549 731 589 758 se
612 725 747 757 mutuo.
796 720 919 766 Quare
941 731 1014 757 non
1039 726 1094 757 est
1118 730 1141 756 a
1163 730 1250 757 vero
1275 720 1560 766 dissentaneum,
1587 717 1853 765 Ptolemaeum,
1885 721 1918 759 si

133 775 347 812 absolvisset
377 775 484 812 etiam
515 775 586 810 hoc
618 777 747 819 caput,
778 773 1000 810 indulturum
1031 767 1167 820 aliquid
1200 773 1315 811 fuisse
1344 772 1454 818 hujus
1487 771 1663 809 similibus
1685 771 1915 817 conjecturis.

132 829 203 865 Est
219 833 339 865 autem
360 827 516 864 formata
538 837 584 863 ex
608 825 808 871 composita
829 826 1074 872 proportione.
1120 827 1213 863 Nam
1237 827 1267 862 si
1290 825 1476 872 proportio
1498 826 1744 863 reversionum
1760 822 1855 862 Solis
1878 828 1917 863 at

95 885 99 889 '
132 880 260 917 Lunae
281 880 507 926 duodecupla
529 883 691 925 praestat
713 879 983 924 proportionem
1006 878 1276 916 intervallorum
1298 878 1637 926 novemdecuplam,
1666 870 1834 915 manente
1855 876 1916 913 hic

138 932 293 980 simplici
313 933 584 980 proportionum
618 931 967 976 contemperatione,
997 935 1209 976 sequeretur
1231 922 1278 968 ad
1300 932 1570 979 proportionem
1593 930 1688 969 Solis
1710 936 1749 968 et
1772 929 1917 968 Saturni

137 986 379 1023 :eversionum
401 984 636 1032 trigecuplam
668 983 788 1029 (longe
816 984 989 1028 majorem
1012 984 1076 1019 illa
1111 984 1367 1030 duodecupla),
1400 984 1507 1031 longe
1531 985 1640 1022 etiam
1662 985 1778 1031 maj0r
1808 984 1917 1020 inter-

133 1039 308 1075 vallorum
330 1038 527 1086 proportio,
552 1047 661 1082 quam
684 1035 746 1071 illa
769 1035 1061 1082 novemdecupla.
1108 1036 1336 1073 Admiscetur
1357 1036 1468 1084 igitur
1495 1042 1695 1084 respectus
1705 1035 1917 1072 humilitatis

132 1093 260 1129 Lumo
282 1097 319 1129 et
342 1089 540 1127 altitudinis
564 1088 727 1133 Saturni,
753 1087 805 1123 sic
829 1091 870 1124 ut
892 1088 997 1124 Luna
1020 1089 1165 1135 quidem
1188 1090 1237 1126 sit
1258 1090 1376 1126 minus
1400 1090 1506 1126 tarda
1528 1100 1636 1136 quam
1658 1089 1820 1134 humilis,
1853 1089 1916 1125 Sa·

133 1151 262 1183 turnus
283 1145 368 1191 plus
391 1142 517 1180 tardus
542 1152 649 1187 quam
674 1140 781 1186 altus,
806 1140 852 1176 ob
873 1140 912 1189 id
936 1142 1066 1186 ipsum,
1091 1142 1177 1186 quia
1198 1140 1262 1178 illa
1284 1141 1441 1188 humilis,
1465 1143 1536 1179 iste
1551 1142 1658 1183 altus,
1683 1141 1798 1188 quasi,
1823 1150 1917 1186 quae

137 1201 262 1235 centro
284 1197 532 1241 inniterentur,
558 1194 697 1241 aptiora
720 1199 842 1230 essent
865 1194 912 1230 ad
934 1198 1081 1229 motum.
1129 1193 1256 1238 Itaque
1278 1195 1584 1241 praesupponitur
1606 1195 1666 1231 hic
1695 1199 1737 1231 ut
1758 1192 1918 1238 legitima

139 1248 302 1288 collectio
333 1247 432 1293 talis,
463 1246 558 1292 quod
591 1247 638 1282 sit
667 1246 764 1282 sicut
792 1245 886 1282 infra
919 1245 1038 1282 Solem
1071 1247 1257 1293 proportio
1291 1248 1522 1284 altitudinum
1550 1245 1837 1292 novemdecupla
1871 1243 1918 1281 ad

136 1300 404 1349 proportionem
426 1300 671 1337 reversionum
686 1298 963 1344 'duodecuplam
993 1303 1030 1334 et
1051 1299 1242 1344 minorem,
1276 1301 1328 1335 sic
1352 1311 1463 1345 supra
1486 1299 1606 1335 Solem
1640 1298 1688 1336 sit
1712 1298 1790 1334 vice
1813 1306 1919 1333 versa

134 1355 320 1403 proportio
342 1354 584 1390 reversionnm
607 1352 809 1398 trigecupla
831 1351 877 1387 ad
900 1351 1167 1397 proportionem
1190 1351 1418 1388 altitudinum
1442 1351 1771 1397 novemdecuplam,
1794 1348 1918 1385 itidem

135 1408 318 1445 minorem.
356 1406 458 1443 -Nam
483 1405 514 1442 si
540 1405 582 1441 19
608 1404 670 1440 dat
696 1404 757 1447 12,
788 1410 875 1440 tunc
898 1404 935 1440 iu
959 1415 1002 1440 ea
1023 1404 1259 1450 proportione
1282 1405 1329 1442 30
1352 1405 1415 1440 dat
1437 1405 1482 1442 19
1506 1405 1596 1443 fere
1641 1404 1692 1440 Et
1722 1403 1814 1440 haec
1836 1412 1918 1448 pro-

135 1460 255 1508 portio
279 1459 469 1496 Saturniae
499 1457 674 1503 sphaerae
696 1458 752 1493 ad
789 1456 949 1492 Solarem
979 1467 1053 1492 non
1093 1456 1247 1491 multum
1277 1455 1398 1492 differt
1430 1467 1451 1492 a
1480 1457 1679 1493 ratiom‘bus
1713 1454 1919 1499 Albategnii

58 1542 60 1545 ,
82 1557 87 1560 ⁶
132 1517 172 1549 et
193 1510 397 1556 Alfragmi,
433 1510 494 1555 qui
517 1511 768 1556 proportiones
801 1510 943 1546 orbium
972 1511 1144 1549 (assumto
1168 1508 1363 1554 principio,
1396 1508 1493 1554 quod
1523 1510 1698 1555 sphaerae
1728 1518 1768 1544 se
1791 1512 1919 1544 mutuo

85 1566 95 1572 '
137 1563 358 1610 contingant)
391 1563 654 1608 investigarunt
685 1573 730 1597 ex
759 1562 944 1607 principiis
969 1561 1196 1598 Ptolemaicis
1228 1563 1534 1608 inveneruntque,
1570 1562 1764 1598 Saturnum
1788 1559 1919 1596 debere
1933 1581 1938 1585 -
1953 1559 1961 1571 ’

134 1616 349 1654 summoveri
373 1626 394 1651 a
410 1615 523 1650 Terra
547 1615 593 1650 ad
615 1615 816 1650 minimum:
841 1613 1079 1658 Albategnius
1107 1616 1221 1651 18100
1242 1614 1514 1651 semidiametris
1530 1608 1674 1659 Terrae,
1698 1611 1918 1658 Alfraganus

140 1658 262 1715 18500‘,
288 1668 446 1714 qualium
471 1667 532 1702 Sol
556 1667 651 1702 absit
678 1668 767 1703 1176
791 1667 943 1711 circiter,
970 1677 1062 1711 quae
1087 1666 1344 1711 est‘proportio
1364 1666 1558 1712 sedecupla
1573 1665 1776 1710 fere31icet
1799 1668 1919 1700 autem

66 1755 69 1757 ,
135 1731 270 1768 augere
293 1720 517 1756 altitudinem
541 1720 717 1764 sphaerae
742 1719 902 1759 Saturni
928 1719 1017 1754 nihil
1039 1718 1257 1763 impediente
1281 1719 1500 1755 astronomia
1521 1693 1760 1763 Ptoleuiaica,
1789 1722 1832 1752 ut
1854 1716 1932 1752 fiat·

135 1779 173 1811 et
193 1776 275 1820 ipsa
296 1771 577 1816 novemdecupla
600 1771 776 1815 sphaerae
801 1761 951 1816 Solafis,
986 1773 1079 1807 sicut
1101 1771 1173 1806 ista
1196 1775 1253 1807 est
1274 1771 1558 1817 novemdecupla
1581 1771 1757 1816 sphaerae
1779 1769 1918 1805 Lunae.

124 1821 238 1863 ‘Licet
259 1816 415 1861 vicissim
438 1830 515 1868 (per
538 1824 805 1860 observationes
836 1824 979 1868 quidem
1003 1824 1189 1870 eclipticas
1217 1835 1290 1860 nou
1314 1824 1628 1870 accuratissimus,
1663 1834 1685 1859 a
1708 1820 1917 1859 Ptolemaeo

136 1875 314 1916 adhibitas
338 1878 383 1913 ad
407 1878 502 1912 hanc
525 1876 874 1912 demonstrationem)
898 1877 994 1920 licet,
1019 1878 1178 1922 inquam,
1203 1877 1417 1913 contrahere
1442 1878 1634 1923 sphaeram
1657 1876 1763 1921 Solis,
1787 1879 1829 1911 ut
1852 1885 1919 1920 pro

134 1929 412 1974 novemdecupla
434 1929 559 1964 Lunae
582 1929 647 1963 fiat
669 1928 766 1963 illius
792 1928 995 1974 sedecupla.
1043 1929 1221 1975 Utrinque
1246 1930 1402 1976 sphaera
1419 1931 1513 1966 Solis
1535 1930 1654 1966 media
1676 1929 1741 1965 fiet
1763 1928 1919 1965 medium

136 1982 404 2030 proportionale
427 1982 522 2016 inter
545 1981 719 2025 sphaeras
743 1980 870 2016 Lunae
894 1985 931 2015 et
955 1981 1101 2016 Saturni
1125 1987 1322 2022 extremas
1354 1983 1448 2019 sicut
1470 1986 1570 2020 mese
1598 1983 1634 2017 in
1658 1981 1823 2018 tensione
1846 1992 1921 2017 una

136 2035 293 2071 omnium
323 2039 379 2070 est
410 2034 564 2070 medium
594 2032 862 2093 proportionale
892 2033 987 2069 inter
1018 2036 1127 2069 neten
1158 2034 1427 2079 hyperbolaeon
1456 2039 1493 2070 et
1519 2034 1918 2094 proslambanomenon·

137 2087 216 2124 Hoc
238 2087 351 2131 igitur
376 2087 414 2122 ιιι
436 2086 663 2149 paragrapho
692 2086 792 2131 prior
815 2091 871 2122 est
895 2087 1084 2122 observata
1108 2087 1311 2131 proportio,
1347 2091 1385 2122 at
1407 2087 1444 2122 ιιι
1469 2086 1542 2122 fine
1566 2085 1695 2132 capitis
1715 2085 1762 2120 ἰιι
1784 2084 1921 2121 tabella

135 2140 323 2186 posterior.
366 2146 369 2148 ’

251 2193 351 2228 Haec
373 2193 484 2238 igitur
507 2197 625 2236 erant,
658 2201 750 2236 quae
775 2192 871 2227 circa
892 2157 1002 2236 hujus
1027 2191 1154 2236 capitis
1178 2196 1318 2226 textum
1347 2191 1394 2226 ad
1417 2195 1574 2226 mentem
1597 2188 1795 2225 Ptolemaei
1819 2198 1841 2223 a
1863 2197 1921 2223 me
1939 2201 1948 2205 ⁴

140 2245 392 2282 concinnatum
416 2245 621 2280 annotanda
645 2244 780 2280 censui.
829 2245 943 2280 Venio
967 2255 1062 2280 nunc
1096 2243 1142 2280 ad
1166 2242 1393 2280 collationem
1416 2242 1659 2279 Ptolemaicae
1683 2240 1920 2287 comparatio-

139 2297 194 2333 nis
218 2307 299 2332 cum
321 2296 474 2331 inventis
498 2301 572 2331 tam
596 2300 774 2340 veterum,
798 2307 906 2341 quam
929 2297 1029 2331 meis.
1331 2320 1333 2322 »

251 2347 335 2383 Etsi
365 2347 458 2382 enim
481 2348 709 2384 Ptolemaeus
734 2348 861 2393 capitis
892 2353 1032 2384 textum
1061 2349 1140 2393 ipse
1164 2358 1237 2383 uon
1261 2348 1423 2392 scripsit,
1458 2357 1504 2382 ex
1535 2347 1616 2391 ipso
1647 2350 1767 2381 tamen
1791 2344 1920 2389 capitis

137 2402 305 2437 lemmate
326 2399 432 2435 facile
456 2399 650 2444 colligitur,
675 2400 920 2435 Ptolemaeum
944 2400 1003 2434 hic
1026 2400 1183 2444 aliquam
1207 2404 1345 2444 partem
1372 2398 1624 2443 philosophiae
1649 2397 1919 2444 Pythagoricae,

132 2454 190 2488 -de
213 2453 370 2489 siderum
393 2452 546 2495 musica,
582 2452 725 2487 tradere
748 2462 899 2496 eamque
921 2451 1050 2486 melius
1082 2448 1274 2487 emendare
1297 2450 1466 2486 voluisse.
1514 2450 1683 2493 Legimus
1706 2450 1800 2485 enim
1825 2449 1922 2494 apud

140 2506 294 2541 Plinium
318 2504 378 2538 lib.
403 2504 448 2539 II.
475 2514 553 2548 cap.
576 2504 631 2550 27,
655 2505 899 2550 Pythagoram
922 2503 1112 2540 intervalla
1136 2503 1308 2539 coelestia
1330 2513 1353 2537 a
1368 2501 1482 2536 Terra
1504 2511 1619 2545 usque
1643 2501 1689 2536 ad
1714 2500 1920 2544 signiferum

140 2567 367 2602 comparasse
392 2566 472 2591 cum
495 2556 633 2592 musico
655 2557 843 2592 intervallo
866 2557 983 2592 utrius
1001 2556 1186 2600 diapason.
1236 2555 1338 2590 Sicut
1354 2554 1448 2590 enim
1465 2554 1501 2587 in
1521 2553 1695 2598 diapason
1711 2558 1797 2587 sunt
1812 2563 1920 2589 voces

141 2614 233 2653 octo,
258 2608 517 2644 constituentes
539 2607 729 2643 intervalla
752 2613 900 2653 septem,
926 2608 1166 2652 quaefiuncta
1189 2606 1326 2643 faciunt
1348 2607 1492 2643 circiter
1515 2616 1580 2641 sex
1604 2610 1770 2641 tonorum
1794 2605 1919 2649 ampli·

140 2662 316 2704 tudinem,
353 2659 406 2694 sic
435 2659 543 2694 etiam
573 2659 610 2693 in
641 2660 773 2698 mundo
806 2661 1047 2696 censebantur
1079 2670 1230 2705 corpora
1262 2666 1344 2696 octo
1374 2659 1594 2703 totidemque
1619 2657 1742 2703 orbes,
1780 2661 1921 2702 septem

142 2714 283 2759 quidem
306 2711 455 2746 totidem
477 2710 711 2755 planetarum,
735 2716 862 2748 octava
882 2723 968 2748 vero
991 2713 1155 2748 fixarum.
1202 2712 1427 2758 Pythagoras
1443 2711 1551 2755 igitur
1575 2721 1726 2755 corpora
1749 2710 1921 2754 coelestia.

141 2763 359 2809 comparavit
382 2764 491 2808 sonis,
518 2773 706 2808 corporum
727 2757 916 2800 intervalla
940 2775 1108 2800 sonorum
1131 2764 1340 2799 intervallis.
1390 2763 1539 2799 Addidit
1572 2763 1789 2798 coelestibus
1811 2756 1921 2799 etiam

143 2817 289 2852 Terram
311 2815 439 2860 ipsam,
463 2824 674 2874 comparans
706 2821 743 2850 et
763 2815 858 2851 hanc
881 2816 1043 2859 unisono,
1068 2816 1172 2860 cujus
1195 2816 1399 2857 accessione
1431 2825 1477 2849 ex
1501 2815 1675 2859 diapason
1706 2824 1771 2849 seu
1794 2819 1921 2851 octava

142 2867 252 2903 fiebat
280 2878 387 2903 nona.
435 2867 558 2902 Facile
588 2867 682 2901 enim
714 2867 992 2911 deprehenditur
1013 2869 1122 2903 Plinii
1150 2869 1290 2914 lapsus,
1328 2868 1389 2912 qui
1413 2878 1493 2902 cum
1524 2878 1570 2902 ex
1593 2867 1820 2912 Pythagorae
1843 2867 1920 2912 pla·

145 2919 224 2955 citis
247 2931 270 2955 a
293 2920 406 2955 Terra
428 2919 474 2954 ad
497 2919 704 2964 signiferum
727 2919 933 2965 collegisset
952 2931 1128 2956 summam
1154 2926 1291 2966 septem
1315 2925 1501 2964 tonorum,
1527 2919 1749 2964 dispertitam
1777 2920 1814 2954 in
1837 2922 1919 2957 octo

143 2971 340 3015 intervalla,
364 2981 491 3006 novem
512 2972 672 3007 terminis
698 2982 762 3007 seu
785 2972 995 3016 corporibus
1017 2973 1253 3015 interstincta,
1278 2977 1404 3016 postea
1419 2972 1708 3015 pronunciaverit
1719 2982 1918 3019 perperam,

5 3000 41 3013 a.

8 3016 29 3032 ‘
71 3026 74 3031 ‘
146 3023 240 3058 hauc
262 3033 436 3058 summam
460 3027 597 3067 septem
627 3028 795 3058 tonorum
819 3023 961 3059 efficere
984 3024 1174 3069 diapason,
1210 3034 1289 3059 cum
1314 3028 1472 3066 constet,
1509 3033 1574 3058 sex
1599 3024 1695 3059 solos
1727 3030 1833 3060 tonos
1856 3025 1919 3061 im·

146 3073 244 3118 plere
274 3075 468 3120 diapason3
503 3075 627 3119 itaque
657 3074 726 3110 hoc
758 3074 878 3111 dicere
907 3075 1047 3120 debuit,
1083 3086 1105 3111 a
1127 3076 1233 3111 Luna
1263 3084 1378 3119 usque
1415 3074 1462 3110 ad
1485 3074 1693 3119 signiferum
1723 3075 1918 3113 secundum
