1994 3276
108 37 192 75 424
727 32 949 78 Appendicis
972 32 1271 83 Harmonicorum

107 153 204 191 forte
234 152 362 190 minus
393 156 566 191 attentus
599 151 649 190 ad
680 152 887 191 verborum
917 163 1090 192 meorum
1121 164 1279 192 sensum
1308 153 1408 205 suit,
1439 156 1676 221 contemtum
1704 151 1830 204 operis
1847 153 1904 193 tui

108 211 281 249 vicissim
311 215 439 249 exuat.
449 207 508 262 ⁴⁴)
1037 239 1044 243 .

225 269 397 307 Primum
427 269 527 307 facio
559 267 764 308 discrimen
795 269 835 306 in
866 270 1040 307 materia.
1101 269 1203 309 Nam
1234 281 1320 308 cum
1350 267 1450 307 nihil
1477 254 1530 308 sit
1560 268 1600 306 in
1631 272 1714 308 toto
1744 267 1902 316 mundo,

109 325 214 378 quod
255 329 386 378 operis
427 328 482 365 tui
523 326 739 378 amplitudo
780 338 858 364 non
899 326 1198 378 complectatur,
1241 327 1288 366 de
1321 327 1456 366 ceteris
1492 326 1648 377 quidem
1691 328 1818 377 operis
1848 328 1904 365 tui

109 385 285 437 partibus
325 397 426 423 unus
466 396 539 435 ego
582 396 659 423 non
690 384 886 424 intercedo
917 386 1110 436 suffragiis
1154 391 1212 427 tot
1242 385 1444 425 doctorum
1473 386 1663 433 virorum,
1710 396 1811 435 quae
1843 384 1904 424 al-

108 445 237 493 legas3
270 443 376 493 quod
408 454 500 482 vero
531 449 682 494 partem
712 442 823 481 illam
853 445 992 482 attinet
1023 444 1338 496 mathematices,
1368 455 1470 494 quae
1499 443 1722 483 harmonice
1752 442 1903 491 dicitur,

112 513 225 553 spero
259 501 449 551 equidem,
481 514 542 540 me
575 501 897 551 diagrammatum
928 513 1103 541 meorum
1133 514 1298 554 operosa
1328 500 1586 553 suppellectili
1620 500 1905 541 demonstrasse

109 561 319 599 lectoribus
361 562 557 610 egregiam
599 559 864 608 voluntatem,
910 566 1092 600 conatum
1133 573 1203 601 seu
1238 563 1396 608 nisum,
1448 571 1510 598 res
1549 561 1658 609 ipsas
1699 561 1904 599 involutas

111 619 350 658 obscuritate
380 621 424 656 in
455 619 553 656 lucis
583 618 826 657 intellectum
855 619 1112 669 proferendi,
1157 631 1243 659 cum
1273 623 1316 658 tu
1347 619 1518 657 vicissim
1546 617 1772 656 harmonica
1802 622 1905 657 trac-

111 683 169 716 tes
201 677 317 728 paulo
348 677 482 725 aliter,
523 676 670 726 illaque
701 677 983 727 quantitatibus
1023 675 1078 730 (id
1110 683 1168 716 est
1206 689 1294 717 meo
1321 676 1472 727 judicio
1510 675 1599 715 luce
1627 674 1714 728 sua)
1743 676 1904 727 spolies.

113 736 213 774 Nam
243 735 318 774 hoc
349 734 561 774 secundum
587 735 670 785 jam
701 739 760 774 est
791 734 997 774 discrimen
1028 736 1316 776 observandum
1346 737 1386 773 in
1414 734 1542 774 verbis
1562 735 1672 784 meis,
1703 734 1809 784 quod
1839 734 1907 773 illa

113 806 189 832 non
223 793 270 832 de
302 794 503 846 profectu,
543 793 613 832 sed
645 793 692 832 de
724 798 867 831 conatu
904 793 1128 843 loquuntur.
1176 793 1294 844 ¹Quid
1334 794 1451 844 igitur
1479 793 1550 831 tibi
1589 793 1641 832 sit
1681 794 1784 832 circa
1813 792 1906 831 har-

112 854 269 891 monica
299 853 553 902 propositum,
582 852 664 901 jam
694 862 812 901 supra
843 851 985 899 dixisti,
1018 853 1150 891 multa
1179 855 1224 891 in
1238 864 1378 902 pauca
1399 863 1654 902 conyreyam,
1684 856 1906 890 extractam

115 912 367 950 harmonices
397 911 608 949 essentiam
629 910 821 959 colliyere,
852 911 1125 960 faeculentam
1145 911 1414 949 substantiam
1429 908 1718 963 (quantitatum,
1749 915 1791 948 ut
1808 910 1909 948 infra

117 968 303 1022 explicas)
332 970 506 1017 rejicere,
539 968 647 1017 quod
677 968 826 1008 bonum
857 973 912 1006 est
939 971 986 1007 in
1014 981 1086 1008 suo
1101 971 1272 1020 proprio
1302 968 1466 1007 vasculo
1485 966 1590 1020 (sunt
1610 972 1740 1006 autem
1761 967 1906 1017 figurae

113 1027 454 1079 hieroglyphicae,
494 1026 568 1065 hoc
608 1031 668 1065 est
707 1025 944 1077 aenigmata)
984 1028 1186 1067 collocare.
1246 1026 1334 1066 Hoc
1372 1027 1474 1065 enim
1504 1026 1576 1065 tibi
1607 1030 1666 1065 est
1704 1036 1906 1065 arcanum

110 1088 296 1125 scientiae
337 1085 532 1135 deteyere,
577 1085 777 1124 occultum
805 1085 1079 1135 manifestare,
1109 1087 1143 1123 si
1171 1087 1231 1123 rei
1257 1085 1518 1124 harmonicae
1546 1088 1702 1122 natura
1729 1085 1905 1134 interna,

113 1145 282 1183 vestibus
313 1149 435 1183 eaeuta
467 1143 770 1195 (quantitatum),
811 1143 1048 1182 includatur
1075 1144 1231 1194 fiyurae
1260 1143 1577 1193 hieroylyphicae
1603 1147 1782 1181 naturae
1810 1154 1908 1182 suae

104 1209 182 1242 *tuo
210 1202 360 1253 judicio
390 1205 522 1252 mayis
551 1206 684 1250 aptae,
716 1206 762 1240 ut
791 1202 835 1239 in
865 1213 913 1239 ea
944 1206 1144 1251 tanquam
1174 1204 1218 1239 in
1247 1202 1405 1251 speculo
1438 1200 1499 1239 vel
1529 1202 1749 1251 aenigmate
1779 1202 1909 1240 cmm

116 1263 200 1309 ejus
231 1261 379 1310 absque
396 1262 645 1299 ,circuitione
673 1260 889 1298 verborum
921 1260 1044 1298 oculis
1076 1264 1113 1298 et
1142 1262 1281 1299 animo
1302 1261 1583 1308 conspiciatur.
1645 1257 1761 1308 Quod
1789 1259 1908 1309 igitur

116 1321 340 1369 aenigmata
370 1323 457 1367 tua,
502 1318 728 1357 harmonica
769 1318 950 1367 inquam,
993 1318 1199 1356 tenebrosa
1229 1317 1406 1369 appello,
1445 1317 1586 1366 loquor
1617 1328 1665 1355 ex
1690 1316 1908 1366 judiciolet

115 1384 231 1428 captu
261 1389 365 1426 meo,
411 1382 449 1415 et
478 1376 606 1415 habeo
638 1380 676 1414 te
708 1375 1019 1425 astipulatorem,
1059 1377 1126 1426 qui
1163 1387 1303 1425 negas,
1346 1380 1452 1414 tuam
1483 1375 1735 1414 intentionem
1764 1375 1906 1425 subjici

116 1436 508 1475 demonstrationibus
538 1434 840 1482 mathematicis,
880 1435 962 1472 sine
995 1435 1135 1483 quibus
1170 1445 1242 1484 ego
1270 1445 1413 1472 coecus
1442 1445 1548 1482 sum3
1589 1433 1660 1471 tibi
1691 1438 1733 1471 tu
1766 1433 1908 1472 videris

115 1494 418 1533 luculentissime
463 1495 593 1532 omnia
635 1492 866 1543 depingere,
912 1491 1044 1542 figuris
1085 1492 1386 1543 hieroglyphicis
1433 1491 1548 1531 valde
1595 1490 1905 1541 significantibus

117 1553 320 1604 explicare.
379 1551 429 1590 Et
458 1550 555 1590 illud
585 1550 679 1588 mihi
711 1555 749 1589 et
778 1551 849 1589 tibi
879 1549 954 1588 hoc
986 1550 1164 1599 videtur3
1205 1550 1446 1589 abundemus
1483 1554 1645 1598 uterque
1674 1560 1746 1588 suo
1776 1561 1906 1599 sensu,

117 1612 264 1662 judicet
293 1610 416 1650 lector
447 1615 485 1649 et
517 1610 733 1660 composita
762 1608 810 1647 lis
842 1610 925 1648 erit.
987 1608 1090 1646 Illud
1122 1608 1247 1647 solum
1277 1608 1370 1646 mihi
1396 1607 1648 1660 relinquatur,
1677 1607 1782 1657 quod
1800 1608 1909 1647 nulla

120 1670 262 1719 injuria
290 1681 361 1708 nec
392 1674 459 1707 tuo
491 1670 530 1706 in
561 1668 796 1706 harmonicis
827 1678 946 1718 scopo
978 1668 1222 1717 aenigmata,
1267 1678 1338 1706 nec
1367 1677 1454 1704 meo
1483 1666 1639 1705 conatui
1667 1677 1810 1705 rerum.
1835 1667 1909 1706 ob-
1973 1670 1975 1673 '

125 1740 324 1767 scurarum
347 1727 658 1778 explicationem,
692 1736 792 1775 quae
823 1724 866 1763 fit
896 1737 965 1775 per
996 1725 1115 1764 verba
1146 1730 1184 1763 et
1214 1725 1463 1775 quantitates,
1495 1724 1623 1762 tribui.
1681 1723 1782 1763 Nam
1811 1724 1909 1763 illud

120 1786 167 1825 de
197 1791 265 1825 tuo
297 1797 414 1836 scopo
442 1786 525 1835 jam
557 1785 684 1823 verbis
714 1785 792 1822 tuis
822 1785 943 1834 ipsius
973 1784 1150 1833 probavi,
1182 1783 1256 1822 hoc
1287 1783 1334 1822 de
1364 1794 1450 1822 meo
1473 1787 1614 1821 conatu
1643 1793 1792 1821 rursum
1827 1787 1908 1822 tute

118 1846 201 1895 ipse
232 1845 383 1895 analysi
413 1855 517 1882 nona
557 1855 598 1882 es
629 1842 778 1889 fassus,
820 1853 881 1880 me
913 1843 1185 1880 consonantias
1218 1842 1350 1890 coelo,
1394 1846 1514 1888 terra,
1557 1851 1634 1878 non
1663 1839 1811 1879 meliori
1843 1842 1909 1879 via

121 1915 238 1952 quam
268 1901 554 1951 longitudinum
584 1901 832 1951 proportione
864 1899 1065 1939 enucleare
1097 1911 1224 1950 posse.
1282 1900 1332 1938 Et
1351 1901 1496 1949 passim
1519 1898 1794 1937 verbositatem
1813 1898 1908 1937 mihi

123 1961 278 2010 objicis,
326 1972 404 2011 qua
434 1971 474 1998 re
503 1958 818 2009 perspicuitatem
858 1961 991 2007 utique
1022 1957 1191 2007 solemus
1222 1958 1422 2006 affectare,
1464 1968 1550 1996 cum
1581 1961 1623 1994 tu
1661 1967 1779 2033 saepe
1818 1955 1906 1998 l'oco

121 2020 338 2067 verborum,
372 2029 471 2068 quae
502 2028 680 2064 recusas,
714 2015 898 2055 exhibeas
927 2017 1111 2065 picturas

237 2077 374 2126 Neque
403 2082 535 2115 tamen
564 2075 639 2113 hoc
669 2074 770 2113 idem
802 2081 881 2122 est,
913 2085 960 2112 ac
990 2075 1023 2112 si
1053 2078 1090 2113 te
1122 2073 1304 2111 dixissem
1341 2072 1469 2111 celare
1498 2074 1687 2121 mysteria
1718 2078 1908 2122 veterum,

126 2135 231 2185 quod
262 2141 321 2174 est
350 2134 551 2186 propositi.
611 2133 695 2170 Etsi
726 2132 828 2171 enim
859 2131 972 2175 mihi,
1005 2134 1071 2181 qui
1102 2131 1385 2169 mathematicis
1418 2129 1811 2171 demonstrationibus
1841 2144 1909 2170 as-

128 2195 253 2245 suevi,
290 2193 454 2232 multum
494 2191 738 2231 tenebrarum
771 2189 973 2228 offundunt
1014 2191 1054 2227 in
1092 2189 1326 2228 harmonicis
1363 2188 1656 2238 hieroglyphice
1694 2194 1781 2238 tua,
1827 2189 1910 2229 fieri

126 2257 255 2290 tamen
285 2255 415 2302 potest
453 2256 491 2289 et
530 2250 673 2287 factum
705 2248 841 2296 credo,
886 2253 928 2285 ut
959 2253 1001 2286 tu
1033 2248 1338 2292 existimaveris,
1378 2250 1416 2284 te
1446 2246 1750 2286 luculentissime
1781 2250 1920 2286 omnia*

128 2306 416 2362 depingere.⁴⁵)
478 2307 579 2357 Quin
610 2319 657 2345 ne
688 2306 763 2345 hoc
794 2305 948 2356 quidem
979 2317 1097 2344 ausus
1129 2305 1286 2343 fuissem
1318 2305 1467 2352 dicere,
1500 2304 1604 2354 quod
1635 2310 1676 2343 tu
1719 2318 1806 2356 pag.
1842 2307 1905 2344 12.

131 2368 177 2407 de
210 2374 248 2407 te
281 2367 383 2407 credi
414 2368 495 2415 vis,
539 2371 575 2404 te
608 2364 760 2404 occulta
789 2375 858 2414 pro
888 2375 1003 2414 posse
1034 2363 1321 2411 manifestasse,
1358 2374 1449 2400 nam
1478 2363 1591 2412 plura
1618 2363 1682 2402 hic
1711 2369 1750 2403 te
1780 2375 1907 2415 posse,

131 2439 248 2476 quam
280 2438 357 2465 una
387 2426 474 2464 vice
503 2424 620 2463 libuit
649 2427 867 2473 praestare,
897 2422 1029 2461 malim
1061 2421 1226 2460 credere.

246 2484 356 2534 Quae
388 2484 569 2533 deinceps
600 2486 807 2532 praecepta
838 2482 1053 2530 sapientum
1085 2485 1166 2518 tute
1198 2479 1269 2517 tibi
1300 2478 1375 2528 ipsi
1406 2478 1561 2528 objicis,
1593 2454 1776 2529 mysteria
1803 2479 1908 2530 phy-

130 2545 211 2582 sica
242 2543 443 2590 revelanti,
475 2553 522 2580 ea
552 2540 668 2578 velim
700 2552 724 2578 a
753 2540 897 2588 teipso
919 2538 1094 2576 dissolvi.
1150 2538 1334 2576 Forsitan
1360 2538 1460 2574 enim
1482 2537 1630 2586 aliquid
1651 2537 1799 2585 afferes,
1830 2549 1907 2587 quo

130 2607 168 2640 et
198 2603 281 2651 ipse
312 2602 409 2639 tueri
440 2611 501 2637 me
531 2599 689 2648 possim,
720 2597 941 2635 harmonias
972 2595 1158 2634 coelestes
1188 2596 1227 2632 in
1255 2595 1379 2633 lucem
1410 2595 1606 2644 proferens
1637 2600 1676 2634 et
1704 2595 1907 2635 silentium

128 2662 173 2697 in
201 2661 364 2698 scientia
393 2662 540 2696 secreta
569 2666 769 2694 recusans.
833 2654 934 2702 Quin
968 2655 1082 2692 etiam
1113 2653 1183 2691 tibi
1214 2654 1288 2703 ipsi
1319 2654 1519 2702 quaerenti
1550 2658 1632 2692 tute
1656 2653 1906 2703 respondeto,

131 2730 210 2765 cur,
243 2729 328 2755 cum
358 2727 500 2754 arcana
529 2714 691 2764 physica
719 2711 862 2751 mundo
893 2711 1136 2762 propalatum
1169 2722 1254 2759 eae,
1299 2711 1585 2760 aenigmatibus
1625 2712 1756 2761 potius
1786 2712 1905 2749 utaris

129 2777 166 2812 in
198 2776 322 2814 vicem
351 2772 568 2812 sermonis?

249 2832 402 2881 Quaero
433 2832 603 2869 vicissim
635 2841 719 2880 ego,
751 2839 817 2867 cur
846 2837 1074 2866 succenseas
1104 2825 1210 2874 mihi,
1242 2815 1461 2876 aenigmata
1489 2826 1560 2865 tibi
1592 2826 1782 2874 tribuenti,
1819 2839 1904 2866 cum

133 2890 207 2927 hac
247 2892 331 2941 ipsa
361 2901 475 2940 super
514 2900 554 2927 re
582 2893 661 2926 tam
701 2898 860 2938 operose
891 2889 930 2924 te
961 2883 1239 2923 defendendum
1271 2885 1342 2923 tibi
1384 2896 1409 2923 a
1436 2883 1540 2922 linea
1575 2885 1638 2922 16.
1676 2885 1904 2934 putaveris?

134 2947 270 2986 Nonne
302 2959 391 2998 ergo
423 2947 554 2985 fateris
575 2946 805 2995 'aenigmata
834 2943 1049 2990 tenebrosa,
1081 2943 1237 2981 sirecte
1268 2955 1292 2981 a
1321 2946 1359 2980 te
1391 2946 1576 2991 usurpata
1602 2941 1827 2990 contendis,
1870 2944 1904 2981 si

135 3006 319 3056 exemplis
348 3010 386 3044 te
416 3006 566 3056 magnis
596 3003 754 3044 munis?
811 3002 970 3042 Licetne
1009 2999 1103 3039 mihi
1133 3005 1240 3039 tuum
1279 3001 1318 3038 in
1349 3003 1456 3038 tanta
1487 3001 1674 3039 sermonis
1715 3000 1903 3050 inaequa-
