1994 3276
144 71 228 110 452
769 63 991 115 Appendicis
1013 66 1314 123 Harmonicorum

145 187 342 239 principiis
372 197 518 224 marem
549 191 587 224 et
616 185 800 225 feminam
830 188 999 228 unitates
1031 189 1126 227 facis
1147 188 1308 239 physice
1330 187 1528 238 aequales,
1559 189 1785 227 societatem
1807 199 1939 228 eorum

145 247 363 284 unisonum.
423 243 522 283 Mihi
554 256 637 283 mas
670 251 728 284 est
757 251 800 284 ut
830 246 1014 295 binarius,
1046 247 1190 286 semina
1221 253 1262 284 ut
1293 249 1433 295 unitas,
1464 248 1613 285 ratione
1644 246 1801 296 quidem
1832 258 1940 286 com-

145 305 358 355 parationis
390 314 476 341 eum
509 303 794 342 concordantiis
824 306 995 345 musicis.
1056 305 1136 353 Tu,
1169 308 1203 343 si
1234 306 1363 357 lubet,
1403 310 1508 343 verte
1539 305 1733 350 ordinem,
1771 306 1823 344 sit
1853 317 1936 357 mas

146 364 286 411 unitas,
319 362 462 400 femina
492 362 676 409 binarius,
709 367 915 413 propterea
946 365 1038 413 quia
1069 364 1200 402 tardos
1231 375 1348 401 sonos
1377 364 1562 402 materiae
1593 374 1809 415 comparas,
1841 363 1940 402 tardi

147 422 251 460 enim
281 421 368 458 soni
399 419 613 469 majoribus
645 421 926 470 quantitatibus
957 422 1189 469 familiares,
1224 427 1266 459 ut
1296 423 1458 460 materia
1489 422 1665 462 feminae.

259 478 462 517 Hactenus
493 479 626 528 itaque
658 478 850 526 collusum
880 480 992 518 nobis
1025 486 1083 518 est
1113 479 1330 529 analogiis,
1375 485 1416 518 at
1441 480 1524 529 jam
1556 481 1594 517 iu
1625 479 1781 518 diversa
1811 478 1938 517 disce-

147 537 285 586 dimus,
318 537 408 574 dum
441 542 480 574 tu
513 548 644 586 negas,
675 538 761 574 sine
790 539 990 587 analoyiis
1019 539 1120 576 hisce
1147 539 1354 587 perveniri
1381 549 1492 588 posse
1530 538 1593 576 vel
1620 538 1675 575 ad
1704 537 1944 576 harmoniae

145 601 338 634 secretum
369 595 429 633 vel
459 594 514 633 ad
542 599 726 633 motuum
757 596 980 634 coelestium
1010 599 1201 646 mysteria
1208 610 1222 645 ,·
1255 598 1324 643 ais,
1356 597 1555 635 mensuris
1569 600 1814 644 potestatum
1845 601 1941 633 tua-

146 666 243 693 rum
284 654 540 692 exactissimis
580 653 834 702 harmonias,
873 657 1064 704 mysteria
1106 661 1282 693 naturae
1319 659 1355 692 et
1382 653 1528 692 mundi
1557 659 1688 693 motus
1717 654 1828 702 elici,·
1870 655 1941 701 ais,

146 713 252 751 hanc
281 712 358 750 esse
387 711 614 750 doctrinam
644 712 792 759 solam,
823 714 908 749 sine
938 725 1020 761 qua
1050 714 1167 751 nulla
1200 724 1413 760 mensura,
1442 714 1652 762 proportio
1682 717 1752 751 etc,
1784 713 1944 761 acquiri

142 773 271 820 possit
280 784 295 820 ,-
336 771 417 818 ais,
456 772 541 807 sine
570 770 640 808 hoc
671 772 892 820 sapientiae
923 771 1172 809 Hermetieae
1210 771 1314 810 dono
1347 772 1548 818 neminem
1585 772 1772 808 scientiae
1812 774 1942 808 astro-

119 859 122 864 ,
146 831 308 868 nomiae
336 830 513 878 peritum
543 827 590 866 de
619 828 796 866 siderum
826 832 907 866 situ
937 834 973 867 et
1002 829 1172 867 motibus
1201 834 1303 867 recte
1332 829 1521 876 judicare
1558 840 1692 878 posse3
1737 830 1814 875 ais,
1859 829 1944 865 sine

152 888 212 925 his
241 889 436 925 neminem
467 887 512 923 in
541 888 749 924 seientiam
780 887 962 935 aliquam
995 888 1140 925 exiliis
1163 888 1186 925 7
1206 887 1438 926 liberalibus
1462 892 1564 925 recte
1579 892 1792 937 penetrare
1810 898 1942 935 possm

148 957 275 984 meam
305 945 477 982 vicissim
509 945 785 982 astronomiam
817 944 993 995 appellas
1024 947 1306 995 imaginariam.
1368 945 1450 995 Ego
1479 945 1604 984 multa
1640 944 1797 994 quidem
1829 944 1942 982 video

148 1005 332 1055 promitti,
365 1002 496 1041 malim
528 1007 654 1041 tamen
688 1002 790 1041 clare
813 1002 1113 1042 demonstrandi.
1173 1003 1274 1042 Nam
1295 1004 1533 1042 astronomia
1553 1007 1697 1051 nostra,
1730 1003 1940 1048 hominnm,

150 1068 338 1112 quantum
370 1072 443 1110 ego
475 1061 567 1107 scio,
600 1062 757 1100 minime
789 1060 1099 1100 Hermetieorum
1129 1059 1178 1113 (si
1197 1062 1422 1113 Tychonem
1449 1053 1635 1113 excipias)
1664 1063 1703 1098 in
1733 1061 1940 1112 propatulo

151 1125 227 1169 est,
268 1122 353 1170 ipsa
382 1130 451 1169 pro
482 1131 524 1157 se
555 1118 738 1168 loquitur.
797 1119 884 1158 Non
917 1119 1093 1170 expedit,
1136 1120 1334 1159 studiosos
1365 1121 1554 1159 bonarum
1584 1121 1746 1168 artium,
1781 1118 1941 1157 dimissa

149 1190 217 1230 per
249 1182 484 1218 contemtum
515 1179 751 1216 astronomia
782 1177 946 1226 vulgari,
979 1180 1054 1216 tuis
1086 1178 1233 1217 inhiare
1264 1179 1599 1229 promissionibus,
1634 1189 1706 1216 nec
1734 1182 1942 1228 postquam

153 1251 176 1276 a
205 1249 266 1275 me
297 1248 401 1274 nova
431 1235 615 1274 methodo
646 1242 736 1274 sunt
766 1238 803 1273 in
837 1236 961 1274 lucem
991 1236 1167 1287 prolatae
1207 1248 1347 1275 causae
1386 1237 1693 1284 harmoniarum,
1729 1234 1942 1285 quidquam

151 1301 194 1334 tu
224 1295 490 1334 admirationis
531 1295 744 1332 concitabis
777 1295 888 1344 quasi
931 1296 1200 1345 mysteriorum
1243 1295 1574 1343 harmonicorum,
1616 1305 1717 1344 quae
1758 1305 1876 1344 penes
1907 1299 1944 1332 te

149 1365 314 1406 premas,
346 1354 421 1390 nisi
452 1351 545 1402 quid
578 1363 711 1390 eorum
742 1354 858 1390 etiam
890 1354 1045 1402 publice
1075 1354 1260 1403 proferas.
1316 1348 1413 1403 vIpse
1441 1352 1612 1399 Proclus,
1644 1351 1856 1391 ‚Iamblichi
1889 1353 1944 1389 tui

151 1412 378 1459 admirator,
410 1410 636 1449 Platonicae
667 1410 939 1461 philosophiae
970 1413 1150 1459 antistes,
1183 1411 1438 1461 philosophus
1470 1411 1734 1458 admirabilis,
1772 1411 1840 1459 qui
1870 1421 1944 1448 nu-

155 1482 281 1509 meros
311 1469 594 1519 Pythagoricos
639 1480 715 1506 non
757 1474 908 1507 tantum
948 1481 1017 1518 per
1058 1475 1219 1508 naturae
1259 1476 1388 1521 partes
1428 1473 1561 1508 omnes
1600 1469 1831 1516 introduxit,
1875 1467 1945 1506 sed

156 1530 274 1568 etiam
317 1539 438 1578 usque
476 1526 525 1565 ad
557 1526 796 1576 theologiam
836 1529 959 1577 ipsam
991 1529 1137 1575 evexit,
1178 1528 1263 1576 hic,
1305 1529 1481 1578 inquam,
1523 1529 1799 1566 astronomiam
1829 1526 1946 1578 hanc,

154 1598 271 1636 quam
302 1591 345 1623 tu
378 1585 473 1624 dieis
504 1586 792 1634 imaginariam,
834 1597 910 1623 non
949 1585 1137 1635 neglexit,
1179 1586 1246 1625 sed
1289 1586 1492 1636 diligenter
1530 1598 1616 1625 eam
1652 1585 1809 1624 tradidit
1846 1585 1945 1623 libro

153 1645 466 1696 Hypotyposeon
497 1644 855 1682 Astronomicarum
886 1645 1040 1693 scripto.

271 1701 341 1740 Ad
373 1701 625 1752 Analysin
658 1701 776 1739 XIX.
837 1701 914 1740 Hic
945 1703 1244 1740 inconstantiam
1278 1702 1369 1741 mihi
1402 1703 1538 1740 tribuis
1580 1706 1618 1740 et
1648 1712 1812 1739 errorem
1845 1701 1946 1739 circa

155 1767 261 1800 tuam
295 1762 560 1799 intentionem.
626 1760 756 1798 Vincis
788 1764 952 1809 utroque
984 1762 1162 1809 crimine,
1204 1773 1294 1799 nam
1325 1761 1388 1799 hic
1418 1760 1575 1810 quidem
1605 1771 1708 1798 error
1747 1758 1852 1807 illam
1884 1759 1946 1795 in-

156 1820 414 1858 constantiam
457 1825 495 1857 et
525 1820 672 1869 peperit
716 1823 754 1856 et
785 1824 954 1857 excusat.
1015 1818 1142 1858 Errori
1182 1831 1273 1858 vero
1309 1831 1467 1857 causam
1509 1824 1589 1856 tute
1631 1817 1783 1856 dedisti.
1843 1816 1943 1855 Nam

154 1878 225 1916 tibi
266 1877 452 1915 familiare
491 1878 665 1925 sapienti
705 1877 833 1925 loqui,
877 1881 918 1914 at
955 1888 1045 1925 ego,
1085 1878 1116 1914 si
1161 1889 1206 1915 ex
1246 1877 1374 1915 stultis
1416 1876 1474 1915 vel
1505 1876 1777 1926 ignorantibus
1818 1875 1945 1913 fecero

155 1937 360 1985 sapientes,
392 1933 658 1973 tum-demum
690 1946 750 1972 me
781 1934 1001 1984 scriptionis
1033 1947 1189 1973 munere
1220 1936 1338 1986 probe
1369 1935 1541 1973 functum
1572 1935 1763 1972 existimo.
1823 1932 1947 1981 Igitur

155 1993 378 2044 pyramidas
409 1997 515 2039 tuas,
561 1991 800 2042 diagramma
836 1993 1170 2040 mathematicum,
1215 1998 1401 2043 quantum
1441 1991 1490 2031 ad
1521 1993 1643 2030 lineas
1683 1998 1721 2030 et
1750 2002 1945 2039 numeros,

157 2051 440 2102 contemplatus
470 2051 618 2088 fueram
650 2050 773 2089 oculis
803 2051 1110 2098 mathematicis,
1152 2057 1257 2089 ratus
1287 2056 1325 2089 te
1365 2051 1559 2100 ignoranti
1588 2039 1681 2088 mihi
1721 2055 1945 2100 aperturum

157 2109 306 2159 aliquid
338 2120 566 2147 areanorum
596 2108 713 2158 idque
744 2119 810 2158 per
841 2119 963 2158 genus
993 2109 1185 2147 scribendi
1217 2111 1470 2147 communiter
1490 2114 1625 2146 notum
1646 2109 1816 2157 utrique3
1848 2107 1947 2146 haec

157 2170 261 2213 enim
293 2172 352 2206 est
381 2166 599 2214 methodus,
633 2178 711 2216 qua
742 2166 838 2204 alter
868 2166 976 2204 alteri
1010 2167 1214 2219 significat.
1277 2167 1398 2216 Atqui
1429 2166 1543 2206 valde
1583 2178 1645 2204 me
1676 2178 1763 2204 mea
1794 2165 1947 2215 decepit

155 2227 306 2276 opinio;
347 2237 467 2275 negas
497 2236 665 2263 examen
705 2224 776 2262 hoc
803 2223 1028 2274 pyramidis
1065 2230 1159 2262 tuae
1198 2225 1502 2263 mathematicae
1538 2225 1700 2274 ejusque
1735 2223 1946 2263 soliditatis

153 2296 244 2323 cum
283 2285 465 2322 numeris
506 2283 806 2332 inquisitionem
849 2281 904 2319 ad
942 2294 1027 2319 rem
1059 2284 1280 2331 pertinere,
1323 2284 1399 2330 ais,
1422 2288 1478 2320 »te
1510 2283 1746 2331 produxisse
1784 2281 1944 2332 quidem

152 2343 329 2392 fiyuram
358 2342 656 2391 yeometricam‚
698 2346 739 2378 at
769 2351 854 2379 non
881 2339 988 2387 ideo,
1021 2345 1068 2378 ut
1102 2343 1288 2388 protinus
1318 2341 1374 2378 ad
1401 2341 1726 2379 mathematicam
1751 2342 1942 2390 pyrami-

154 2400 214 2438 dis
252 2401 574 2438 numerationem
615 2400 806 2437 transiret
844 2398 984 2447 lector;
1028 2404 1066 2436 et
1103 2410 1150 2437 ne
1190 2410 1267 2436 non
1310 2400 1454 2448 optime
1499 2401 1803 2449 perciperemus,
1848 2397 1944 2447 quid

155 2457 295 2506 velles,
338 2459 487 2508 pergis,
529 2469 613 2495 non
652 2469 696 2496 eo
726 2458 865 2494 animo
894 2456 1161 2495 introduxisse
1188 2457 1439 2507 pyramidem
1473 2458 1754 2507 yeometricam
1792 2458 1836 2494 in
1866 2457 1945 2493 tuis

156 2516 572 2563 demonstrationibus,
609 2520 683 2552 aut
712 2520 759 2552 ut
788 2516 873 2561 ejus
902 2516 1096 2552 materiae
1126 2513 1315 2566 (intelligo
1336 2514 1544 2552 soliditatis
1566 2512 1799 2564 abstractae)
1828 2513 1944 2551 iden-

154 2576 307 2612 titatem
337 2573 689 2620 consideraremus,
721 2577 795 2609 aut
822 2572 1031 2609 soliditatis
1057 2577 1191 2620 partes
1220 2572 1275 2609 ad
1304 2575 1475 2611 invicem
1496 2583 1836 2622 compararemus,
1869 2576 1944 2609 aut

156 2631 450 2681 lonyitudinem
481 2632 737 2678 metiremur;
776 2629 875 2667 adeo
909 2630 971 2666 vix
1013 2630 1082 2666 tibi
1114 2630 1186 2678 ipsi
1225 2631 1415 2668 satisfacis
1442 2630 1700 2680 explicando.
1760 2623 1943 2678 Euge-ut

157 2690 220 2728 vel
251 2689 406 2728 tandem
438 2688 539 2727 clare
570 2688 677 2738 loqui
709 2688 856 2736 incipis,
889 2699 961 2725 nec
993 2687 1203 2736 quidquam
1235 2690 1518 2738 aenigmatibus
1550 2688 1732 2736 involvis,
1765 2686 1939 2736 intelligo

158 2747 221 2786 vel
251 2747 425 2794 tandem,
468 2752 506 2786 te
543 2746 675 2796 figuris
711 2747 768 2784 uti
808 2749 850 2782 ut
889 2745 1068 2794 picturis,
1108 2756 1210 2783 cum*
1235 2746 1518 2785 mathematicis
1555 2746 1699 2796 figurae
1738 2746 1814 2783 sint
1854 2744 1975 2782 loco·

159 2805 493 2854 diagrammatum,
553 2804 752 2853 Intelligo,
783 2804 953 2852 picturas
984 2807 1071 2840 tuas
1103 2804 1201 2841 inter
1230 2815 1271 2842 se
1302 2805 1465 2843 multum
1497 2804 1668 2852 differre;
1707 2815 1808 2853 quae
1839 2803 1943 2841 enim

159 2863 209 2900 ad
238 2869 409 2914 systema
437 2864 627 2902 musicum
659 2863 866 2912 pertinent,
906 2871 971 2897 eas
1004 2865 1045 2898 ut
1077 2859 1357 2911 diagrammata
1388 2862 1662 2901 mathematica
1698 2859 1938 2900 considerare

165 2920 360 2969 debemus,
393 2933 493 2970 quae
523 2921 571 2960 ad
603 2920 777 2970 physica,
809 2929 885 2956 non
917 2917 1114 2956 debemus.
1176 2919 1277 2959 Vere
1304 2927 1346 2958 tu
1379 2922 1453 2958 ista
1483 2920 1635 2970 analysi
1655 2919 1710 2957 X.
1742 2918 1942 2968 proposita

162 2977 378 3016 discrimina
418 2990 520 3016 nunc
560 2979 717 3017 exhibes
757 2975 878 3015 oculis
910 2976 1192 3025 conspicienda.
1253 2978 1386 3017 Pauca
1426 2983 1554 3016 tamen
1595 2977 1759 3015 subsunt
1789 2977 1938 3026 priscae

161 3037 326 3086 vestigia
363 3048 508 3076 noxae:
554 3036 729 3090 ¹nondum
769 3034 882 3073 didici
911 3033 1124 3087 *conciliare
1165 3046 1265 3085 quae
1313 3041 1526 3085 sequuntur
1576 3047 1662 3074 cum
1701 3035 1938 3084 praemissis.
