1988 3276
145 117 227 165 116
736 109 792 145 De
817 109 1031 156 Figuratum
1057 107 1354 146 Han-monimum
1379 86 1382 89 ⁴

259 232 321 268 Fit
353 231 447 267 enim
479 229 598 275 figura
632 228 707 264 illic
737 228 833 274 parti
858 239 966 276 quam
1000 229 1083 275 toti,
1123 230 1181 266 hic
1206 230 1337 275 planae
1367 238 1475 274 quam
1499 227 1635 265 solidae
1661 228 1827 274 similior,
1863 239 1944 265 cum

1980 127 1988 156 1

1982 157 1988 179 Ι

1982 188 1988 208 i

1983 218 1988 256 Ι

146 285 260 322 omnis
286 283 403 321 solida
433 281 480 318 ad
502 281 688 317 minimum
710 282 734 318 4
758 281 1018 328 superficiebus
1043 283 1267 319 terminetur
1315 281 1372 321 Ut
1388 282 1426 317 in
1448 281 1545 328 typis
1575 292 1622 317 ex
1645 290 1730 318 aere
1764 279 1944 326 sequenti·
1984 286 1988 333 ᾗ

143 337 210 373 bus
235 337 282 373 ad
305 335 429 371 literas
453 335 496 380 A,
521 333 565 380 B,
589 333 652 369 ubi
674 332 789 378 maj0r
811 333 929 380 figura
954 339 1010 370 est
1033 334 1274 381 heptagonus,
1325 333 1467 370 Classes
1501 333 1595 371 istae
1619 334 1712 371 duae
1745 344 1826 370 cum
1850 332 1945 378 ipso·
1986 365 1988 370 .

140 401 221 426 rum
250 388 396 434 maioris
427 387 566 432 figurae
595 386 751 423 laterum
783 397 933 423 numero
965 393 1162 424 excurrunt
1193 388 1231 424 in
1262 387 1460 433 infinitum,
1494 387 1596 424 initio
1627 386 1727 424 facte
1759 396 1782 421 a
1801 385 1945 429 trigono
1987 389 1988 392 ’

140 441 320 486 utrinque,
346 439 443 485 quod
467 440 504 475 in
519 439 636 476 classe
651 439 696 485 A,
724 443 780 475 est
805 450 851 474 ex
867 440 1140 486 perfectissimis
1157 440 1384 486 regula-ribus
1403 435 1664 486 congruentiis,
1689 439 1845 477 transitu
1861 448 1945 474 vero
1986 437 1988 481 J

140 495 237 532 facto
266 505 331 540 per
362 498 592 538 tetragonum
623 497 660 529 et
691 497 778 529 tuuc
807 493 845 529 in
869 493 986 530 classe
1009 496 1062 541 B,
1086 493 1275 531 incidimus
1299 494 1430 530 iterum
1452 493 1491 529 in
1516 503 1624 530 unam
1647 490 1946 539 perfectissimam

140 547 342 593 regularem
366 547 659 593 congruentiam,
687 551 830 583 ceterae
855 558 979 583 omnes
1003 546 1236 593 imperfectae
1261 549 1357 583 sunt.

257 608 333 647 XI.
365 608 648 648 Definitio.
711 607 945 648 Semisolida
975 613 1052 659 est,
1092 621 1193 660 quae
1233 620 1310 648 non
1352 609 1521 647 sustinet
1549 618 1683 646 omnes
1714 604 1947 645 definitionis
1986 599 1988 651 j

142 669 301 717 quintae
330 666 567 718 particulas3
597 673 641 706 ut
672 678 759 707 cum
789 670 935 719 aptatis
964 668 1098 719 figuris
1129 667 1269 719 planis,
1301 667 1554 717 congruentia
1582 676 1662 703 non
1690 663 1807 716 plane
1837 664 1878 703 in
1907 675 1948 702 se
1986 692 1988 720 5

142 728 266 778 ipsam
296 725 407 773 redit,
438 725 508 764 sed
538 725 722 776 relinquit
751 726 907 777 hiatus,
936 725 995 766 de
1026 730 1153 765 cetero
1192 727 1337 765 tuearis
1380 725 1619 776 praescripta
1649 721 1723 762 def.
1758 723 1781 761 6
1813 725 1852 761 et
1880 720 1919 760 ‘'I.

257 783 354 822 XII.
385 783 661 823 Definitio.
722 785 890 835 Figurae
920 785 1062 837 planae
1083 796 1277 835 congruae
1308 788 1409 832 sunt,
1442 795 1544 834 quae
1574 781 1640 821 vel
1660 779 1828 825 solidam
1847 779 1950 830 figu-

141 855 222 882 ram
254 841 509 891 concludunt,
543 843 605 882 vel
636 842 837 894 planitiem
866 846 950 884 sine
980 844 1089 883 hiatu
1121 844 1300 895 explent,
1332 843 1542 882 existentes
1571 842 1682 892 ipsae
1710 839 1858 890 figurae
1887 850 1971 903 re·-¹

140 903 296 953 gulares
326 900 391 940 vel
420 901 725 952 semiregulares.

256 970 375 1010 XIII.
407 972 505 1011 Des
515 973 679 1012 initio.
739 973 983 1023 Incongruae
1006 971 1183 1011 dicantur
1203 971 1297 1011 illae
1316 970 1465 1023 figurae
1484 973 1625 1024 planae
1640 975 1846 1026 :regulares
1875 978 1951 1017 cir-

141 1030 307 1081 culoque
348 1031 556 1082 inscriptae
597 1026 806 1084 (siquidem
844 1036 935 1070 sunt
964 1027 1231 1083 inscriptiles),
1274 1042 1376 1081 quae
1416 1043 1543 1082 neque
1581 1032 1747 1074 solidam
1787 1034 1951 1086 figuram

141 1089 344 1140 sphaerico
374 1088 626 1157 ins-criptilem
657 1101 789 1129 secum
821 1091 942 1141 ipsae,
975 1095 1043 1128 aut
1076 1101 1164 1128 cum
1196 1089 1284 1127 aliis
1315 1101 1411 1129 suae
1441 1089 1504 1130 vel
1534 1090 1695 1131 alterius
1725 1091 1863 1134 classis
1893 1095 1952 1134 ef-

140 1148 325 1197 formant,
367 1149 444 1186 nisi
484 1148 749 1199 imperfectam
789 1153 957 1197 tantum,
1001 1159 1127 1197 neque
1158 1146 1318 1199 planum
1349 1153 1524 1188 sternunt
1553 1149 1619 1189 vel
1646 1151 1756 1202 ipsae
1782 1153 1881 1191 inter
1910 1166 1952 1194 se

141 1207 333 1257 singulae,
364 1205 429 1246 vel
461 1218 548 1245 cum
579 1206 703 1246 stellis
734 1218 828 1246 suae
862 1206 1009 1255 classis,
1043 1206 1106 1245 vel
1126 1217 1213 1245 cum
1244 1205 1377 1256 figuris
1407 1212 1446 1246 et
1474 1206 1599 1248 stellis
1629 1209 1765 1250 classis
1794 1199 1977 1252 alterius·

141 1266 441 1365 οἰῐῴηῑιῖῗίῐξιῖῐα,
468 1319 613 1356 excludi
639 1319 893 1366 septangulum
919 1324 957 1356 et
979 1319 1079 1365 talia,
1104 1329 1178 1355 non
1204 1319 1388 1368 obstante,
1422 1322 1520 1368 quod
1543 1323 1630 1360 bina
1654 1320 1832 1369 parallela
1856 1331 1952 1372 sept.

142 1374 275 1420 angula
304 1373 362 1408 vel
388 1375 409 1409 7
435 1373 641 1418 quadratis,
672 1372 728 1409 vel
760 1373 804 1408 14
836 1373 1025 1419 triangulis
1067 1371 1193 1417 adjuta
1226 1374 1454 1418 regularibus
1485 1376 1642 1412 solidum
1680 1376 1824 1413 omnino
1858 1378 1954 1416 clau-

142 1428 250 1472 dunt3
276 1426 361 1472 quia
384 1429 527 1461 tantum
550 1425 635 1461 bina
659 1425 875 1471 septangula
899 1430 1133 1471 concurrunt,
1165 1426 1280 1471 fitque
1303 1427 1430 1473 figura
1446 1428 1663 1467 disciformis
1693 1434 1732 1466 et
1754 1430 1885 1476 planae
1909 1431 1954 1467 si-

141 1481 254 1526 milis,
296 1489 523 1526 nequaquam
564 1489 647 1514 vero
681 1478 921 1524 globiformis‚
965 1478 1211 1524 sphaeroides.
1265 1480 1360 1516 Vide
1396 1481 1433 1517 in
1467 1481 1585 1527 figura
1620 1481 1684 1519 fol.
1722 1492 1797 1528 seq.
1830 1481 1986 1518 literas·

143 1533 186 1578 A,
211 1534 253 1571 Β.
303 1535 362 1571 Sic
387 1535 497 1570 etiam
515 1531 721 1568 excluditur
738 1526 1078 1577 quindecangulum,
1104 1543 1176 1567 ιιοιι
1194 1531 1374 1580 obstante,
1399 1533 1497 1580 quod
1513 1534 1694 1582 aliquibus
1712 1534 1854 1580 angulis
1874 1546 1955 1572 cum

142 1584 268 1631 figuris
294 1588 457 1632 cognatis
482 1587 602 1622 locum
626 1585 663 1620 in
685 1583 797 1629 plano
817 1584 958 1629 explet;
986 1584 1070 1629 quia
1086 1584 1156 1620 hoc
1172 1594 1245 1620 non
1262 1583 1350 1620 facit
1367 1585 1600 1623 circumcirca
1617 1586 1781 1623 omnibus
1798 1587 1952 1633 angulis.

259 1650 375 1691 XIV.
406 1647 718 1700 Propositio.
782 1646 1024 1697 Angulorum
1054 1646 1258 1698 planorum
1296 1658 1376 1687 non
1404 1649 1610 1699 pauciores
1640 1660 1758 1699 quam
1787 1649 1885 1689 terni
1915 1650 1955 1688 in
1974 1654 1988 1674 ¹=

143 1709 261 1761 plano
293 1711 521 1760 congruunt.

257 1764 352 1800 Nam
376 1764 471 1800 circa
495 1761 684 1808 quodlibet
708 1739 906 1797 concursus
922 1765 1098 1811 punctum
1116 1763 1172 1795 est
1197 1770 1337 1796 summa
1354 1766 1510 1807 quatuor
1525 1752 1708 1799 rectorum
1723 1761 1954 1808 angulorum:
1978 1748 1983 1760 ’

144 1823 182 1854 at
206 1817 339 1854 nullius
363 1816 502 1862 figurae
527 1814 681 1876 angulus
707 1817 839 1859 aequat
863 1823 1039 1849 summam
1065 1812 1218 1848 duorum
1242 1818 1435 1860 rectorum,
1462 1812 1572 1860 igitur
1595 1813 1668 1850 duo
1685 1815 1955 1861 quanticunque

145 1868 266 1913 anguli
291 1872 376 1904 sunt
400 1868 520 1904 adhuc
546 1868 703 1903 minores
722 1871 879 1913 quatuor
893 1865 1023 1902 rectis:
1051 1865 1122 1914 duo
1140 1865 1249 1910 igitur
1272 1876 1344 1901 non
1362 1865 1510 1912 explent
1526 1861 1724 1912 planitiem,
1748 1878 1815 1914 per
1833 1867 1904 1904 def.
1924 1869 1955 1904 1.

261 1930 691 1982 XV.Propos1t10
752 1927 995 1979 Angulorum
1038 1911 1241 1978 planorum
1286 1939 1362 1966 non
1393 1929 1597 1978 pauciores
1627 1940 1746 1979 quam
1775 1931 1874 1969 terni
1904 1927 1956 1970 ad

146 1988 315 2027 solidum
346 1989 532 2039 angulum
563 1987 808 2028 formandum
839 1990 1056 2035 congruunt
1086 1984 1151 2024 vel
1180 1990 1400 2036 assurgunt.

260 2043 343 2079 Bini
373 2044 468 2079 enim
493 2055 565 2079 non
590 2043 764 2079 lateribus
789 2046 949 2086 tantum,
981 2040 1046 2076 sed
1074 2040 1161 2075 totis
1198 2039 1415 2085 planitiebus
1451 2047 1691 2086 congruerent
1724 2031 1887 2089 nihilque
1911 2042 1956 2079 de

146 2107 296 2142 corpore
322 2096 438 2132 solido
465 2096 810 2141 complecterentur:
835 2092 932 2139 quod
958 2097 1013 2128 est
1038 2097 1165 2128 contra
1189 2092 1261 2128 def
1288 2093 1408 2139 anguli
1432 2093 1539 2130 solidi
1563 2093 1661 2140 apud
1686 2093 1888 2131 Euclidem.

220 2198 223 2200 ,
264 2157 378 2197 XVI.
410 2158 729 2210 Propositio.
794 2154 1035 2206 Angulorum
1077 2155 1114 2191 in
1155 2154 1270 2206 plano
1303 2157 1596 2206 congruentium
1627 2162 1779 2197 summa
1807 2168 1958 2209 semper

147 2222 206 2257 est
237 2218 263 2255 4
293 2221 496 2266 rectorum,
526 2227 729 2266 nunquam
757 2215 902 2264 major:
934 2215 1227 2262 congruentium
1250 2215 1289 2251 in
1310 2213 1437 2253 solido
1468 2219 1528 2253 est
1553 2214 1773 2255 minorhac
1790 2223 1954 2255 summa.

262 2273 320 2308 Ιιι
329 2272 437 2318 plano
464 2283 496 2307 ιι.
522 2283 594 2307 ιιοιι
619 2270 742 2316 plures
767 2271 789 2305 4
814 2269 924 2305 rectis
949 2279 1060 2303 unum
1084 2272 1260 2313 punctum
1285 2269 1536 2305 circumstant:
1562 2280 1650 2316 ergo
1675 2281 1756 2307 cum
1779 2275 1957 2316 aequatur

148 2335 287 2361 summa
318 2326 342 2361 4
366 2329 565 2368 rectorum,
601 2328 688 2360 tunc
721 2323 843 2359 hiatus
877 2321 999 2358 nullus
1024 2320 1257 2365 relinquitur,
1289 2325 1324 2356 et
1351 2332 1416 2366 per
1445 2321 1516 2358 def.
1544 2323 1574 2358 1.
1601 2323 1838 2368 congruentia
1870 2326 1957 2369 tunc

148 2366 204 2413 es't
226 2377 264 2413 in
287 2377 409 2424 plano.
459 2377 497 2413 Si
522 2352 672 2422 pl’anum
697 2378 863 2412 sternunt
889 2373 1022 2419 anguli,
1047 2371 1095 2408 ad
1120 2372 1339 2409 soliditatem
1362 2384 1436 2410 ιιοιι
1459 2379 1666 2420 assurgunt.
1714 2375 1773 2411 Et
1788 2374 1955 2424 viciam,

151 2429 182 2466 si
207 2431 330 2478 anguli
354 2430 470 2475 aptati
494 2429 532 2465 in
556 2429 665 2475 plano
690 2428 903 2473 relinquunt
927 2427 1085 2477 hiatum⁷
1122 2427 1266 2475 quando
1292 2437 1340 2463 sc.
1375 2431 1461 2464 sunt
1483 2427 1641 2465 minores
1669 2427 1692 2464 4
1714 2426 1840 2471 rectis,
1869 2430 1957 2464 tunc

151 2482 317 2520 adductis
342 2482 483 2518 duobus
510 2481 682 2517 lateribus
707 2480 802 2516 circa
826 2480 966 2516 hiatum
991 2486 1028 2517 et
1053 2482 1202 2519 excluso
1227 2481 1328 2516 hiatu
1366 2490 1514 2516 necesse
1545 2485 1602 2517 est
1631 2489 1822 2526 assurgere
1846 2490 1956 2527 angu-

151 2534 227 2571 lum
249 2539 286 2571 et
311 2533 469 2570 solidari.
519 2535 561 2569 In
586 2534 702 2579 figura
727 2535 761 2568 H
786 2533 861 2578 typi
889 2534 990 2570 aenei
1016 2534 1077 2571 fol.
1104 2544 1179 2578 seq.
1212 2538 1297 2569 sunt
1319 2532 1407 2578 picti
1439 2538 1514 2569 tres
1549 2533 1744 2578 pentagoni
1774 2532 1812 2568 in
1843 2530 1956 2578 plani-
1969 2542 1972 2543 ⁷

155 2586 241 2623 tiem
266 2586 368 2623 strati
393 2591 429 2622 et
453 2586 607 2622 hiantes.

267 2647 402 2688 XVH.
434 2648 526 2687 Pro
539 2661 564 2699 p
577 2659 599 2687 o
611 2649 750 2687 sitio.
811 2648 957 2698 Figura
976 2648 1247 2700 imparilatera‚
1270 2649 1381 2698 cujus
1404 2653 1587 2700 aptantur
1605 2647 1793 2687 lateribus
1809 2646 1956 2697 figurae

155 2707 571 2759 duarumxspecierum,
603 2717 680 2745 non
710 2709 839 2757 potest
857 2707 1014 2757 aequali
1035 2707 1159 2747 forma
1179 2707 1359 2746 omnibus
1389 2707 1543 2758 angulis
1575 2716 1801 2745 concurrere
1831 2704 1894 2744 vel
1916 2705 1975 2741 in‘

156 2766 272 2818 plano
303 2765 367 2805 vel
391 2761 435 2803 'in
465 2764 603 2804 solido.

270 2821 363 2856 Nam
385 2819 427 2856 fit
449 2820 486 2855 in
511 2830 583 2856 uno
607 2819 720 2865 ipsius
745 2818 970 2865 angulorum,
996 2823 1036 2855 ut
1053 2819 1215 2864 eJusdem
1232 2820 1365 2865 speciei
1381 2807 1519 2866 figurae
1539 2818 1708 2865 utrinque
1725 2816 1833 2863 stent,
1859 2815 1955 2864 quod
1983 2867 1985 2870 ι

158 2873 193 2908 in
217 2873 345 2909 ceteris
370 2872 511 2918 angulis
535 2883 609 2909 non
632 2872 684 2908 fit.
732 2871 850 2917 Hujus
870 2872 921 2907 rei
946 2882 1055 2908 causa
1080 2872 1159 2908 vide
1183 2872 1334 2917 figuram
1360 2874 1386 2909 C
1410 2873 1486 2919 typi
1510 2871 1613 2908 aenei
1637 2881 1712 2918 seq.

274 2934 430 2973 XVIII.
460 2934 492 2972 P
504 2946 523 2972 r
535 2946 591 2984 op
603 2935 702 2973 osit
714 2934 770 2972 io.
831 2932 996 2970 Planum
1012 2932 1144 2971 locum
1165 2934 1443 2984 perfectissime·
1462 2932 1617 2984 explent
1636 2932 1755 2984 plana
1783 2928 1963 3003 ejtlsdem

160 2991 306 3042 figurae
335 2997 486 3031 tantum
516 2994 607 3031 tria:
639 2992 778 3042 trigoni
811 2991 906 3039 seni,
938 2994 1131 3040 tetragoni
1161 2994 1348 3042 quaterni,
1381 2992 1576 3042 hexagoni
1607 2991 1719 3030 terni.

274 3047 365 3082 Nam
389 3058 455 3092 per
477 3047 505 3083 I.
531 3048 585 3083 33.
609 3046 717 3091 hujus
749 3045 880 3091 trigoni
905 3043 1057 3090 angulus
1082 3050 1138 3082 est
1162 3046 1183 3093 ξ
1208 3047 1314 3083 unius
1330 3047 1431 3092 recti,
1462 3056 1528 3082 sex
1544 3055 1631 3092 ergo
1649 3045 1770 3091 anguli
1787 3054 1952 3082 senorum

158 3099 380 3146 trigonorum
405 3105 490 3136 sunt
519 3100 575 3146 Ψ,
599 3099 636 3136 id
661 3104 717 3136 est
740 3099 763 3134 4
785 3097 925 3144 integri.
964 3097 1057 3135 Vide
1083 3098 1129 3137 D.
