1994 3276
108 101 191 143 238
661 101 716 139 De
740 101 1092 149 Configurationibus
1117 105 1356 142 Harmonicis.

622 229 746 256 eorum
771 232 864 267 quae
898 223 1005 268 fiunt.
1054 223 1266 268 congruunt
1298 222 1392 258 enim
1407 247 1409 250 -
1422 223 1539 260 latera
1572 233 1637 260 seu
1659 223 1818 269 parietes
1843 222 1908 259 do-

619 283 709 316 mus,
734 279 776 313 ut
801 275 847 311 sit
872 276 1015 318 domus,
1046 286 1118 311 non
1146 280 1188 311 ut
1213 275 1355 310 demum
1381 278 1416 310 et
1439 280 1615 322 perpetuo
1640 275 1784 322 quidem
1810 275 1907 312 aedi-

618 325 758 362 ficetur.
808 328 850 372 4)
872 328 905 364 A
929 329 1144 375 cognatione
1170 329 1447 377 congruentiae,
1480 335 1522 364 ut
1545 319 1692 375 causae,
1718 330 1809 364 cum'
1825 339 1908 364 con-

620 377 909 423 figurationibus.
960 381 1052 416 Sunt
1076 384 1170 420 enim
1195 395 1259 420 eae
1283 382 1417 428 anguli,
1442 386 1481 418 at
1503 381 1741 427 congruentia
1765 391 1909 427 quoque

621 430 718 466 inest
740 431 866 476 figuris
890 439 1042 479 propter
1066 438 1230 482 angulos,
1350 435 1352 437 ’

737 527 939 570 Hactenus
978 532 1134 573 fuerunt
1176 536 1276 572 inter
1307 543 1349 571 sc
1390 518 1593 581 oppositae
1617 515 1907 570 ‘consonantiae

624 590 664 626 et
706 587 1060 641 configurationes3
1104 593 1141 629 in
1186 591 1369 641 sequenti
1409 589 1491 643 fiet*
1519 590 1714 646 oppositio
1754 587 1833 626 alia
1869 588 1907 624 in

623 645 719 684 solis
751 647 1126 697 configurationibus
1158 650 1435 700 congruentiae
1467 647 1769 688 etscibilitatis.
1812 669 1815 671 -

222 824 519 875 Propositio
551 823 621 860 IV.
684 821 746 860 Ad
768 823 1116 874 configurationum
1139 826 1351 865 efficaciam
1381 824 1468 876 plus
1500 826 1629 874 potest
1658 820 1913 872 congruentia·

107 883 339 933 figurarum,
372 894 488 933 quam
519 882 720 921 scibilitas.
1485 900 1488 904 ·
1684 895 1686 897 >
1786 908 1789 910 .

222 938 402 974 Probatur
426 948 447 972 a
471 937 676 973 conditione
702 935 842 971 animae
867 936 1072 974 sublunaris
1096 938 1384 983 facultatumque
1420 937 1526 972 ctiam
1550 935 1729 971 humanae
1753 933 1903 983 animae,

107 1001 200 1035 quae
229 990 434 1036 percipiunt
467 993 648 1034 aspectus.
697 988 776 1024 Hae
808 989 919 1035 igitur
947 1002 1069 1027 omnes
1096 997 1179 1028 sunt
1202 991 1391 1027 inferiores
1426 987 1850 1024 facultatediscurrente
1874 989 1910 1019 et

106 1042 311 1088 intellectu,
349 1046 386 1077 et
410 1042 637 1088 cognatiores
666 1040 833 1076 facultati
858 1043 1051 1090 sensitivae
1086 1050 1122 1081 et
1146 1044 1351 1090 praefectae
1384 1040 1554 1086 operibus
1579 1039 1788 1081 sensilibus,
1824 1037 1908 1083 quin

104 1096 212 1131 etiam
235 1095 428 1131 instinctus
452 1094 562 1138 illius,
589 1098 630 1129 ut
654 1104 732 1139 cap.
761 1095 792 1130 3.
819 1094 987 1141 diximus,
1012 1102 1114 1134 tanto
1133 1102 1191 1133 est
1207 1097 1370 1132 obtusior
1390 1094 1564 1130 instinctu
1580 1094 1751 1136 humano,
1775 1091 1908 1137 quanto
1951 1115 1954 1118 -

102 1146 227 1183 rudius
263 1150 319 1182 est
350 1156 482 1193 corpus
514 1147 650 1183 Terrae
682 1158 834 1193 corpore
864 1149 1032 1185 hominis.
1081 1151 1196 1194 Atqui
1230 1149 1338 1184 etiam
1377 1146 1611 1193 congruentia
1646 1149 1702 1180 est
1726 1141 1908 1188 posterius

102 1199 239 1246 aliquid
263 1200 459 1236 scibilitate
484 1206 520 1236 et
546 1201 650 1245 quasi
674 1206 882 1247 porrectum
905 1203 1004 1238 foras
1039 1203 1076 1238 in
1101 1203 1247 1248 aliquod
1273 1211 1382 1246 opus,
1416 1199 1514 1245 quod
1543 1198 1654 1234 habet
1682 1196 1800 1235 ideam
1824 1203 1908 1238 ope·

102 1264 183 1288 rum
208 1251 402 1288 sensilium.
454 1253 524 1288 Par
549 1253 658 1299 igitur
681 1259 737 1290 est
762 1254 868 1297 credi,
894 1254 1087 1295 facultates
1112 1255 1178 1291 has
1204 1251 1378 1290 animales
1398 1251 1633 1298 congruentia
1651 1248 1774 1296 potius
1800 1255 1907 1292 quam

103 1303 296 1340 scibilitate
320 1304 520 1349 figurarum
548 1306 683 1341 moveri
709 1305 891 1351 afficique.

218 1353 526 1405 opponebantur
570 1358 790 1407 congruitas
835 1363 873 1396 et
918 1359 1082 1397 scientia
1121 1360 1160 1396 in
1203 1358 1341 1397 eodem
1370 1367 1511 1407 genere
1542 1352 1905 1404 configurationum.

103 1412 196 1452 Jam
238 1418 482 1464 opponentur
521 1414 668 1464 figurae
708 1414 807 1454 duae
850 1417 950 1455 inter
977 1429 1039 1467 se,
1093 1419 1259 1468 primum
1304 1427 1423 1455 causa
1461 1413 1583 1454 solius
1620 1410 1906 1462 congruentiae,

102 1477 242 1523 postea
273 1483 392 1510 causa
421 1472 781 1528 configurationum.
1681 1518 1683 1521 ,

218 1531 438 1581 Propositio
470 1530 520 1570 V.
581 1531 845 1582 Congruentia
873 1537 934 1578 est
963 1534 1178 1584 proprietas
1209 1533 1334 1583 magis
1364 1531 1512 1582 figurae
1538 1523 1906 1575 circumferentialis,

106 1601 224 1639 quam
255 1589 448 1628 centralis.
763 1594 765 1597 “
1410 1636 1415 1641 ⁴

219 1644 341 1679 Habet
366 1643 461 1680 enim
485 1644 664 1690 potiorem
690 1644 810 1694 locum
835 1644 872 1680 in
896 1645 960 1681 illa
984 1645 1118 1692 figura,
1145 1657 1238 1692 quae
1262 1650 1383 1692 potest
1407 1643 1485 1680 fieri
1509 1647 1603 1688 tota,
1628 1641 1767 1677 ratione
1790 1639 1908 1675 locia

104 1708 174 1744 quo
202 1697 472 1743 denominatur,
511 1698 595 1744 quia
619 1698 855 1742 congruentia
889 1703 945 1734 est
970 1698 1166 1743 figurarum
1196 1703 1370 1744 totarum,
1408 1703 1449 1733 ut
1481 1708 1527 1732 ex
1555 1696 1646 1731 libro
1670 1693 1718 1729 ΙΙ.
1744 1696 1906 1739 apparet-

101 1750 151 1784 At
176 1749 220 1785 de
247 1750 397 1785 centrali
423 1760 495 1785 non
519 1750 602 1795 plus
627 1761 699 1786 uno
724 1751 856 1796 angulo
887 1751 924 1787 in
950 1757 1075 1787 centro
1108 1757 1204 1788 stare
1238 1744 1380 1798 potest,
1415 1761 1481 1797 per
1513 1749 1583 1785 def.
1611 1748 1645 1784 1.
1692 1747 1733 1782 In
1759 1746 1908 1783 circum-

100 1802 254 1838 ferentia
278 1813 362 1838 vero
389 1807 511 1848 potest
536 1813 617 1838 esse
640 1808 720 1839 tota
745 1804 1105 1841 circumferentialis:
1133 1815 1218 1850 ergo
1245 1809 1314 1841 etc.
1494 1847 1497 1851 Δ
1850 1848 1859 1856 ⁸

217 1853 514 1903 Propositio
548 1853 617 1891 VI.
677 1853 734 1892 Ex
766 1853 918 1893 duabus
949 1856 1101 1905 figuris,
1141 1867 1239 1906 quas
1270 1855 1354 1893 sibi*
1377 1852 1551 1893 vindicat
1582 1853 1762 1901 aspectus
1794 1858 1907 1898 quis-

104 1922 202 1961 que,
235 1913 364 1962 potior
396 1918 456 1950 est
486 1911 844 1959 circumferentialis
875 1914 1048 1952 centrali.

738 1979 808 2014 Est
831 1979 926 2015 enim
951 1980 1186 2024 congruentia
1209 1979 1330 2024 potior
1358 1978 1395 2013 in
1420 1977 1490 2014 hoc
1513 1975 1657 2020 negotio
1691 1970 1905 2015 scibilitatis,

622 2040 688 2075 per
711 2041 813 2077 prop.
839 2032 872 2068 4.
922 2034 971 2068 At
994 2032 1057 2067 illa
1080 2031 1200 2076 potior
1226 2037 1281 2067 est
1303 2032 1341 2066 in
1364 2031 1479 2075 figura
1496 2025 1820 2065 circumferentiam
1843 2034 1908 2069 per

623 2093 727 2128 prop.
754 2085 792 2128 5,
833 2095 943 2128 quare
969 2085 1006 2119 in
1031 2094 1102 2128 quo
1127 2083 1164 2117 id
1189 2083 1284 2128 quod
1311 2082 1513 2128 praepollet
1536 2081 1620 2126 plus
1643 2080 1758 2124 inest,
1792 2077 1830 2113 id
1853 2078 1906 2122 ip-

625 2145 703 2170 sum
721 2136 828 2172 etiam
843 2136 1070 2182 praepollere
1089 2137 1184 2179 facit,
1215 2135 1574 2172 circumferentialem
1591 2133 1729 2169 scilicet
1740 2131 1906 2177 figuram.

739 2188 838 2223 Idem
864 2189 971 2224 etiam
997 2188 1050 2224 sic
1073 2189 1249 2233 probatur
1279 2199 1324 2224 ex
1349 2187 1484 2223 intimis
1509 2186 1649 2221 animae
1673 2181 1904 2230 proprietati-

623 2240 704 2284 bus,
730 2251 807 2286 cap.
832 2242 863 2277 3.
891 2242 1009 2277 tactis.
1060 2241 1148 2277 Cum
1178 2240 1271 2275 enim
1296 2240 1414 2275 anima
1438 2239 1499 2282 sit,
1531 2248 1624 2283 quae
1655 2234 1907 2281 configuratio-

623 2303 710 2327 num
731 2292 925 2328 harmoniis
957 2293 1061 2329 ‘suum
1092 2292 1260 2329 conciliat
1291 2304 1365 2329 esse
1398 2291 1565 2336 formale,
1603 2294 1702 2325 certe
1739 2298 1809 2332 quo
1826 2286 1904 2321 -dis-

624 2345 770 2382 crimine
796 2347 914 2382 anima
938 2347 994 2382 vel
1018 2345 1172 2382 circulus
1198 2348 1253 2379 est
1276 2344 1333 2379 vel
1356 2349 1550 2389 punctum,
1582 2348 1745 2378 centrum
1770 2336 1904 2382 circuli,

625 2399 751 2435 eodem
776 2398 978 2434 discrimine
1004 2398 1111 2435 etiam
1135 2396 1328 2435 familiares
1360 2396 1413 2431 illi
1438 2400 1545 2431 erunt
1567 2395 1723 2441 figurae,
1757 2393 1905 2428 circum-

621 2450 820 2486 ferentialis
846 2457 882 2487 et
907 2451 1086 2487 centralis.
1134 2448 1216 2484 Etsi
1240 2458 1324 2483 vero
1359 2449 1473 2484 omnis
1498 2448 1616 2483 anima
1643 2445 1768 2482 circuli
1793 2453 1904 2490 quan-

553 2536 556 2539 .
600 2541 602 2545 ,
627 2502 707 2538 dam
731 2502 849 2538 ideam
873 2503 975 2548 gerit,
1001 2501 1174 2539 abstracti
1198 2500 1340 2547 quidem
1366 2501 1462 2536 illius
1486 2511 1560 2536 non
1584 2503 1723 2535 tantum
1747 2509 1770 2534 a
1793 2500 1903 2532 mate-

627 2554 691 2600 ria,
717 2554 781 2590 sed
807 2555 913 2590 etiam
938 2565 961 2590 a
981 2555 1228 2601 magnitudine
1253 2554 1526 2600 quodammodo,
1551 2558 1592 2590 ut
1619 2552 1753 2588 dictum
1778 2560 1855 2595 cap.
1872 2550 1905 2593 3,

632 2617 748 2651 eoque
772 2607 927 2644 circulus
953 2611 989 2642 et
1014 2612 1175 2643 centrum
1199 2607 1258 2643 hic
1273 2607 1348 2644 fere
1365 2607 1572 2642 coincidunt
1594 2606 1744 2650 ipsaque
1767 2603 1824 2638 vel
1839 2602 1905 2638 cir-

632 2659 734 2694 culus
758 2659 988 2704 potentialis,
1023 2658 1079 2694 vel
1102 2664 1274 2703 punctum
1303 2659 1420 2704 plagis
1445 2659 1667 2702 distinctum·
1685 2661 1722 2692 et
1745 2656 1797 2692 sic
1819 2665 1905 2700 quo·
1956 2656 1957 2659 ’

631 2710 819 2756 dammodo
861 2711 1112 2755 qualitativum
1153 2712 1221 2747 dici
1263 2717 1399 2758 potest3
1445 2717 1564 2747 tamen
1609 2710 1798 2745 discrimen
1836 2708 1906 2743 hoc

629 2762 770 2798 videtur
803 2763 1081 2805 observandum,
1121 2764 1217 2808 quod
1250 2764 1340 2799 aliae
1377 2764 1569 2799 facultates
1604 2763 1744 2804 animae
1784 2758 1904 2806 potius

628 2819 668 2849 ut
702 2812 857 2849 circulus
889 2815 1172 2851 considerandae
1210 2821 1313 2859 sunt,
1353 2817 1444 2851 aliae
1484 2815 1607 2861 potius
1648 2820 1688 2850 ut
1720 2818 1902 2860 punctum.

628 2865 934 2909 Quemadmodum
973 2868 1066 2902 enim
1106 2868 1260 2903 circulus
1299 2868 1376 2903 sine
1416 2872 1538 2903 centro
1580 2867 1728 2912 cogitari
1767 2866 1902 2910 nequit,

623 3022 809 3067 pressione
848 3022 1091 3068 imaginativa‚
1131 3026 1243 3061 omnis
1280 3026 1436 3061 vicissim
1474 3025 1614 3061 interna
1649 3027 1807 3070 receptio
1847 3024 1903 3061 vel

622 3075 807 3113 meditatio
833 3080 888 3111 est
910 3081 1059 3121 propter
1082 3082 1219 3113 motum
1239 3083 1437 3125 externum,
1464 3080 1578 3115 omnis
1594 3082 1732 3117 animae
1749 3082 1901 3118 facultas

626 2929 730 2956 omne
750 2917 920 2953 vvicissim
951 2925 1124 2964 punctum
1161 2921 1256 2955 circa
1289 2931 1328 2956 se
1366 2922 1478 2958 habet
1502 2921 1683 2965 regionem
1715 2919 1903 2957 scribendo
1969 2945 1974 2951 ,

625 2970 776 3015 circulo,
820 2971 871 3005 sic
906 2971 943 3006 in
974 2971 1091 3007 anima
1116 2983 1258 3018 quoque
1301 2973 1460 3018 operatio
1493 2973 1599 3011 ,nulla
1631 2978 1686 3009 est
1725 2973 1802 3008 sine
1840 2972 1903 3008 im·
1961 3003 1985 3023 μ
