1994 3276
129 72 226 114 454,
754 70 974 117 Appendicis
997 70 1295 109 Harmonicorum

129 187 220 239 dum
251 187 349 236 dixi,
388 188 808 239 nequaquameodem
836 195 1014 242 respectu
1045 191 1178 229 formis
1217 191 1457 240 quantitates
1494 190 1645 237 inesse,
1682 199 1762 239 quo
1793 188 1926 226 insunt
1961 242 1965 246 Ι

126 247 324 285 materiae.

162 355 165 358 Δ
242 304 433 343 Numeros
470 307 511 353 l,
547 308 595 357 2,
627 307 650 344 3
684 317 761 355 quo
794 311 835 344 tu
866 317 994 352 sensu,
1028 318 1106 356 quo
1139 307 1317 356 exemplo
1348 298 1661 358 proportionales
1691 303 1811 351 dicas,
1843 304 1926 353 ipse

126 362 293 410 videris3
325 364 363 400 in
395 366 608 412 geometria
627 364 938 414 proportionales
960 371 1049 403 sunt
1070 366 1137 403 isti
1161 368 1197 412 1,
1230 368 1267 411 2,
1301 366 1339 413 4,
1372 365 1428 403 sic
1453 367 1489 412 1,
1523 365 1561 412 3,
1595 365 1633 411 9,
1666 365 1721 401 sic
1742 364 1781 409 4,
1816 362 1865 409 6,
1887 362 1925 400 9.

127 421 172 458 In
204 420 264 459 his
299 423 334 468 1,
368 423 406 469 2,
440 424 463 460 3
495 423 726 461 formalibus
757 423 925 472 (scilicet
955 429 997 461 ut
1026 430 1117 462 sunt
1148 421 1325 476 figurati)
1358 423 1586 462 delitescere
1612 423 1670 460 ais
1700 420 1927 471 mysterium

105 477 352 518 ‘harmoniae
393 480 627 520 mundanae.
690 482 798 520 Laxe
837 483 1018 519 nimirum
1060 483 1178 520 uteris
1220 493 1319 520 voce
1359 482 1583 528 harmonia,
1627 478 1732 529 quod
1775 480 1807 516 si
1847 490 1926 516 non

128 543 232 576 esset
264 544 302 575 et
334 539 366 575 si
396 538 444 576 de
477 540 563 590 ipso
593 542 891 591 proportionum
922 545 1008 578 ortu
1040 539 1266 589 loquereris,
1299 537 1400 590 quae
1422 539 1691 590 proportiones
1719 539 1758 575 in
1779 538 1928 576 musica

109 594 365 633 'suavitatem
407 598 634 636 conciliant.
661 599 760 637 binis
793 600 1025 637 consociatis
1066 601 1188 647 sonis,
1234 599 1366 638 thema
1396 599 1472 637 hoc
1502 602 1605 636 esset
1645 607 1731 635 meo
1763 595 1927 634 themati

126 655 371 702 contrarium,
405 655 510 704 quod
541 658 634 694 totis
665 658 788 695 tribus
819 658 952 707 primis
982 655 1241 695 Harmonices
1271 669 1382 696 meae
1413 657 1521 694 libris
1551 656 1651 704 ursi;
1685 665 1762 692 non
1793 655 1926 703 itaque

125 714 182 750 sic
213 711 314 750 nude
347 713 529 752 affirmari
561 721 715 764 posset,
755 717 901 764 quippe
930 721 1019 765 post
1052 715 1287 754 decisionem
1318 727 1482 762 causae,
1521 714 1598 752 nisi
1628 712 1791 752 eandem
1823 723 1927 750 novo

130 773 248 809 etiam
270 771 487 820 molimine,
519 776 633 811 novis
655 776 894 822 argumentis
917 778 1113 816 censueris
1136 773 1384 821 fulciendam,
1407 773 1600 812 contraria
1620 783 1710 824 mea
1731 770 1927 809 diluenda.

243 829 338 867 Non
379 842 456 868 esse
497 831 769 871 diversissima
800 833 1017 870 materiam
1048 837 1084 869 et
1111 832 1316 882 formam,
1361 844 1412 870 ex·
1440 842 1486 871 eo
1516 831 1660 880 arguis,
1700 831 1799 879 quia
1830 841 1927 880 eori-⁴

130 889 373 925 'ommutui
404 891 561 927 actione
591 895 627 928 et
651 892 852 939 passione.
914 888 1110 938 Quantam
1141 902 1214 939 ego
1251 891 1470 931 molestiam
1511 890 1624 939 capio
1656 887 1812 927 vetulus
1844 887 1944 925 dis--

129 945 254 983 cenda
285 945 332 983 de
363 958 470 985 novo
502 953 594 987 tuae
626 948 898 998 philosophiae
937 949 1086 997 lingua!
1150 946 1250 987 Nam
1289 950 1504 998 antiquitus
1542 959 1620 986 non
1652 947 1808 985 diversa
1838 952 1927 984 tan-

124 1008 230 1050 tum,
268 1004 338 1042 sed
369 1011 408 1043 et
439 1008 633 1044 contraria
664 1006 866 1053 eluebant,
910 1017 1010 1055 quae
1048 1008 1085 1044 in
1119 1018 1160 1045 se
1202 1014 1336 1045 mutuo
1379 1011 1513 1057 agunt.
1575 1005 1766 1054 Adeoque
1808 1006 1926 1043 etiam

125 1061 264 1110 figuris
297 1062 462 1101 diversis
494 1071 654 1102 utuntur
684 1065 750 1103 ille
782 1066 837 1104 tui
870 1065 1038 1115 exempli
1071 1068 1129 1102 vir
1158 1072 1197 1103 et
1227 1066 1295 1104 illa
1315 1065 1464 1113 mulier,
1497 1066 1535 1102 in
1557 1069 1745 1114 quantum
1777 1062 1926 1102 scilicet

123 1125 246 1169 agunt
285 1123 584 1172 patiunturque3
625 1135 742 1173 quam
783 1123 931 1172 figurae
966 1124 1242 1175 »diversitatem
1283 1126 1400 1163 etiam
1442 1125 1612 1163 numeris
1652 1122 1924 1174 Pythagoricis

126 1190 350 1228 expressam
383 1181 535 1219 invenis
565 1182 667 1223 libro
697 1193 785 1220 meo
815 1181 886 1219 IV.
918 1181 1171 1221 Harmoniae.

238 1237 468 1276 Formarum
510 1251 582 1288 ego
623 1252 707 1279 cum
748 1241 921 1278 materiis
966 1241 1277 1278 convenientiam
1321 1252 1390 1279 seu
1432 1239 1746 1289 conjunctionem
1786 1249 1924 1276 recuso

122 1294 346 1334 harmonias
377 1295 607 1348 indigetari,
651 1307 768 1336 sensu
799 1299 908 1336 vocis
950 1304 1042 1348 apto
1082 1301 1179 1336 meis
1218 1299 1571 1348 speculationibus;
1610 1297 1924 1346 conjunctionem

76 1391 77 1396 ,
126 1355 256 1402 ipsam
296 1365 373 1392 non
415 1367 567 1395 recuso.
628 1356 859 1407 Exemplum
900 1368 1029 1394 mcum
1068 1357 1291 1395 diurnorum
1336 1363 1512 1395 motuum
1550 1356 1688 1395 Martis
1730 1359 1768 1393 et
1808 1354 1924 1393 Jovis

123 1423 228 1449 nova
261 1413 415 1451 inscitia
456 1416 573 1452 miror
601 1416 775 1465 formale
807 1415 1008 1463 appellari.
1069 1415 1159 1452 Duo
1192 1417 1342 1454 termini
1379 1414 1540 1453 sensiles
1571 1419 1678 1460 sunt,
1723 1413 1923 1463 proportio

62 1475 65 1477 ’
122 1471 221 1508 inter
261 1470 349 1508 illos
381 1482 442 1509 res
473 1477 533 1510 est
562 1473 650 1511 sola
686 1478 814 1511 mente
853 1472 1124 1524 percipienda,
1164 1473 1428 1520 aestimanda,
1469 1472 1644 1511 fruenda.
1705 1472 1788 1509 Nisi
1821 1472 1923 1510 enini

121 1529 263 1566 mentis
294 1529 424 1567 lumen
457 1532 600 1569 inesset
631 1532 669 1568 in
701 1531 848 1577 auditu,
883 1534 1013 1569 nonis
1043 1531 1299 1570 delectaretur
1320 1533 1570 1582 proportione
1593 1533 1612 1568 l
1646 1530 1696 1569 ad
1718 1531 1741 1567 3
1779 1531 1816 1566 in
1848 1541 1922 1567 vo-

122 1586 254 1634 cibus,
298 1593 336 1625 et
366 1589 440 1625 nisi
471 1590 578 1638 prius
609 1590 647 1626 in
679 1589 798 1627 ideali
830 1590 974 1628 circulo
1016 1591 1124 1627 intus
1155 1591 1194 1626 in
1223 1597 1353 1642 mente
1386 1591 1570 1628 creatrice
1610 1588 1816 1627 reluxisset
1847 1589 1923 1626 ista

121 1646 336 1694 proportio,
361 1657 439 1684 non
455 1647 677 1686 fuissetilla
697 1648 822 1700 indita
834 1649 1020 1699 motibus,
1051 1648 1207 1686 Saturni
1223 1648 1443 1686 tardissimo
1467 1654 1505 1686 et
1521 1647 1637 1686 Jovis
1659 1646 1921 1686 velocissimo.

240 1703 464 1753 Incongrua
494 1706 565 1744 tibi
597 1706 752 1744 videtur
783 1706 990 1744 affirmatio
1020 1718 1118 1755 mea,
1152 1706 1244 1744 dum
1276 1707 1374 1754 dico,
1407 1706 1692 1745 diversissimas
1719 1716 1804 1743 esse
1834 1709 1922 1743 tuas

121 1761 350 1800 harmonias
382 1775 406 1800 a
436 1765 544 1802 meis.
605 1764 654 1802 Et
686 1777 806 1813 quare
838 1765 1080 1814 incongrua?
1141 1764 1244 1813 Quia
1282 1777 1368 1802 cum
1399 1765 1470 1803 tibi
1501 1765 1550 1803 sit
1581 1764 1782 1802 harmonia
1823 1764 1922 1802 inter

122 1819 253 1858 lucem
284 1826 323 1859 et
352 1824 576 1870 materiam,
619 1823 714 1860 mihi
746 1825 844 1861 inter
874 1829 1023 1861 motum
1057 1828 1094 1861 et
1123 1829 1293 1870 motum,
1334 1829 1462 1860 motus
1498 1828 1626 1860 tamen
1657 1824 1741 1871 ipse
1781 1834 1804 1859 a
1834 1821 1922 1860 luce

120 1878 194 1916 tibi
238 1890 322 1916 esse
363 1880 528 1919 videtur.
591 1881 712 1930 Atqui
744 1893 766 1919 o
798 1882 919 1928 bone,
963 1892 1040 1918 non
1082 1881 1184 1919 idem
1217 1882 1402 1920 terminus
1441 1888 1520 1928 est,
1563 1881 1629 1918 lux
1661 1886 1703 1917 ut
1734 1891 1852 1918 causa
1882 1885 1922 1918 et

121 1941 254 1974 motus
288 1942 331 1974 ut
361 1938 536 1990 effectus,
567 1950 642 1976 non
677 1939 813 1977 eadem
844 1940 1096 1986 combinatio,
1131 1939 1389 1988 tibiquidcm
1411 1940 1596 1977 materiae
1628 1943 1666 1976 et
1686 1938 1795 1984 lucis,
1826 1938 1920 1975 mihi

124 1993 288 2032 duorum
319 2002 520 2044 motuum,
559 1996 656 2035 lucis
688 1994 740 2050 (si
774 1999 829 2035 ita
859 1995 940 2049 vis)
973 1998 1190 2035 effectuum.
1255 1998 1336 2034 Etsi
1367 1998 1559 2046 quaestio,
1591 2007 1641 2034 an
1673 2000 1802 2033 motus
1831 1995 1919 2046 pla-

119 2058 298 2091 netarum
339 2067 363 2091 a
401 2054 487 2093 luce
519 2055 622 2092 Solis
654 2058 820 2100 oriatur,
865 2067 941 2092 non
972 2060 1033 2099 ‚est
1070 2055 1170 2094 adeo
1201 2055 1405 2104 expedita,
1449 2060 1491 2093 ut
1527 2056 1627 2092 inter
1667 2053 1920 2092 fundamenta

119 2113 244 2160 possit
274 2114 432 2150 assumi.
492 2113 576 2162 Ego
609 2114 646 2150 in
679 2113 826 2152 Comm.
859 2112 907 2152 de
938 2114 1108 2151 motibus
1139 2113 1283 2151 Stellae
1306 2113 1442 2152 Martis
1474 2111 1589 2162 inque
1622 2113 1719 2151 libro
1742 2112 1788 2150 V.
1823 2113 1919 2162 Epi-

122 2177 249 2207 tomes
281 2170 559 2209 Astronomiae
591 2171 813 2209 demonstro
846 2183 1022 2217 causam,
1061 2183 1162 2219 quae
1194 2172 1372 2220 planetas
1403 2172 1506 2209 circa
1537 2170 1675 2209 Solem,
1698 2172 1798 2220 agit,
1842 2182 1918 2208 non

122 2239 208 2266 esse
238 2228 385 2276 lucem,
427 2228 496 2267 sed
536 2229 684 2278 aliquid
721 2229 798 2267 luci
836 2240 1021 2279 perquam
1058 2229 1182 2267 simile
1222 2230 1259 2265 in
1300 2229 1432 2267 multis
1463 2229 1786 2279 proprietatibus,
1830 2228 1918 2267 illos

120 2297 214 2324 vero
246 2291 395 2334 motus,
440 2289 505 2336 qui
537 2288 633 2325 fiunt
663 2287 951 2325 harmoniarum
985 2285 1209 2325 coelestium
1240 2288 1424 2334 termini,
1453 2287 1608 2325 formari
1643 2293 1680 2326 et
1711 2288 1860 2325 causari
1895 2301 1918 2325 a

120 2355 310 2382 concursu
343 2346 482 2383 insitae
515 2347 669 2383 virtutis
701 2347 740 2382 in
771 2346 937 2394 planetis
969 2346 1343 2392 eccentricitatisque
1365 2346 1546 2395 planetae
1569 2358 1593 2383 a
1613 2345 1717 2383 Sole.
1771 2345 1916 2394 ‘Itaque

119 2402 287 2440 tarditas
319 2408 357 2441 et
389 2404 579 2442 velocitas
610 2409 785 2442 motuum
816 2415 1064 2453 nequaquam
1095 2404 1144 2440 ab
1168 2404 1254 2453 ipsa
1274 2403 1359 2442 luce
1391 2400 1461 2441 nec'
1491 2404 1540 2441 ab
1566 2415 1612 2442 ea
1634 2415 1765 2450 causa,
1798 2415 1914 2452 quam

121 2460 209 2509 ejus
241 2462 420 2499 comitem
453 2462 552 2509 dixi,
593 2464 716 2511 primo
749 2463 886 2508 oritur,
919 2461 988 2500 sed
1019 2461 1068 2499 ab
1100 2462 1385 2499 eecentricitate
1423 2461 1615 2511 planetae.
1676 2461 1763 2500 Tibi
1797 2464 1915 2499 etiam

120 2511 193 2555 lux'
228 2518 330 2557 idem
371 2520 563 2569 estquod
600 2521 724 2557 forma
762 2524 801 2557 et
831 2521 983 2567 anima,
1025 2519 1117 2556 mihi
1157 2524 1285 2556 motus
1316 2518 1558 2568 planetarum
1596 2519 1711 2565 nulla*
1741 2519 1914 2568 indigent

122 2578 265 2622 anima,
299 2577 472 2625 indigent
493 2589 586 2615 vero
603 2579 725 2615 forma
746 2588 943 2627 corporea,
970 2589 1069 2625 quae
1091 2578 1268 2614 consistit
1290 2579 1326 2613 in
1349 2577 1454 2615 fibris
1476 2578 1647 2628 corporis
1671 2579 1910 2626 magneticis.

235 2634 439 2683 Quomodo
487 2637 602 2674 etiam
646 2635 824 2673 diversae
869 2635 1057 2673 crassitiei
1099 2634 1264 2672 chordae
1308 2637 1495 2684 recipiant
1543 2635 1680 2674 eodem
1730 2641 1908 2684 respectu

120 2693 377 2740 quantitates,
432 2705 550 2743 supra
591 2693 823 2743 explicatum
869 2698 939 2732 est.
1011 2692 1073 2730 Ita
1125 2692 1288 2730 dilutam
1341 2695 1521 2732 existimo
1565 2696 1907 2743 inconyruitatem

119 2750 323 2798 objectam.
1692 2763 1694 2765 ’

235 2809 307 2846 Ad
339 2809 582 2859 Analysin
613 2808 733 2846 XXI.
792 2807 869 2846 Hic
900 2813 940 2845 tu
973 2807 1126 2846 divellis
1157 2812 1305 2846 textum
1334 2821 1461 2847 meum
1493 2821 1659 2858 eumque
1690 2821 1758 2859 per
1776 2814 1906 2858 partes

120 2866 342 2914 aggrederis
385 2868 568 2905 inermem
608 2872 647 2905 et
676 2868 903 2905 exanimem.
964 2866 1084 2914 Atqui
1117 2871 1193 2904 tres
1226 2867 1358 2905 ordine
1390 2879 1413 2905 a
1444 2872 1482 2906 te
1519 2867 1734 2905 collocatae
1775 2872 1903 2916 partes

121 2927 266 2971 textus,
311 2924 491 2963 videlicet
522 2927 597 2972 21,
642 2927 693 2962 22
728 2921 766 2963 et
796 2925 847 2962 23
889 2922 1083 2971 conjuncti
1122 2935 1277 2962 sensum
1309 2925 1454 2964 habent
1491 2937 1632 2972 unum,
1675 2924 1903 2972 adduntque

122 2981 257 3021 ceteris
290 2981 594 3030 discriminibus,
627 2994 727 3032 quae
758 2987 847 3020 sunt
876 2982 975 3018 inter
1004 2987 1042 3019 te
1074 2986 1112 3020 et
1142 2993 1223 3029 me,
1256 2994 1375 3020 unum
1406 2985 1583 3033 insuper,
1617 2982 1721 3032 quod
1751 2981 1900 3020 scilicet

119 3041 161 3080 tu
190 3042 318 3087 partes
350 3041 404 3083 rei
434 3040 644 3098 cujusque,
685 3052 800 3094 quam
840 3049 909 3089 pro
940 3039 1117 3089 subjecto
1149 3039 1373 3079 harmoniae
1412 3040 1612 3088 venditae,
1651 3050 1728 3079 non
1771 3040 1903 3090 aliqua
