1988 3276
834 84 880 123 de
901 84 1106 123 nunonis.
1226 78 1240 97 '
1463 106 1470 113 ·
1801 85 1855 126 21

87 205 166 258 μετ’
198 205 380 259 «innam
407 204 608 259 &apum
643 220 733 252 τους
758 219 898 253 meone
939 206 1170 261 ὄιαηοσμονς
1206 219 1284 244 των
1317 202 1440 247 ὄντων
1474 218 1537 245 και
1564 217 1634 252 την
1662 217 1703 243 er
1730 199 1861 248 αὐτοις

92 265 289 315 nonciav-
363 260 464 304 Nam
493 262 567 304 etsi
592 274 670 304 non
699 263 837 304 crescit
864 273 913 303 ex
941 255 1233 314 quinquangulo
1266 262 1356 311 flos,
1396 265 1443 302 ιιι
1469 273 1519 302 ex
1544 259 1694 310 radice,
1730 264 1859 300 tamen

91 313 280 367 manavit
312 314 355 362 id
387 321 440 362 ad
478 320 634 363 causam
671 321 887 369 formalem,
933 332 1049 371 quam
1087 321 1278 372 spectavit
1317 323 1478 361 creator.
1534 319 1675 371 Itaque
1709 322 1859 359 tautum

90 377 212 431 abest,
239 384 285 420 ut
312 375 562 449 ἆφιλοσοᾳῖω
581 381 634 420 sit
661 379 736 419 hoc
763 378 907 419 dictum
935 376 1055 430 (quod
1075 378 1231 430 quidem
1252 377 1479 418 Aristoteles
1506 379 1639 417 nititur
1666 377 1858 429 probare),

91 444 138 481 ut
156 438 292 492 potius
321 450 369 479 ex
395 437 471 479 hoc
500 440 585 491 ipso
613 437 878 491 perfectissimi
896 436 1100 476 reddamur
1126 436 1359 506 philosophi,
1389 435 1495 487 quod
1513 435 1690 476 videmus
1705 435 1860 476 matbe-

89 497 231 542 ufic·
257 498 384 536 inesse
413 498 453 534 in
482 496 607 546 rebus,
637 507 710 536 nec
738 500 868 536 tamen
896 497 937 535 in
967 506 1035 535 eas
1063 497 1197 535 venire
1225 496 1292 534 via
1319 494 1499 534 naturali.
1565 495 1627 534 Ex
1652 493 1728 535 hoc
1756 495 1858 534 enim

89 544 315 606 colligimus,
332 565 492 594 causam
511 566 597 595 esse
615 554 824 607 prinoipem
844 553 1149 606 α’ρχιιεκτωικηο
1167 558 1207 594 et
1223 552 1516 604 intelligentem,
1538 563 1639 603 quae
1658 557 1859 593 connectat

87 614 232 667 figuras
259 611 455 653 ordinatas
483 617 556 653 etc.

227 669 322 713 Jam
348 672 388 710 in
415 672 626 722 geometria
652 682 769 722 saepe
798 672 968 722 cogitavi
996 669 1094 710 duas
1123 674 1252 722 partes
1290 669 1436 718 facere,
1473 673 1517 708 ut
1544 669 1584 708 in
1613 669 1737 720 prima
1764 679 1859 709 eon-

87 728 298 770 siderentur
325 730 572 781 quantitates,
599 734 644 768 ιιι
672 735 762 769 ειιιιι
788 730 828 768 in
859 733 996 780 quarta
1023 729 1153 780 specie
1182 727 1392 778 qualitatis,
1422 728 1461 765 in
1490 725 1677 776 secunda,
1707 732 1752 766 ιιι
1770 731 1861 766 ειιιιι

86 789 127 826 in
155 787 353 827 relatione.
412 787 565 827 Primae
600 788 720 839 partis
758 787 893 827 titulus
931 791 1035 827 esset
1062 786 1111 826 de
1139 787 1290 836 figuris,
1333 785 1526 826 secundae
1555 784 1603 824 de
1631 786 1858 825 rationibus.

86 845 135 887 Id
164 845 365 887 consilium
393 844 508 885 video
537 850 577 885 et
604 845 636 885 1.
661 845 703 885 C.
724 844 922 896 Scaligero
952 845 1119 897 probari.
1159 845 1271 885 Haec
1298 842 1387 884 ideo
1416 843 1518 896 dico,
1548 844 1640 894 quia
1657 844 1860 884 manifesta

88 909 148 944 est
166 902 378 945 differentia
404 904 503 943 inter
531 902 673 955 figuras
700 905 806 956 ipsas
836 915 1045 954 earumque
1074 905 1241 955 speciem
1270 907 1310 943 et
1336 901 1675 955 pulchritudinem,
1705 906 1743 942 et
1762 903 1861 942 inter

87 960 314 1003 collationes
339 961 562 1015 figurarum,
590 961 695 1013 quod
724 967 783 1002 est
810 961 1002 1002 accidens.

15 1027 18 1030 '
142 1030 144 1032 ’
220 1017 332 1060 Haec
358 1017 546 1072 ἀναλογοτ
572 1020 717 1060 habent
746 1019 796 1061 ad
824 1021 948 1072 ipsam
974 1031 1101 1060 rerum
1139 1023 1328 1059 naturam.
1394 1019 1546 1058 Etenim
1584 1017 1731 1068 figurae
1770 1022 1861 1057 sunt

89 1078 201 1130 quasi
215 1075 483 1130 substantiae,
513 1079 625 1130 λογω,
657 1093 797 1130 σχεσῑις
824 1083 982 1118 mutuae
1012 1078 1233 1130 figurarum,
1261 1082 1353 1116 sunt
1381 1079 1495 1128 quasi
1522 1082 1664 1116 motus.
1713 1075 1861 1127 Quem-

89 1133 295 1178 admodum
331 1137 464 1187 itaque
501 1138 541 1175 in
579 1136 776 1176 intellectu
814 1138 919 1188 prius
949 1141 1008 1176 est
1045 1135 1188 1188 figura,
1229 1147 1344 1186 quam
1384 1147 1516 1175 earum
1539 1134 1706 1176 collatio
1742 1146 1862 1175 causa

87 1190 346 1247 mensurandi,
374 1196 431 1234 ita
458 1195 497 1232 in
526 1193 639 1234 rebus
667 1196 774 1247 prius
805 1200 864 1235 est
893 1195 1130 1247 substantia,
1158 1206 1274 1245 quam
1304 1193 1483 1244 qualitas.

228 1252 279 1292 Et
307 1251 629 1304 quemadmodum
653 1255 753 1305 λογοι
781 1258 872 1292 sunt
901 1253 1122 1304 relationes,
1151 1254 1207 1292 ita
1235 1258 1363 1292 motus
1392 1251 1529 1291 relatio
1561 1255 1621 1290 est
1648 1252 1862 1291 consistens

88 1306 187 1350 inter
224 1322 344 1365 agens
380 1316 420 1350 et
456 1312 626 1363 patiens,
664 1314 708 1350 ut
743 1311 842 1350 illud
877 1313 976 1351 inter
1010 1322 1245 1362 exsuperans
1273 1316 1312 1350 et
1341 1314 1623 1361 exsuperatum.
1682 1309 1863 1362 Rursum,

89 1366 412 1419 quemadmodum
439 1370 478 1407 in
507 1369 705 1409 intellectu
739 1370 983 1410 manifestum
1023 1369 1224 1409 discrimen
1261 1374 1320 1409 cst
1354 1370 1452 1408 inter
1479 1367 1632 1422 figuras*
1651 1367 1794 1422 planas
1824 1373 1863 1408 et

89 1425 255 1479 solidas,
289 1438 377 1466 cnm
405 1426 530 1466 solida
559 1427 667 1467 finita
695 1426 832 1479 planas
863 1433 987 1467 certas
1015 1439 1062 1467 ex
1091 1426 1240 1467 infinito
1269 1439 1428 1468 numero
1458 1431 1695 1467 sustentent:
1737 1428 1795 1466 ita
1823 1428 1863 1466 in

87 1485 203 1526 rebus
230 1483 337 1524 aliud
365 1490 424 1524 est
451 1485 667 1525 substantia
697 1485 802 1526 aliud
830 1487 916 1536 ejus
947 1485 1126 1536 qualitas.

223 1540 298 1582 His
324 1542 580 1582 fundamentis
608 1545 745 1595 positis
774 1543 984 1597 concludo,
1013 1542 1339 1594 quemadmodum
1365 1543 1511 1594 figurae
1540 1542 1688 1582 solidae
1718 1541 1863 1582 faciunt

90 1599 140 1640 ad
168 1600 402 1640 substantias
429 1602 645 1641 materiales
674 1602 927 1655 exornandas,
966 1603 1021 1642 ita
1048 1601 1193 1652 figurae
1222 1602 1359 1653 planae
1388 1601 1438 1642 ad
1469 1600 1677 1651 qualitates
1704 1601 1861 1640 faciunt.

92 1657 257 1698 Collatio
285 1670 378 1698 vero
407 1658 629 1711 figurarum,
657 1671 709 1699 sc.
740 1662 853 1712 ratio,
884 1663 1003 1712 λογος,
1033 1659 1083 1698 ad
1102 1666 1230 1699 motus
1248 1661 1340 1699 facit
1361 1658 1605 1700 ordinandos.
1653 1659 1699 1698 In
1719 1659 1862 1699 mundo

91 1716 222 1767 itaque
250 1716 350 1756 coeli
378 1722 466 1755 sunt
496 1719 679 1756 exstructi
707 1730 755 1757 ex
794 1718 925 1767 figuris
964 1717 1099 1757 solidis
1138 1723 1323 1768 tanquam
1358 1718 1587 1757 substantia.
1647 1715 1864 1766 Qualitates

91 1773 315 1824 coloresque
354 1774 593 1826 planetarum
630 1780 720 1814 sunt
762 1775 975 1820 deducendi
1012 1788 1062 1815 ex
1097 1776 1229 1825 figuris
1257 1775 1404 1826 planis·
1449 1775 1559 1826 cujus
1588 1775 1864 1826 speculationis

86 1831 170 1882 jam
203 1831 336 1883 aliqua
376 1837 467 1872 sunt
501 1844 620 1884 penes
660 1844 722 1873 me
757 1835 947 1886 vestigia,
986 1834 1053 1873 sed
1084 1834 1181 1873 nihil
1209 1834 1337 1874 adhuc
1365 1835 1471 1875 certi.
1528 1833 1708 1884 Denique
1736 1838 1864 1873 motus

52 1921 54 1923 f
91 1889 285 1930 eoelorum
322 1889 376 1943 (et
404 1892 574 1930 omnium
604 1902 729 1930 rerum
757 1891 935 1942 adeoque
964 1896 1004 1932 et
1031 1890 1214 1946 fixarum)
1253 1896 1345 1932 sunt
1383 1903 1430 1932 ex
1472 1891 1679 1932 collatione
1709 1893 1865 1942 quanti-

90 1952 226 2001 tatum,
253 1959 308 1989 sc.
339 1960 387 1988 ex
414 1950 738 2001 proportionibus.

189 2002 192 2005 ’
226 2005 281 2046 Αι
308 2005 410 2046 unde
439 2012 529 2046 sunt
558 2007 766 2058 capiendae
795 2009 1083 2062 proportiones,
1120 2020 1168 2048 ex
1196 2007 1328 2058 figuris
1360 2007 1495 2047 solidis
1525 2021 1575 2047 an
1603 2006 1761 2058 planis?
1807 2007 1867 2046 Ex

88 2062 217 2116 planis
244 2065 390 2115 utique.
447 2065 547 2104 Nam
574 2078 691 2117 supra
721 2066 813 2117 dixi,
843 2065 958 2117 plana
987 2078 1048 2106 ess
1051 2079 1072 2106 e
1104 2064 1291 2118 drale-sor
1321 2066 1588 2118 qualitatibus,
1616 2065 1743 2104 solida
1772 2065 1867 2104 sub—

93 2122 255 2161 stantiis.
315 2122 368 2161 At
397 2127 524 2162 motus
552 2135 628 2163 non
660 2136 707 2163 ex
735 2125 959 2163 substantiis
1001 2125 1192 2177 proxime,
1236 2124 1305 2164 sed
1345 2137 1393 2163 ex
1433 2124 1684 2175 qualitatibus
1724 2125 1865 2163 existit.

94 2179 231 2230 Itaque
260 2174 533 2220 demonstratio
565 2184 683 2232 λογων
703 2197 1020 2232 κοσμοποιντικων
1049 2183 1203 2222 οιιιιιίιιο
1233 2182 1402 2233 petenda
1430 2188 1555 2222 estex
1574 2182 1706 2232 figuris
1726 2181 1864 2232 planis.

93 2235 194 2276 Nam
222 2235 318 2276 illud
346 2250 414 2289 per
442 2251 484 2278 se
513 2240 681 2290 intelligi
706 2240 819 2291 volo,
860 2242 899 2278 in
928 2240 1168 2280 arithmetica
1195 2240 1292 2279 nihil
1329 2253 1400 2280 nos
1436 2240 1641 2292 proficere,
1684 2239 1789 2289 quod
1816 2239 1867 2279 ad

94 2295 174 2334 rem
203 2297 268 2347 sit,
297 2307 383 2335 cum
411 2297 588 2347 aptitudo
617 2310 859 2339 numerorum
890 2300 1012 2337 omnis
1043 2311 1090 2338 ex
1118 2299 1249 2348 figuris
1277 2298 1444 2349 pendeat
1474 2300 1600 2348 sitque
1629 2297 1868 2337 arithmetica

95 2351 190 2391 nihil
220 2352 327 2392 aliud
368 2356 503 2404 (cansa
531 2357 687 2405 genuini
717 2361 756 2395 et
784 2358 926 2407 proprii
968 2355 1171 2408 subjecti),
1213 2369 1328 2407 quam
1370 2368 1458 2407 pars
1496 2356 1729 2406 geometriae
1759 2352 1866 2406 ῥητη.

95 2409 188 2450 Jam
218 2412 481 2462 loyor-infiniti
510 2418 620 2465 sunt,
659 2419 703 2452 ut
731 2426 987 2463 numerorum,
1017 2419 1061 2453 ut
1089 2414 1295 2464 figurarum
1324 2415 1571 2465 regularium.
1641 2413 1741 2453 Nam
1770 2415 1868 2453 inter

97 2469 289 2519 quoslibet
318 2468 414 2509 duos
442 2482 620 2510 numeros
648 2473 745 2511 inter
773 2484 814 2511 se
842 2474 985 2523 primos
1015 2477 1073 2512 est
1104 2474 1210 2523 λογος
1238 2472 1349 2511 alius.
1410 2472 1508 2511 Cum
1536 2477 1666 2512 autem
1698 2471 1867 2522 pulchri-

97 2525 192 2565 tudo
221 2526 318 2565 fluat
345 2539 392 2566 ex
421 2529 653 2579 aequalitate
683 2535 721 2569 et
749 2530 934 2568 mundum
952 2531 1059 2569 Deus
1090 2532 1275 2570 creaverit
1294 2532 1480 2581 optimum
1501 2536 1539 2570 et
1558 2530 1867 2582 pulcherrimum,

97 2584 368 2634 aequalitatem
399 2586 439 2623 in
477 2588 652 2626 omnibus
691 2589 805 2627 rebus
845 2590 1048 2638 quaesivit.
1125 2588 1351 2638 Aequalitas
1382 2594 1511 2628 autem
1540 2590 1578 2626 in
1608 2590 1741 2639 paucis
1773 2599 1868 2626 con-

97 2642 217 2693 sistit,
256 2643 511 2692 inaequalitas
548 2645 694 2684 infinita
733 2651 802 2685 est.
862 2647 999 2696 Itaque
1039 2647 1154 2685 etiam
1195 2648 1233 2683 in
1268 2647 1436 2685 motibus
1469 2649 1571 2698 λογοι
1599 2646 1713 2697 pauci
1744 2649 1868 2697 erunt,

96 2710 175 2738 non
204 2704 283 2738 tam
312 2703 396 2752 ipso
427 2701 579 2740 creandi
607 2715 734 2755 opere,
764 2716 879 2753 quam
908 2706 1055 2743 interna
1085 2716 1215 2743 eorum
1246 2703 1582 2744 demonstratione.
1642 2703 1867 2742 Habeamus

98 2756 229 2806 itaque
260 2760 380 2809 λογων
408 2758 608 2798 delectum.
679 2762 719 2800 Is
747 2773 825 2800 non
854 2762 965 2801 aliter
995 2763 1142 2801 institui
1171 2766 1319 2814 potest,
1362 2774 1478 2812 quam
1507 2764 1539 2801 si
1570 2760 1753 2800 adeamus
1782 2762 1867 2811 ipsa

34 2821 41 2825 ’
95 2814 233 2867 plana,
272 2828 371 2867 quae
409 2818 570 2866 gignunt
610 2820 751 2869 λογους.
808 2819 1018 2859 Planorum
1054 2819 1286 2869 regularium
1328 2819 1499 2859 delectus
1538 2820 1601 2858 hic
1641 2823 1721 2870 est,
1761 2819 1867 2868 quod

99 2872 287 2922 quaedam
315 2877 545 2924 geometrica
574 2882 681 2927 sunt,
724 2877 912 2927 quaedam
942 2880 1208 2927 ageometriea.
1276 2877 1436 2916 Illorum
1465 2878 1587 2917 latera
1616 2876 1867 2919 demonstrari

98 2936 259 2984 possunt
303 2931 356 2984 (h.
397 2945 430 2972 e.
478 2935 688 2983 comparari
735 2935 784 2973 ad
834 2935 1086 2986 diametrum),
1134 2935 1270 2974 horum
1317 2936 1492 2986 minime,
1540 2940 1584 2974 ut
1630 2935 1865 2986 septanguli,

99 2987 375 3042 undecanguli,
421 2989 705 3042 tredecanguli).
776 2992 884 3043 Quae
931 2994 1178 3033 demonstrari
1230 2997 1411 3045 possunt,
1455 2993 1552 3031 haec
1589 2998 1699 3031 sunt:
1749 2994 1787 3041 3,
1825 2994 1865 3044 4,

104 3044 140 3095 5,
187 3047 226 3098 6,
268 3048 305 3097 8,
353 3049 569 3100 lo-angula
607 3060 675 3100 per
718 3060 777 3099 se;
818 3056 908 3092 tune
955 3053 1021 3104 12,
1064 3063 1111 3090 ex
1150 3052 1433 3102 comparatione
1464 3051 1488 3089 3
1529 3055 1567 3091 et
1595 3051 1622 3089 4
1653 3050 1787 3102 anguli
1825 3051 1865 3088 in
