1988 3276
843 102 1141 143 ‹2011qu>
1814 106 1870 146 39

6 223 777 275 ιηίι,ιιιι1ιο(ἱειριιυιιιιιιιιιιίιιιι·ιιοοιιἱ
808 222 1870 272 {nummulatinummoumconvmmnls-

85 273 156 306 um
173 271 342 351 m
362 318 574 356 libcrschicke
604 317 659 350 leh
689 317 744 349 dic
775 317 986 348 Harmoniam
1007 315 1189 349 Ptolannel
1217 324 1332 357 graece
1362 315 1431 348 und
1464 309 1523 348 «11⁶
1547 314 1765 349 Harmoniam
1787 314 1870 347 Por-

83 365 195 406 phys!
222 373 337 405 gucc-
363 368 399 396 ot
427 364 549 406 hune,
580 373 657 396 eum
679 363 787 396 tertiis
807 363 1021 396 Harmonicis
1053 363 1219 403 mount.
1266 362 1347 394 Will
1379 372 1460 403 garn
1483 363 1543 395 des
1567 361 1677 395 Herm
1699 362 1871 395 Judicimn

85 412 226 445 dunc
245 411 458 451 molimen,
488 389 653 445 vis’lldem
675 411 742 443 hab
764 410 818 442 ich
842 419 878 442 es
900 410 1005 443 selbst
1027 410 1161 442 vorum
1184 409 1264 442 oder
1286 410 1448 442 voi-timu
1476 410 1598 444 hasen.
1642 409 1703 441 Ich
1725 409 1787 443 bin
1809 410 1871 441 sti·

83 458 197 501 mulin
216 457 373 497 worden,
404 457 510 489 disses
532 466 718 490 mmmm
746 457 891 490 drutkcn
923 466 964 489 zu
999 457 1128 497 hanan,
1162 455 1304 489 darnber
1338 456 1391 488 ich
1414 457 1486 488 sein
1510 455 1696 489 Gutachten
1724 456 1870 488 ιιιΙιὸιοιι

83 503 334 594 'mugire'
338 481 517 537 limonia
537 500 711 547 Porphyrii
738 512 815 545 κιο
845 505 937 536 son-t
968 504 1022 536 nic
1054 512 1096 536 zu
1119 502 1227 536 Truck
1258 501 1421 535 kommcn.
1470 502 1531 536 (Ex
1555 502 1696 544 epistol·
1720 501 1753 536 d.
1778 502 1809 534 d.
1834 501 1869 538 6.

194 655 224 690 t
247 655 383 699 Κρίσει
405 656 617 698 responsione
640 653 692 698 (d.
715 663 828 693 nonu
852 656 931 697 Apr-
956 653 1055 690 tw?-
1082 655 1141 689 οὐ.
1158 655 1217 688 111.
1240 663 1264 696 p
1292 652 1378 696 456)
1401 653 1483 687 hacc
1501 653 1567 686 huc
1593 652 1761 686 referenda
1776 655 1869 686 sunt:

130 856 141 863 ,
193 807 347 849 Literas
374 813 486 857 tuas,
524 807 733 858 Magnifice
761 812 801 847 et
828 806 1079 848 Nobilissime
1109 807 1203 855 Vir,
1243 818 1333 847 cnm
1364 805 1551 846 librorum
1587 804 1775 845 fasciculo
1809 805 1871 845 his

81 865 220 908 dicbus
246 878 389 917 magna
416 867 568 907 laetitia
594 867 741 917 accepi.
788 866 913 917 Igitur
940 867 1072 905 statim
1101 864 1153 905 ad
1173 864 1484 916 respondendum
1511 874 1734 911 conversus,
1765 863 1871 914 quod

80 924 348 975 mgnimdine
388 924 601 964 officiorum
642 936 720 964 non
758 936 942 976 possum,
984 923 1271 992 promtitudine·
1301 928 1343 963 et
1374 923 1567 974 obsequio
1595 923 1733 963 testari
1761 921 1871 966 volui

78 994 206 1025 meam
233 982 519 1035 gratitudinem.

195 1040 383 1081 Exordiar
422 1053 448 1080 a
474 1052 563 1080 mco
598 1040 774 1080 discursu
809 1041 1052 1089 harmonico,
1093 1041 1321 1091 quaestione
1358 1050 1454 1078 usus
1483 1038 1685 1090 ambigua,
1726 1038 1870 1088 quibus

81 1111 131 1140 cx
148 1100 373 1140 auctoribus
393 1099 582 1139 elementa
600 1099 718 1149 hujus
737 1099 934 1139 doctrinae
952 1098 1097 1138 hauriri
1118 1101 1282 1150 possint.
1327 1097 1581 1145 Dubitabam,
1609 1107 1736 1136 meam
1755 1098 1871 1136 istam

81 1159 282 1206 hum,
322 1168 374 1196 an
411 1157 520 1196 illam
558 1162 745 1199 veterum.
804 1157 847 1198 Si
885 1162 1075 1197 veterum:
1115 1157 1239 1197 edidit
1266 1155 1520 1209 Dasypodius
1544 1153 1716 1194 Euclidis
1746 1154 1870 1194 Elem.

79 1215 216 1256 Harm-
246 1214 400 1256 Graeca
429 1217 525 1255 citra
553 1215 914 1255 demonstrationes.
972 1214 1069 1255 Inde
1099 1215 1342 1255 definitiones
1380 1215 1630 1254 terminorum
1665 1215 1747 1264 peti
1775 1223 1871 1263 pos-

81 1278 183 1314 sunt.
235 1272 300 1313 Ad
328 1273 696 1314 demonstrationum
724 1273 962 1313 intellectum
991 1275 1197 1324 requiritur
1217 1275 1387 1324 cognitio
1416 1273 1722 1323 proportionum,
1753 1282 1871 1322 quam

82 1330 291 1380 Boethius,
321 1330 567 1381 Jornandus,
598 1331 686 1371 Jac.
712 1332 839 1372 Faber
868 1333 908 1370 in
937 1333 1019 1370 suis
1050 1331 1335 1380 Arithmeticis,
1366 1330 1467 1370 alius
1504 1342 1552 1369 ex
1581 1329 1661 1369 alio
1690 1331 1871 1378 mutuati,

81 1388 295 1439 tradidere3
334 1388 569 1429 Glareanum
606 1389 673 1429 diu
711 1396 772 1430 est
813 1402 862 1430 ex
890 1401 968 1440 quo
998 1401 1076 1429 non
1106 1389 1212 1438 vidi,
1247 1389 1353 1429 hunc
1382 1390 1517 1429 crebro
1546 1387 1694 1438 allegat
1723 1386 1871 1427 Arthu-

81 1448 164 1487 σιω
190 1447 336 1494 Italus,
376 1447 426 1488 de
454 1459 533 1499 quo
568 1459 714 1499 nuper,
752 1454 849 1499 puto
885 1448 989 1488 hunc
1021 1450 1316 1498 epitomatorem
1358 1447 1477 1497 hujus
1506 1447 1705 1486 doctrinae
1734 1445 1871 1485 haberi

80 1516 211 1556 pone.
268 1505 362 1544 Vidi
390 1506 525 1556 aliqua
553 1511 590 1545 et
621 1508 662 1545 in
691 1506 956 1558 Cyclopaedia
984 1505 1050 1545 Jo.
1082 1506 1257 1546 Thomas
1286 1506 1444 1556 Freigii.
1493 1505 1563 1544 Sin
1592 1504 1641 1544 de
1669 1515 1758 1544 mco
1787 1503 1872 1542 dis-

84 1572 198 1603 cursu
226 1564 401 1614 quaerisz
440 1570 536 1615 puto
567 1576 628 1604 me
656 1565 696 1602 in
726 1564 848 1604 literis
885 1565 1018 1604 omnia
1046 1565 1237 1615 tetigisse,
1280 1575 1381 1614 quae
1410 1569 1564 1615 praeter
1591 1563 1659 1602 lib.
1690 1561 1746 1601 X.
1776 1561 1871 1600 Ele-

83 1626 299 1661 mentorum
328 1621 500 1661 Euclidis
529 1628 620 1660 sunt
647 1624 879 1662 necessaria.
939 1621 1120 1661 Omnium
1157 1634 1251 1662 vero
1281 1623 1470 1673 optimum
1508 1626 1605 1671 puto
1642 1621 1871 1670 magistrum

84 1681 360 1730 experientiam
374 1707 385 1728 ,
426 1682 462 1718 si
499 1691 616 1730 super
654 1682 824 1720 cavitate
863 1679 1016 1731 aliqua,
1057 1692 1158 1730 qnae
1187 1681 1281 1720 facit
1313 1681 1574 1719 resonantiam
1587 1707 1599 1727 ,
1640 1678 1870 1718 extendatur

85 1736 229 1777 chorda
257 1748 392 1784 aenea,
422 1743 462 1776 et
490 1739 693 1788 supposito
715 1737 909 1788 magadio,
940 1750 1021 1784 seu,
1052 1739 1371 1788 utappellamus,
1403 1737 1587 1788 ephippio
1606 1736 1743 1775 mobili
1771 1734 1870 1788 (suf-

82 1794 164 1834 ficit
190 1795 316 1846 stylus
345 1794 409 1834 vel
433 1795 600 1846 ligneus,
631 1796 682 1835 ad
712 1796 895 1835 chordam
924 1795 1145 1847 applicatus
1173 1797 1385 1845 levissime,
1414 1798 1470 1834 sic
1498 1800 1544 1833 nt
1561 1805 1743 1834 mucrone
1772 1795 1870 1833 sub-

77 1852 224 1902 iectum
262 1852 422 1904 planum
459 1855 647 1904 attingere
686 1855 810 1904 possit
849 1853 899 1893 ad
937 1853 1156 1893 faciendum
1194 1856 1347 1904 signum
1381 1855 1420 1891 in
1446 1864 1498 1905 ¹eo
1526 1852 1633 1901 loco,
1676 1853 1744 1892 ubi
1783 1864 1870 1891 cum

82 1911 267 1962 ephippio
296 1910 557 1964 consistimus)
587 1912 806 1952 oberremus
835 1911 887 1950 ad
907 1910 1061 1951 dextras
1093 1919 1132 1951 et
1150 1913 1327 1951 sinistras
1346 1910 1513 1951 chordae
1532 1916 1676 1962 partes,
1707 1910 1872 1950 subinde

81 1974 286 2019 utramque
313 1974 464 2019 partem
493 1969 682 2017 chordae,
713 1971 764 2010 ab
794 1970 978 2021 ephippio
1009 1972 1121 2020 quasi
1151 1970 1316 2018 divisae,
1343 1969 1565 2020 pulsantes,
1597 1980 1724 2019 eaque
1752 1970 1872 2008 missa

80 2026 224 2075 libera,
263 2032 386 2066 totam
415 2038 571 2077 quoque
609 2029 725 2078 pulsn
755 2034 961 2068 tentantes.
1020 2028 1187 2079 Reliqua
1225 2030 1496 2078 permittuntur
1524 2029 1676 2067 aurium
1708 2026 1870 2077 judicio.

82 2083 184 2123 Ram
210 2086 245 2123 si
268 2085 534 2134 judicaverint
562 2097 688 2134 aures,
719 2098 933 2126 consonare
962 2092 1112 2136 partem
1142 2093 1345 2136 utramque
1375 2097 1463 2125 cum
1491 2091 1588 2134 tota,
1618 2085 1687 2125 fiat
1716 2087 1872 2135 signum
1942 2115 1950 2121 .
1986 2082 1988 2085 ’

83 2142 125 2179 in
153 2141 243 2182 loco
273 2142 474 2182 divisionis
504 2155 619 2194 super
647 2143 786 2194 plano,
817 2150 856 2183 et
886 2150 1127 2183 mensuretur
1156 2150 1320 2194 utraque
1348 2143 1555 2194 longitudo
1586 2149 1772 2183 extensae
1803 2143 1874 2182 de-

82 2210 198 2250 super
225 2202 347 2250 partis
376 2201 562 2241 chordae.
599 2208 691 2241 tunc
719 2203 947 2253 apparebit,
984 2202 1120 2252 quales
1149 2204 1433 2242 constituantur
1461 2203 1745 2252 proportiones.
1804 2201 1874 2239 In—

82 2257 233 2296 terdum
262 2264 392 2312 partes
421 2260 520 2297 inter
556 2271 599 2299 se
630 2261 899 2300 consonabunt
938 2265 976 2299 et
1008 2265 1144 2299 neutra
1183 2272 1269 2299 cum
1300 2265 1405 2310 tota3
1447 2259 1641 2298 interdum
1675 2270 1767 2310 pars
1796 2270 1875 2298 una

0 2334 9 2342 v·
82 2316 312 2354 consonabit
340 2327 428 2355 cum
455 2322 552 2365 tota,
581 2317 732 2368 reliqua
761 2324 801 2358 et
829 2319 880 2357 ab
910 2318 986 2357 hac
1015 2323 1054 2357 et
1085 2330 1109 2356 a
1139 2323 1223 2357 tota
1249 2318 1485 2357 dissonante.
1534 2318 1626 2356 Fiat
1655 2316 1797 2356 deinde
1826 2329 1875 2356 ex

0 2402 2 2404 ψ
81 2372 248 2412 chordae
278 2373 521 2423 longitudine
551 2375 730 2424 circulus,
761 2377 993 2416 coeuntibus
1023 2377 1219 2426 capitibus
1240 2377 1478 2415 extensionis
1497 2374 1694 2415 chordae
1683 2387 1723 2413 ιιι
1743 2387 1874 2423 ιιιιιιιιι,

54 2466 59 2471 .
81 2436 122 2470 et
148 2431 394 2470 manentibus
422 2434 544 2482 signis
566 2433 814 2482 divisionum,
846 2440 885 2473 et
900 2434 1108 2483 judicetur,
1138 2445 1189 2472 an
1211 2446 1346 2473 verum
1375 2433 1550 2482 dixerim,
1582 2444 1718 2473 omnes
1736 2433 1877 2483 hujus-

80 2489 188 2528 modi
216 2494 348 2539 partes
377 2490 508 2529 circuli
537 2502 623 2531 osse
653 2491 995 2531 demonstrabiles:
1037 2503 1139 2541 quae
1167 2503 1263 2532 vero
1299 2503 1379 2531 non
1421 2491 1773 2539 concordaverant,
1814 2493 1878 2529 in-

83 2546 424 2586 demonstrabiles.

195 2604 294 2643 Cum
332 2615 454 2654 nuper
481 2606 735 2655 scripsissem,
778 2607 956 2646 carebam
994 2606 1124 2646 adhuc
1158 2606 1392 2657 supellectili
1429 2607 1599 2646 libraria.
1658 2607 1799 2657 Itaque
1830 2605 1879 2646 de

79 2660 296 2702 Ptolemaei
324 2662 570 2701 Harmonicis
598 2663 750 2712 latinis,
790 2676 891 2714 quae
921 2666 1016 2704 olim
1051 2665 1105 2703 ad
1135 2677 1197 2703 me
1228 2667 1267 2702 in
1299 2665 1468 2715 Styriam
1500 2666 1663 2712 misisti,
1704 2676 1752 2703 ex
1782 2664 1877 2702 bibl.

34 2748 36 2752 ‚
81 2718 273 2759 Bavarica
303 2719 498 2767 desumta,
539 2723 756 2770 expressius
798 2723 965 2762 scribere
1004 2734 1081 2761 non
1119 2724 1243 2772 potui.
1303 2722 1424 2761 Salva
1456 2731 1548 2761 sunt
1577 2727 1630 2774 et,
1671 2723 1705 2760 si
1746 2723 1803 2760 uti
1832 2723 1882 2761 iis

0 2818 8 2828 ς
47 2804 50 2805 ⁷
80 2777 251 2817 voluerit
280 2777 335 2816 M.
367 2778 468 2829 Tua,
497 2777 733 2827 postliminio
764 2784 1015 2821 revertentur.
1075 2779 1144 2819 Sin
1180 2786 1312 2819 autem
1342 2779 1492 2830 aliquid
1538 2793 1562 2819 a
1591 2791 1654 2818 me
1693 2780 1734 2817 in
1772 2778 1881 2818 libris

78 2846 171 2881 mss.
200 2836 388 2885 praestari
418 2837 548 2884 cupis,
579 2835 630 2873 ad
660 2837 764 2885 quod
792 2837 901 2876 libris
930 2838 1064 2877 latinis
1093 2839 1291 2888 impressis
1322 2837 1417 2876 mihi
1454 2849 1552 2888 opus
1580 2837 1715 2885 fuerit,
1755 2836 1803 2877 de
1835 2849 1882 2877 eo

80 2903 141 2931 me
169 2894 354 2942 proximis
382 2893 504 2932 literis
534 2892 726 2932 edoceb‘ss.
782 2894 1032 2944 Gogavinum
1061 2897 1216 2946 ineptae
1247 2896 1439 2934 versionis
1468 2907 1544 2934 non
1576 2906 1711 2944 arguo,
1740 2900 1782 2934 at
1811 2895 1875 2935 la-

80 2950 204 2988 tinum
233 2956 380 2990 textum
411 2951 658 2990 obscuritatis
686 2952 726 2988 in
745 2954 907 2992 materia
926 2955 1054 2992 minus
1074 2956 1176 2992 trita.
1228 2953 1284 2991 En
1306 2954 1379 2991 tibi
1400 2952 1641 3002 exemplum:
1671 2954 1729 2992 sic
1756 2955 1878 2992 vertit
1912 2949 1921 2954 “

82 3005 311 3058 Gogavinus
348 3010 633 3059 inscriptionem
663 3010 801 3058 capitis
839 3010 983 3049 ultimi:
1026 3018 1096 3062 „ut
1125 3012 1333 3050 errantium
1362 3011 1563 3050 stellarum
1591 3009 1876 3050 familiaritates

6 3068 8 3070 '
82 3070 347 3116 comparentur
382 3068 423 3104 in
453 3078 551 3117 quas
579 3066 723 3105 habent
750 3068 874 3106 soni.“
937 3068 1034 3119 Quis
1064 3069 1163 3108 haec
1199 3067 1400 3118 intelligit,
1441 3069 1515 3108 etsi
1554 3068 1717 3108 verbum
1751 3069 1871 3108 verbo
