1988 3276
802 706 1293 758 J0.KEPPLER1·

510 815 919 890 nARMtJMGEs
966 815 1167 890 MUNffl
1216 814 1425 890 unffi
1458 816 1526 891 ΙΙ.

418 951 485 998 De
536 951 848 1010 Congruentia
900 952 1170 1009 Figurarum
1218 953 1610 1000 Har-monicamm.

801 1242 1228 1299 PROOEMIUM.

234 1362 454 1403 Essentiam
474 1362 714 1413 singularum
732 1362 943 1412 figurarum
964 1363 1202 1414 regularium
1228 1362 1439 1403 mentalem
1470 1374 1541 1402 seu
1569 1377 1705 1414 vespm
1733 1361 1921 1402 hactenus
1965 1386 1969 1398 2

122 1422 339 1472 explicavi:
370 1424 545 1472 sequitur
576 1433 707 1460 earum
732 1421 954 1471 junctarum
976 1424 1206 1472 proprietati,
1237 1427 1277 1461 et
1306 1420 1429 1460 veluti
1451 1421 1609 1460 effectus
1630 1423 1732 1460 intra
1761 1432 1923 1472 geome-
1982 1415 1988 1440 ἑ

121 1483 246 1529 triam,
280 1482 346 1530 qui
379 1487 437 1519 est
469 1482 721 1530 congruentia
754 1480 816 1518 vel
846 1481 1144 1520 insociabilitas.
1203 1480 1292 1519 Non
1322 1484 1414 1518 sunt
1445 1481 1547 1520 enim
1578 1479 1756 1529 ejusdem
1783 1479 1920 1518 latitu-
1966 1501 1988 1507 ιι

123 1538 222 1578 dinis
264 1538 619 1577 demonstrabilitas
659 1544 697 1577 et
739 1540 1008 1588 congruentia,
1047 1550 1133 1577 cum
1172 1538 1241 1577 illa
1278 1538 1518 1588 singularum
1558 1540 1609 1577 sit
1649 1543 1688 1578 et
1718 1549 1806 1576 cum
1836 1539 1924 1587 ipsa
1964 1551 1984 1573 :2

122 1597 387 1647 duplicatione
419 1599 603 1635 continua
632 1596 797 1635 laterum
839 1599 953 1636 unius
993 1597 1139 1647 figurae
1177 1598 1216 1634 in
1247 1596 1438 1635 infinitum
1469 1598 1664 1645 excurrat,
1705 1597 1781 1635 ista
1811 1596 1924 1634 certis

123 1662 298 1695 coartata
326 1655 500 1705 legibus,
535 1656 678 1705 quibus
708 1655 839 1705 plures
871 1656 1016 1705 figurae
1048 1657 1085 1693 in
1119 1667 1235 1694 unam
1265 1657 1492 1694 societatem
1524 1660 1730 1703 vocantur,
1770 1654 1820 1693 ob
1851 1665 1925 1692 an·
1960 1658 1988 1705 jj'

121 1715 301 1764 gulorum
333 1716 567 1753 incrementa
598 1726 639 1753 se
672 1716 797 1763 ipsam
827 1714 1094 1764 praepediens,
1128 1715 1205 1753 cito
1238 1713 1402 1753 desinat.
1463 1714 1512 1752 Et
1543 1714 1722 1763 quamvis
1753 1711 1925 1755 delectus

123 1774 174 1811 sit
202 1772 393 1822 graduum
424 1773 608 1811 scientiae
640 1771 1057 1823 demonstrationisque
1088 1778 1127 1811 et
1154 1771 1360 1821 plurimum
1382 1772 1559 1811 differant
1588 1772 1791 1810 nobilitate
1820 1769 1923 1819 illae,
1979 1777 1988 1818 ’ἶ

125 1843 223 1881 quas
255 1842 326 1870 nos
358 1831 651 1880 explicavimus,
675 1831 754 1868 ab
745 1832 804 1878 iis,
837 1843 934 1880 quas
956 1831 1170 1869 dimisimus
1202 1832 1285 1869 sine
1315 1827 1489 1869 nomin‘e:
1521 1841 1597 1868 non
1619 1834 1747 1869 tamen
1767 1841 1815 1867 ne
1837 1840 1925 1867 cum
1943 1841 1949 1846 ·
1966 1824 1988 1883 ’ἢ

126 1889 201 1928 hac
232 1889 389 1938 quidem
422 1888 762 1928 demonstrationis
793 1889 996 1928 nobilitate
1028 1892 1282 1938 congruentia
1321 1888 1436 1939 plane
1466 1889 1551 1938 pari
1580 1900 1700 1938 passu
1730 1887 1975 1936 ambulat,

127 1948 306 1997 adeoque
338 1959 456 1985 unum
488 1947 649 1985 alterius
681 1958 799 1985 causa
828 1959 906 1985 non
927 1953 998 1996 est,
1029 1947 1099 1986 sed
1119 1952 1325 1997 utrumque
1356 1959 1404 1986 ex
1425 1946 1562 1986 eadem
1593 1948 1786 1985 communi
1807 1956 1937 1984 causa

127 2003 250 2060 (quae
281 2010 340 2044 est
371 2005 601 2055 angulorum
631 2005 777 2054 figurae
799 2003 1008 2060 aptitudo),
1041 2005 1224 2055 quodque
1253 2011 1382 2044 tamen
1413 2006 1494 2043 suis
1524 2004 1689 2054 legibus,
1721 2003 1924 2055 dependet.
1964 2021 1988 2058 g·

128 2063 378 2113 Quantopere
410 2075 502 2103 vero
534 2065 753 2102 necessaria
783 2065 834 2101 sit
863 2064 976 2102 nobis
1006 2063 1103 2102 haec
1134 2075 1290 2113 quoque
1314 2063 1596 2113 speculationis
1626 2075 1729 2114 pars,
1762 2074 1809 2102 ex
1839 2063 1923 2112 ipso
1964 2059 1972 2098 .’

129 2124 250 2161 totius
282 2124 409 2172 operis
440 2123 616 2160 instituto
648 2121 780 2159 videre
813 2126 882 2160 est.
931 2121 1028 2160 Cum
1058 2123 1159 2160 enim
1182 2124 1368 2171 originem
1399 2121 1641 2160 harmonices
1672 2122 1835 2171 ejusque
1866 2120 1923 2159 es·
1958 2124 1988 2170 '³'

128 2181 254 2220 fectus
285 2183 324 2217 in
366 2185 448 2219 toto
480 2180 624 2218 mundo
664 2181 1018 2229 praestantissimos
1056 2179 1306 2229 explicandos
1337 2181 1609 2228 sumserimus,
1649 2178 1845 2230 quomodo
1877 2178 1923 2217 de
1963 2166 1988 2218 ῥ’

128 2240 381 2289 congruentia
421 2239 653 2288 figurarum,
702 2250 802 2287 quae
843 2242 933 2276 sunt
971 2240 1265 2288 proportionum
1303 2238 1613 2276 harmonicarum
1654 2238 1923 2287 scaturigines,
1964 2252 1988 2291 Ξτ

127 2298 249 2336 verba
278 2297 387 2335 nulla
417 2296 634 2335 faciamus?
666 2307 752 2334 cum
782 2295 885 2334 idem
905 2301 1017 2335 sonet
1038 2295 1187 2334 Latinis
1219 2308 1428 2346 congruere
1450 2301 1489 2334 et
1515 2297 1784 2346 congruentia,
1819 2293 1924 2346 quod

131 2355 290 2394 Graecis
321 2353 525 2405 ἁρμοττειν
555 2360 593 2394 et
623 2351 809 2404 ἁρμονια,
856 2366 943 2392 cum
982 2354 1046 2393 hic
1085 2354 1295 2404 figurarum
1335 2355 1494 2393 effeetus
1534 2355 1633 2393 intra
1671 2355 1924 2405 geometriam

130 2416 306 2463 intraque
338 2414 654 2453 architectonices
685 2418 833 2463 partem
854 2413 971 2460 illam,
1004 2424 1104 2463 quae
1127 2414 1228 2451 circa
1248 2412 1480 2463 archetypos
1501 2418 1687 2461 versatur,
1720 2414 1770 2452 sit
1800 2422 1925 2463 quae·
1961 2408 1988 2450 J*

131 2472 219 2511 dam
250 2473 359 2511 velut
389 2473 518 2521 imago
558 2477 596 2510 et
625 2471 868 2521 praeludium
900 2468 1108 2510 effectuum
1149 2477 1257 2510 extra
1286 2472 1538 2521 geometriam
1569 2477 1754 2521 extraque
1784 2470 1924 2510 mentis
1962 2493 1985 2518 μ

131 2535 340 2580 conceptus
370 2531 409 2567 in
441 2531 534 2580 ipsis
563 2530 679 2568 rebus
712 2529 953 2568 naturalibus
985 2535 1023 2568 et
1053 2529 1306 2577 coelestibus,
1339 2540 1425 2567 cum
1455 2531 1671 2580 proprietas
1700 2529 1798 2568 haec
1828 2540 1923 2568 con-

131 2591 342 2640 gruentiae,
376 2600 476 2638 quae
508 2590 544 2625 in
577 2592 808 2625 structuram
840 2592 878 2627 et
906 2589 1215 2637 corporationem
1246 2587 1415 2637 aliquam
1447 2589 1542 2636 exit,
1575 2587 1664 2638 talis
1695 2589 1756 2636 sit,
1788 2591 1831 2625 ut
1861 2585 1926 2626 vel

132 2650 218 2698 ipsa
248 2652 416 2686 mentem
446 2646 740 2696 speculatricem
770 2647 909 2684 invitet
939 2646 988 2684 ad
1019 2645 1168 2695 aliquid
1191 2647 1309 2684 etiam
1329 2645 1421 2684 foris
1441 2645 1670 2694 faciendum,
1703 2644 1922 2693 creandum,

131 2705 432 2756 corporandum,
472 2710 593 2754 utque
630 2703 755 2742 latens
792 2703 880 2741 inde
922 2704 971 2742 ab
1014 2708 1170 2742 aeterno
1211 2705 1251 2741 in
1281 2703 1602 2754 superbenedicta
1631 2709 1759 2743 mente
1791 2703 1923 2742 divina

131 2776 199 2814 per
229 2764 403 2803 idearum
435 2762 588 2801 ordines
619 2767 805 2812 tanquam
836 2762 980 2800 bonum
1010 2773 1213 2811 summum,
1245 2759 1307 2801 sui
1328 2764 1704 2810 communicativum,
1738 2762 1923 2801 contineri
1972 2793 1974 2795 ,

132 2824 171 2859 in
202 2834 274 2861 sua
303 2823 563 2861 abstractione
593 2832 671 2859 non
701 2821 890 2870 potuerit,
923 2822 1016 2870 quin
1047 2821 1085 2857 in
1117 2822 1320 2860 creationis
1353 2832 1449 2871 opus
1478 2825 1743 2871 prorumperet
1772 2820 1923 2858 Deum-
1971 2836 1975 2848 ι

132 2891 207 2929 que
249 2885 458 2919 creatorem
499 2880 665 2919 efficeret
706 2890 908 2928 corporum
946 2879 1019 2916 sub
1056 2878 1193 2918 iisdem
1240 2879 1430 2930 figurisc
1411 2878 1690 2918 conclusorum.
1750 2878 1809 2917 De
1850 2877 1922 2916 hac
1967 2881 1971 2893 ²

133 2939 250 2987 igitur
280 2939 487 2989 figurarum
518 2939 767 2989 congruentia
797 2938 932 2986 paucis
963 2948 1099 2986 agam,
1144 2949 1230 2976 cum
1268 2937 1614 2976 demonstrationes
1646 2935 1820 2975 difficiles
1850 2947 1922 2973 ne-

133 3006 328 3047 quaquam
358 2998 446 3045 sint,
478 3008 550 3037 nec
581 2996 657 3036 alio
686 3007 785 3046 pene
816 2999 1017 3046 apparam,
1050 3007 1166 3045 quam
1187 2998 1274 3047 ipsa
1293 2996 1502 3048 figurarum
1532 2996 1683 3045 pictura
1708 2994 1920 3045 indigeant.
