<?xml version="1.0" encoding="UTF-8"?>
<!DOCTYPE html PUBLIC "-//W3C//DTD XHTML 1.0 Transitional//EN"
    "http://www.w3.org/TR/xhtml1/DTD/xhtml1-transitional.dtd">
<html xmlns="http://www.w3.org/1999/xhtml" xml:lang="en" lang="en">
 <head>
  <title>
</title>
<meta http-equiv="Content-Type" content="text/html;charset=utf-8" />
  <meta name='ocr-system' content='tesseract 3.04.00' />
  <meta name='ocr-capabilities' content='ocr_page ocr_carea ocr_par ocr_line ocrx_word'/>
</head>
<body>
  <div class='ocr_page' id='page_1' title='image "./operaomniaedidit05kepluoft_0220.png"; bbox 0 0 1994 3276; ppageno 0'>
   <div class='ocr_carea' id='block_1_1' title="bbox 145 100 1352 150">
    <p class='ocr_par' dir='ltr' id='par_1_1' title="bbox 145 100 1352 150">
     <span class='ocr_line' id='line_1_1' title="bbox 145 100 1352 150; baseline -0.001 -9"><span class='ocrx_word' id='word_1_1' title='bbox 145 103 228 142; x_wconf 68' lang='lat'>202</span> <span class='ocrx_word' id='word_1_2' title='bbox 720 100 777 140; x_wconf 86' lang='lat' dir='ltr'>De</span> <span class='ocrx_word' id='word_1_3' title='bbox 799 104 1095 150; x_wconf 87' lang='lat' dir='ltr'>Proportionibus</span> <span class='ocrx_word' id='word_1_4' title='bbox 1117 104 1352 143; x_wconf 85' lang='lat' dir='ltr'>Harmonicis.</span> 
     </span>
    </p>
   </div>
   <div class='ocr_carea' id='block_1_2' title="bbox 108 222 1994 3126">
    <p class='ocr_par' dir='ltr' id='par_1_2' title="bbox 108 222 1937 1209">
     <span class='ocr_line' id='line_1_2' title="bbox 147 222 1933 277; baseline 0.004 -19"><span class='ocrx_word' id='word_1_5' title='bbox 147 231 308 270; x_wconf 85' lang='lat' dir='ltr'>quarum</span> <span class='ocrx_word' id='word_1_6' title='bbox 345 233 431 260; x_wconf 91' lang='lat' dir='ltr'>cum</span> <span class='ocrx_word' id='word_1_7' title='bbox 468 222 519 260; x_wconf 90' lang='lat' dir='ltr'>sit</span> <span class='ocrx_word' id='word_1_8' title='bbox 557 223 745 272; x_wconf 86' lang='lat' dir='ltr'>varietas,</span> <span class='ocrx_word' id='word_1_9' title='bbox 767 223 900 263; x_wconf 53' lang='lat' dir='ltr'>*nullis</span> <span class='ocrx_word' id='word_1_10' title='bbox 936 235 1106 274; x_wconf 81' lang='lat' dir='ltr'>unquam</span> <span class='ocrx_word' id='word_1_11' title='bbox 1146 225 1298 275; x_wconf 89' lang='lat' dir='ltr'>legibus</span> <span class='ocrx_word' id='word_1_12' title='bbox 1336 225 1426 264; x_wconf 88' lang='lat' dir='ltr'>illae</span> <span class='ocrx_word' id='word_1_13' title='bbox 1457 225 1727 276; x_wconf 72' lang='lat' dir='ltr'><strong>comprehendi</strong></span> <span class='ocrx_word' id='word_1_14' title='bbox 1757 231 1933 277; x_wconf 81' lang='lat' dir='ltr'>possunt.</span> 
     </span>
     <span class='ocr_line' id='line_1_3' title="bbox 145 278 1933 333; baseline 0.004 -17"><span class='ocrx_word' id='word_1_15' title='bbox 145 278 294 317; x_wconf 85' lang='lat' dir='ltr'>Neutra</span> <span class='ocrx_word' id='word_1_16' title='bbox 323 280 440 330; x_wconf 88' lang='lat' dir='ltr'>igitur</span> <span class='ocrx_word' id='word_1_17' title='bbox 467 281 566 319; x_wconf 87' lang='lat' dir='ltr'>ratio</span> <span class='ocrx_word' id='word_1_18' title='bbox 595 293 664 331; x_wconf 84' lang='lat' dir='ltr'>per</span> <span class='ocrx_word' id='word_1_19' title='bbox 683 293 726 320; x_wconf 89' lang='lat' dir='ltr'>se</span> <span class='ocrx_word' id='word_1_20' title='bbox 742 282 828 320; x_wconf 89' lang='lat' dir='ltr'>sola</span> <span class='ocrx_word' id='word_1_21' title='bbox 849 287 977 321; x_wconf 86' lang='lat' dir='ltr'>tuetur</span> <span class='ocrx_word' id='word_1_22' title='bbox 998 283 1250 333; x_wconf 71' lang='lat' dir='ltr'><strong>respublicas»,</strong></span> <span class='ocrx_word' id='word_1_23' title='bbox 1283 283 1351 322; x_wconf 88' lang='lat' dir='ltr'>sed</span> <span class='ocrx_word' id='word_1_24' title='bbox 1370 283 1586 324; x_wconf 86' lang='lat' dir='ltr'>miscendas</span> <span class='ocrx_word' id='word_1_25' title='bbox 1618 284 1731 324; x_wconf 88' lang='lat' dir='ltr'>docet</span> <span class='ocrx_word' id='word_1_26' title='bbox 1750 285 1933 333; x_wconf 86' lang='lat' dir='ltr'>Bodinus,</span> 
     </span>
     <span class='ocr_line' id='line_1_4' title="bbox 108 337 1934 394; baseline 0.004 -20"><span class='ocrx_word' id='word_1_27' title='bbox 108 388 112 394; x_wconf 50' lang='lat'>.</span> <span class='ocrx_word' id='word_1_28' title='bbox 145 343 189 375; x_wconf 92' lang='lat' dir='ltr'>ut</span> <span class='ocrx_word' id='word_1_29' title='bbox 220 344 258 375; x_wconf 88' lang='lat' dir='ltr'>et</span> <span class='ocrx_word' id='word_1_30' title='bbox 287 337 394 387; x_wconf 89' lang='lat' dir='ltr'>leges</span> <span class='ocrx_word' id='word_1_31' title='bbox 425 339 514 387; x_wconf 90' lang='lat' dir='ltr'>sint,</span> <span class='ocrx_word' id='word_1_32' title='bbox 545 339 615 377; x_wconf 90' lang='lat' dir='ltr'>sed</span> <span class='ocrx_word' id='word_1_33' title='bbox 645 350 803 390; x_wconf 88' lang='lat' dir='ltr'>paucae,</span> <span class='ocrx_word' id='word_1_34' title='bbox 836 342 928 390; x_wconf 89' lang='lat' dir='ltr'>quia</span> <span class='ocrx_word' id='word_1_35' title='bbox 958 341 1089 390; x_wconf 86' lang='lat' dir='ltr'>legum</span> <span class='ocrx_word' id='word_1_36' title='bbox 1119 341 1325 380; x_wconf 93' lang='lat' dir='ltr'>multitudo</span> <span class='ocrx_word' id='word_1_37' title='bbox 1355 353 1467 392; x_wconf 86' lang='lat' dir='ltr'>seges</span> <span class='ocrx_word' id='word_1_38' title='bbox 1497 348 1556 380; x_wconf 89' lang='lat' dir='ltr'>est</span> <span class='ocrx_word' id='word_1_39' title='bbox 1575 343 1778 381; x_wconf 50' lang='lat' dir='ltr'>&gt;uberrima</span> <span class='ocrx_word' id='word_1_40' title='bbox 1796 343 1934 390; x_wconf 89' lang='lat' dir='ltr'>litium,</span> 
     </span>
     <span class='ocr_line' id='line_1_5' title="bbox 146 395 1934 451; baseline 0.004 -18"><span class='ocrx_word' id='word_1_41' title='bbox 146 400 185 434; x_wconf 93' lang='lat' dir='ltr'>et</span> <span class='ocrx_word' id='word_1_42' title='bbox 213 395 336 444; x_wconf 85' lang='lat' dir='ltr'>multa</span> <span class='ocrx_word' id='word_1_43' title='bbox 374 398 623 446; x_wconf 79' lang='lat' dir='ltr'><strong>magistratus</strong></span> <span class='ocrx_word' id='word_1_44' title='bbox 659 399 817 437; x_wconf 89' lang='lat' dir='ltr'>arbitrio</span> <span class='ocrx_word' id='word_1_45' title='bbox 855 404 1120 447; x_wconf 82' lang='lat' dir='ltr'>reserventur,</span> <span class='ocrx_word' id='word_1_46' title='bbox 1159 411 1235 438; x_wconf 87' lang='lat' dir='ltr'>non</span> <span class='ocrx_word' id='word_1_47' title='bbox 1274 400 1376 438; x_wconf 84' lang='lat' dir='ltr'>facta</span> <span class='ocrx_word' id='word_1_48' title='bbox 1405 404 1556 439; x_wconf 82' lang='lat' dir='ltr'>tantum</span> <span class='ocrx_word' id='word_1_49' title='bbox 1593 401 1823 451; x_wconf 82' lang='lat' dir='ltr'>singularia,</span> <span class='ocrx_word' id='word_1_50' title='bbox 1867 402 1934 441; x_wconf 89' lang='lat' dir='ltr'>sed</span> 
     </span>
     <span class='ocr_line' id='line_1_6' title="bbox 147 455 1932 509; baseline 0.003 -16"><span class='ocrx_word' id='word_1_51' title='bbox 147 455 264 494; x_wconf 86' lang='lat' dir='ltr'>etiam</span> <span class='ocrx_word' id='word_1_52' title='bbox 305 455 478 505; x_wconf 82' lang='lat' dir='ltr'>integrae</span> <span class='ocrx_word' id='word_1_53' title='bbox 519 455 729 496; x_wconf 84' lang='lat' dir='ltr'>nonnullae</span> <span class='ocrx_word' id='word_1_54' title='bbox 768 457 957 495; x_wconf 80' lang='lat' dir='ltr'>factorum</span> <span class='ocrx_word' id='word_1_55' title='bbox 993 459 1143 508; x_wconf 88' lang='lat' dir='ltr'>species</span> <span class='ocrx_word' id='word_1_56' title='bbox 1182 463 1387 507; x_wconf 83' lang='lat' dir='ltr'>certaeque</span> <span class='ocrx_word' id='word_1_57' title='bbox 1422 457 1522 497; x_wconf 82' lang='lat' dir='ltr'>aliae</span> <span class='ocrx_word' id='word_1_58' title='bbox 1561 458 1692 509; x_wconf 86' lang='lat' dir='ltr'>legum</span> <span class='ocrx_word' id='word_1_59' title='bbox 1733 461 1932 508; x_wconf 87' lang='lat' dir='ltr'>materiae,</span> 
     </span>
     <span class='ocr_line' id='line_1_7' title="bbox 146 513 1933 567; baseline 0.004 -18"><span class='ocrx_word' id='word_1_60' title='bbox 146 513 331 563; x_wconf 84' lang='lat' dir='ltr'>imprimis</span> <span class='ocrx_word' id='word_1_61' title='bbox 367 524 579 563; x_wconf 87' lang='lat' dir='ltr'>poenarum</span> <span class='ocrx_word' id='word_1_62' title='bbox 618 516 784 555; x_wconf 90' lang='lat' dir='ltr'>intensio</span> <span class='ocrx_word' id='word_1_63' title='bbox 822 520 862 554; x_wconf 91' lang='lat' dir='ltr'>et</span> <span class='ocrx_word' id='word_1_64' title='bbox 897 517 1072 555; x_wconf 84' lang='lat' dir='ltr'>remissio</span> <span class='ocrx_word' id='word_1_65' title='bbox 1114 516 1320 566; x_wconf 85' lang='lat' dir='ltr'>legumque</span> <span class='ocrx_word' id='word_1_66' title='bbox 1367 518 1536 566; x_wconf 87' lang='lat' dir='ltr'>ipsarum</span> <span class='ocrx_word' id='word_1_67' title='bbox 1587 519 1851 567; x_wconf 82' lang='lat' dir='ltr'>interpretatio</span> <span class='ocrx_word' id='word_1_68' title='bbox 1894 523 1933 557; x_wconf 90' lang='lat' dir='ltr'>et</span> 
     </span>
     <span class='ocr_line' id='line_1_8' title="bbox 147 571 1934 625; baseline 0.003 -15"><span class='ocrx_word' id='word_1_69' title='bbox 147 571 196 610; x_wconf 87' lang='lat' dir='ltr'>ad</span> <span class='ocrx_word' id='word_1_70' title='bbox 237 571 329 609; x_wconf 83' lang='lat' dir='ltr'>sacti</span> <span class='ocrx_word' id='word_1_71' title='bbox 369 571 676 612; x_wconf 81' lang='lat' dir='ltr'>circumstantias</span> <span class='ocrx_word' id='word_1_72' title='bbox 713 573 936 623; x_wconf 83' lang='lat' dir='ltr'>applicatio.</span> <span class='ocrx_word' id='word_1_73' title='bbox 997 574 1072 613; x_wconf 93' lang='lat' dir='ltr'>Hic</span> <span class='ocrx_word' id='word_1_74' title='bbox 1113 586 1189 612; x_wconf 91' lang='lat' dir='ltr'>non</span> <span class='ocrx_word' id='word_1_75' title='bbox 1229 575 1276 614; x_wconf 90' lang='lat' dir='ltr'>de</span> <span class='ocrx_word' id='word_1_76' title='bbox 1307 575 1445 624; x_wconf 86' lang='lat' dir='ltr'>triplici</span> <span class='ocrx_word' id='word_1_77' title='bbox 1475 577 1569 625; x_wconf 88' lang='lat' dir='ltr'>reip.</span> <span class='ocrx_word' id='word_1_78' title='bbox 1601 576 1746 625; x_wconf 80' lang='lat' dir='ltr'>forma,</span> <span class='ocrx_word' id='word_1_79' title='bbox 1785 577 1853 615; x_wconf 83' lang='lat' dir='ltr'>sed</span> <span class='ocrx_word' id='word_1_80' title='bbox 1886 576 1934 615; x_wconf 90' lang='lat' dir='ltr'>de</span> 
     </span>
     <span class='ocr_line' id='line_1_9' title="bbox 145 629 1936 683; baseline 0.003 -16"><span class='ocrx_word' id='word_1_81' title='bbox 145 629 451 680; x_wconf 83' lang='lat' dir='ltr'>uniuscujusque</span> <span class='ocrx_word' id='word_1_82' title='bbox 475 631 713 680; x_wconf 89' lang='lat' dir='ltr'>gubernandi</span> <span class='ocrx_word' id='word_1_83' title='bbox 752 632 874 671; x_wconf 88' lang='lat' dir='ltr'>forma</span> <span class='ocrx_word' id='word_1_84' title='bbox 905 632 1046 682; x_wconf 89' lang='lat' dir='ltr'>triplici</span> <span class='ocrx_word' id='word_1_85' title='bbox 1077 635 1224 683; x_wconf 81' lang='lat' dir='ltr'>agitur3</span> <span class='ocrx_word' id='word_1_86' title='bbox 1263 645 1367 672; x_wconf 87' lang='lat' dir='ltr'>mera</span> <span class='ocrx_word' id='word_1_87' title='bbox 1406 634 1614 683; x_wconf 88' lang='lat' dir='ltr'>aequitatis</span> <span class='ocrx_word' id='word_1_88' title='bbox 1644 635 1766 683; x_wconf 89' lang='lat' dir='ltr'>ratio,</span> <span class='ocrx_word' id='word_1_89' title='bbox 1807 634 1936 673; x_wconf 88' lang='lat' dir='ltr'>soluta</span> 
     </span>
     <span class='ocr_line' id='line_1_10' title="bbox 146 687 1934 743; baseline 0.004 -18"><span class='ocrx_word' id='word_1_90' title='bbox 146 687 312 738; x_wconf 88' lang='lat' dir='ltr'>legibus,</span> <span class='ocrx_word' id='word_1_91' title='bbox 344 693 403 727; x_wconf 87' lang='lat' dir='ltr'>est</span> <span class='ocrx_word' id='word_1_92' title='bbox 434 691 699 729; x_wconf 86' lang='lat' dir='ltr'>aristocratica</span> <span class='ocrx_word' id='word_1_93' title='bbox 729 691 971 740; x_wconf 88' lang='lat' dir='ltr'>gubernandi</span> <span class='ocrx_word' id='word_1_94' title='bbox 999 692 1111 739; x_wconf 88' lang='lat' dir='ltr'>ratio,</span> <span class='ocrx_word' id='word_1_95' title='bbox 1144 693 1259 730; x_wconf 89' lang='lat' dir='ltr'>etiam</span> <span class='ocrx_word' id='word_1_96' title='bbox 1286 694 1322 729; x_wconf 91' lang='lat' dir='ltr'>in</span> <span class='ocrx_word' id='word_1_97' title='bbox 1343 691 1522 743; x_wconf 88' lang='lat' dir='ltr'>populari</span> <span class='ocrx_word' id='word_1_98' title='bbox 1551 693 1668 741; x_wconf 89' lang='lat' dir='ltr'>inque</span> <span class='ocrx_word' id='word_1_99' title='bbox 1689 693 1796 743; x_wconf 87' lang='lat' dir='ltr'>regio</span> <span class='ocrx_word' id='word_1_100' title='bbox 1816 699 1934 733; x_wconf 82' lang='lat' dir='ltr'>statu.</span> 
     </span>
     <span class='ocr_line' id='line_1_11' title="bbox 147 746 1936 801; baseline 0.003 -17"><span class='ocrx_word' id='word_1_101' title='bbox 147 746 296 796; x_wconf 88' lang='lat' dir='ltr'>Legum</span> <span class='ocrx_word' id='word_1_102' title='bbox 325 747 483 786; x_wconf 89' lang='lat' dir='ltr'>vincula</span> <span class='ocrx_word' id='word_1_103' title='bbox 512 748 831 798; x_wconf 86' lang='lat' dir='ltr'>gubernationem</span> <span class='ocrx_word' id='word_1_104' title='bbox 851 748 1077 799; x_wconf 85' lang='lat' dir='ltr'>popularem</span> <span class='ocrx_word' id='word_1_105' title='bbox 1108 750 1264 798; x_wconf 79' lang='lat' dir='ltr'>faciunt,</span> <span class='ocrx_word' id='word_1_106' title='bbox 1298 752 1414 788; x_wconf 86' lang='lat' dir='ltr'>etiam</span> <span class='ocrx_word' id='word_1_107' title='bbox 1444 751 1480 787; x_wconf 89' lang='lat' dir='ltr'>in</span> <span class='ocrx_word' id='word_1_108' title='bbox 1502 751 1621 800; x_wconf 90' lang='lat' dir='ltr'>regio.</span> <span class='ocrx_word' id='word_1_109' title='bbox 1683 751 1735 789; x_wconf 83' lang='lat' dir='ltr'>At</span> <span class='ocrx_word' id='word_1_110' title='bbox 1765 752 1797 789; x_wconf 88' lang='lat' dir='ltr'>si</span> <span class='ocrx_word' id='word_1_111' title='bbox 1830 751 1936 801; x_wconf 89' lang='lat' dir='ltr'>leges</span> 
     </span>
     <span class='ocr_line' id='line_1_12' title="bbox 149 804 1936 858; baseline 0.003 -15"><span class='ocrx_word' id='word_1_112' title='bbox 149 804 305 854; x_wconf 91' lang='lat' dir='ltr'>quidem</span> <span class='ocrx_word' id='word_1_113' title='bbox 335 807 424 854; x_wconf 87' lang='lat' dir='ltr'>sint,</span> <span class='ocrx_word' id='word_1_114' title='bbox 457 807 504 844; x_wconf 88' lang='lat' dir='ltr'>iis</span> <span class='ocrx_word' id='word_1_115' title='bbox 536 817 628 845; x_wconf 87' lang='lat' dir='ltr'>vero</span> <span class='ocrx_word' id='word_1_116' title='bbox 660 806 864 856; x_wconf 87' lang='lat' dir='ltr'>derogetur</span> <span class='ocrx_word' id='word_1_117' title='bbox 893 808 932 844; x_wconf 89' lang='lat' dir='ltr'>in</span> <span class='ocrx_word' id='word_1_118' title='bbox 963 807 1048 845; x_wconf 91' lang='lat' dir='ltr'>loco</span> <span class='ocrx_word' id='word_1_119' title='bbox 1081 813 1119 847; x_wconf 93' lang='lat' dir='ltr'>et</span> <span class='ocrx_word' id='word_1_120' title='bbox 1149 813 1318 858; x_wconf 88' lang='lat' dir='ltr'>tempore</span> <span class='ocrx_word' id='word_1_121' title='bbox 1357 820 1426 858; x_wconf 89' lang='lat' dir='ltr'>pro</span> <span class='ocrx_word' id='word_1_122' title='bbox 1457 808 1616 846; x_wconf 86' lang='lat' dir='ltr'>arbitrio</span> <span class='ocrx_word' id='word_1_123' title='bbox 1654 810 1936 858; x_wconf 83' lang='lat' dir='ltr'>gubernatoris,</span> 
     </span>
     <span class='ocr_line' id='line_1_13' title="bbox 146 865 1937 917; baseline 0.003 -16"><span class='ocrx_word' id='word_1_124' title='bbox 146 875 170 901; x_wconf 90' lang='lat' dir='ltr'>a</span> <span class='ocrx_word' id='word_1_125' title='bbox 200 875 352 902; x_wconf 88' lang='lat' dir='ltr'>summa</span> <span class='ocrx_word' id='word_1_126' title='bbox 381 869 575 914; x_wconf 84' lang='lat' dir='ltr'>potestate</span> <span class='ocrx_word' id='word_1_127' title='bbox 607 866 830 917; x_wconf 86' lang='lat' dir='ltr'>constituti,</span> <span class='ocrx_word' id='word_1_128' title='bbox 860 866 1093 916; x_wconf 87' lang='lat' dir='ltr'>gubernator</span> <span class='ocrx_word' id='word_1_129' title='bbox 1122 868 1215 914; x_wconf 88' lang='lat' dir='ltr'>iste,</span> <span class='ocrx_word' id='word_1_130' title='bbox 1246 867 1338 905; x_wconf 92' lang='lat' dir='ltr'>licet</span> <span class='ocrx_word' id='word_1_131' title='bbox 1367 878 1391 904; x_wconf 88' lang='lat' dir='ltr'>a</span> <span class='ocrx_word' id='word_1_132' title='bbox 1420 865 1567 916; x_wconf 89' lang='lat' dir='ltr'>populo</span> <span class='ocrx_word' id='word_1_133' title='bbox 1601 865 1729 916; x_wconf 90' lang='lat' dir='ltr'>detur,</span> <span class='ocrx_word' id='word_1_134' title='bbox 1761 868 1937 917; x_wconf 86' lang='lat' dir='ltr'>regulum</span> 
     </span>
     <span class='ocr_line' id='line_1_14' title="bbox 150 921 1936 976; baseline 0.003 -17"><span class='ocrx_word' id='word_1_135' title='bbox 150 921 344 971; x_wconf 87' lang='lat' dir='ltr'>quendam</span> <span class='ocrx_word' id='word_1_136' title='bbox 375 924 468 973; x_wconf 89' lang='lat' dir='ltr'>agit.</span> <span class='ocrx_word' id='word_1_137' title='bbox 530 922 649 962; x_wconf 83' lang='lat' dir='ltr'>Tales</span> <span class='ocrx_word' id='word_1_138' title='bbox 678 923 904 974; x_wconf 90' lang='lat' dir='ltr'>plerumque</span> <span class='ocrx_word' id='word_1_139' title='bbox 935 924 1131 974; x_wconf 86' lang='lat' dir='ltr'>praesides</span> <span class='ocrx_word' id='word_1_140' title='bbox 1161 926 1459 974; x_wconf 85' lang='lat' dir='ltr'>provinciarum.</span> <span class='ocrx_word' id='word_1_141' title='bbox 1518 924 1557 962; x_wconf 89' lang='lat' dir='ltr'>Is</span> <span class='ocrx_word' id='word_1_142' title='bbox 1586 925 1703 974; x_wconf 91' lang='lat' dir='ltr'>igitur</span> <span class='ocrx_word' id='word_1_143' title='bbox 1733 931 1800 964; x_wconf 91' lang='lat' dir='ltr'>aut</span> <span class='ocrx_word' id='word_1_144' title='bbox 1829 926 1936 976; x_wconf 88' lang='lat' dir='ltr'>leges</span> 
     </span>
     <span class='ocr_line' id='line_1_15' title="bbox 146 980 1935 1033; baseline 0.001 -12"><span class='ocrx_word' id='word_1_145' title='bbox 146 980 350 1028; x_wconf 88' lang='lat' dir='ltr'>observat,</span> <span class='ocrx_word' id='word_1_146' title='bbox 389 987 458 1019; x_wconf 87' lang='lat' dir='ltr'>aut</span> <span class='ocrx_word' id='word_1_147' title='bbox 488 992 535 1019; x_wconf 88' lang='lat' dir='ltr'>ex</span> <span class='ocrx_word' id='word_1_148' title='bbox 564 993 691 1031; x_wconf 86' lang='lat' dir='ltr'>aequo</span> <span class='ocrx_word' id='word_1_149' title='bbox 720 981 887 1032; x_wconf 85' lang='lat' dir='ltr'>judicat,</span> <span class='ocrx_word' id='word_1_150' title='bbox 929 988 1108 1031; x_wconf 82' lang='lat' dir='ltr'>eatenus,</span> <span class='ocrx_word' id='word_1_151' title='bbox 1151 982 1242 1020; x_wconf 90' lang='lat' dir='ltr'>dum</span> <span class='ocrx_word' id='word_1_152' title='bbox 1272 985 1365 1033; x_wconf 89' lang='lat' dir='ltr'>reip.</span> <span class='ocrx_word' id='word_1_153' title='bbox 1398 982 1504 1021; x_wconf 85' lang='lat' dir='ltr'>salus</span> <span class='ocrx_word' id='word_1_154' title='bbox 1533 984 1701 1033; x_wconf 80' lang='lat' dir='ltr'>patitur3</span> <span class='ocrx_word' id='word_1_155' title='bbox 1742 986 1774 1022; x_wconf 90' lang='lat' dir='ltr'>si</span> <span class='ocrx_word' id='word_1_156' title='bbox 1809 995 1935 1031; x_wconf 88' lang='lat' dir='ltr'>secus,</span> 
     </span>
     <span class='ocr_line' id='line_1_16' title="bbox 144 1038 1934 1092; baseline 0.003 -17"><span class='ocrx_word' id='word_1_157' title='bbox 144 1049 221 1078; x_wconf 89' lang='lat' dir='ltr'>non</span> <span class='ocrx_word' id='word_1_158' title='bbox 253 1038 406 1077; x_wconf 88' lang='lat' dir='ltr'>dubitat</span> <span class='ocrx_word' id='word_1_159' title='bbox 443 1039 672 1078; x_wconf 86' lang='lat' dir='ltr'>exorbitare.</span> <span class='ocrx_word' id='word_1_160' title='bbox 735 1039 786 1079; x_wconf 93' lang='lat' dir='ltr'>Ut</span> <span class='ocrx_word' id='word_1_161' title='bbox 823 1042 855 1078; x_wconf 93' lang='lat' dir='ltr'>si</span> <span class='ocrx_word' id='word_1_162' title='bbox 895 1042 980 1090; x_wconf 86' lang='lat' dir='ltr'>quis</span> <span class='ocrx_word' id='word_1_163' title='bbox 1024 1042 1314 1092; x_wconf 87' lang='lat' dir='ltr'>proportionum</span> <span class='ocrx_word' id='word_1_164' title='bbox 1346 1043 1514 1091; x_wconf 83' lang='lat' dir='ltr'>species,</span> <span class='ocrx_word' id='word_1_165' title='bbox 1556 1052 1657 1090; x_wconf 87' lang='lat' dir='ltr'>quae</span> <span class='ocrx_word' id='word_1_166' title='bbox 1694 1041 1934 1080; x_wconf 81' lang='lat' dir='ltr'>harmoniam</span> 
     </span>
     <span class='ocr_line' id='line_1_17' title="bbox 145 1097 1936 1149; baseline 0.003 -15"><span class='ocrx_word' id='word_1_167' title='bbox 145 1097 303 1145; x_wconf 81' lang='lat' dir='ltr'>faciunt,</span> <span class='ocrx_word' id='word_1_168' title='bbox 335 1097 526 1146; x_wconf 87' lang='lat' dir='ltr'>admittat,</span> <span class='ocrx_word' id='word_1_169' title='bbox 559 1103 602 1136; x_wconf 90' lang='lat' dir='ltr'>ut</span> <span class='ocrx_word' id='word_1_170' title='bbox 634 1100 671 1147; x_wconf 86' lang='lat'>2,</span> <span class='ocrx_word' id='word_1_171' title='bbox 706 1099 743 1147; x_wconf 88' lang='lat'>3,</span> <span class='ocrx_word' id='word_1_172' title='bbox 776 1100 813 1147; x_wconf 85' lang='lat'>4,</span> <span class='ocrx_word' id='word_1_173' title='bbox 847 1098 908 1137; x_wconf 92' lang='lat' dir='ltr'>vel</span> <span class='ocrx_word' id='word_1_174' title='bbox 945 1101 977 1147; x_wconf 90' lang='lat'>1,</span> <span class='ocrx_word' id='word_1_175' title='bbox 1012 1101 1050 1147; x_wconf 87' lang='grc'>2,</span> <span class='ocrx_word' id='word_1_176' title='bbox 1083 1101 1120 1147; x_wconf 88' lang='grc'>4,</span> <span class='ocrx_word' id='word_1_177' title='bbox 1153 1111 1253 1149; x_wconf 88' lang='lat' dir='ltr'>quae</span> <span class='ocrx_word' id='word_1_178' title='bbox 1286 1099 1589 1148; x_wconf 83' lang='lat' dir='ltr'>dissonantiam,</span> <span class='ocrx_word' id='word_1_179' title='bbox 1621 1111 1686 1138; x_wconf 89' lang='lat' dir='ltr'>eas</span> <span class='ocrx_word' id='word_1_180' title='bbox 1717 1101 1845 1139; x_wconf 83' lang='lat' dir='ltr'>turbet</span> <span class='ocrx_word' id='word_1_181' title='bbox 1875 1102 1936 1138; x_wconf 87' lang='lat' dir='ltr'>in-</span> 
     </span>
     <span class='ocr_line' id='line_1_18' title="bbox 144 1158 1934 1209; baseline 0.002 -16"><span class='ocrx_word' id='word_1_182' title='bbox 144 1167 218 1205; x_wconf 88' lang='lat' dir='ltr'>que</span> <span class='ocrx_word' id='word_1_183' title='bbox 250 1161 508 1195; x_wconf 84' lang='lat' dir='ltr'>consonantes</span> <span class='ocrx_word' id='word_1_184' title='bbox 539 1162 759 1203; x_wconf 89' lang='lat' dir='ltr'>commutet,</span> <span class='ocrx_word' id='word_1_185' title='bbox 792 1161 835 1201; x_wconf 87' lang='lat' dir='ltr'>ut</span> <span class='ocrx_word' id='word_1_186' title='bbox 870 1159 910 1206; x_wconf 92' lang='lat'>1,</span> <span class='ocrx_word' id='word_1_187' title='bbox 943 1158 990 1204; x_wconf 90' lang='lat'>3,</span> <span class='ocrx_word' id='word_1_188' title='bbox 1025 1159 1048 1196; x_wconf 82' lang='lat'><strong>9</strong></span> <span class='ocrx_word' id='word_1_189' title='bbox 1080 1159 1117 1194; x_wconf 89' lang='lat' dir='ltr'>in</span> <span class='ocrx_word' id='word_1_190' title='bbox 1153 1160 1193 1205; x_wconf 90' lang='lat'>1,</span> <span class='ocrx_word' id='word_1_191' title='bbox 1228 1159 1273 1205; x_wconf 90' lang='lat'>3,</span> <span class='ocrx_word' id='word_1_192' title='bbox 1308 1158 1331 1196; x_wconf 94' lang='lat'>8</span> <span class='ocrx_word' id='word_1_193' title='bbox 1364 1162 1402 1195; x_wconf 90' lang='lat' dir='ltr'>ct</span> <span class='ocrx_word' id='word_1_194' title='bbox 1433 1158 1482 1205; x_wconf 89' lang='lat'>3,</span> <span class='ocrx_word' id='word_1_195' title='bbox 1516 1158 1562 1209; x_wconf 86' lang='lat'>5,</span> <span class='ocrx_word' id='word_1_196' title='bbox 1595 1159 1616 1195; x_wconf 83' lang='grc'><strong>7</strong></span> <span class='ocrx_word' id='word_1_197' title='bbox 1650 1159 1689 1195; x_wconf 86' lang='grc' dir='ltr'>ἰῐι</span> <span class='ocrx_word' id='word_1_198' title='bbox 1721 1159 1772 1206; x_wconf 89' lang='lat'>3,</span> <span class='ocrx_word' id='word_1_199' title='bbox 1816 1160 1862 1205; x_wconf 89' lang='lat'>5,</span> <span class='ocrx_word' id='word_1_200' title='bbox 1896 1160 1934 1197; x_wconf 89' lang='lat'>8.</span> 
     </span>
    </p>

    <p class='ocr_par' dir='ltr' id='par_1_3' title="bbox 141 1210 1940 1790">
     <span class='ocr_line' id='line_1_19' title="bbox 257 1210 1936 1267; baseline 0.001 -15"><span class='ocrx_word' id='word_1_201' title='bbox 257 1213 313 1252; x_wconf 82' lang='lat' dir='ltr'>X.</span> <span class='ocrx_word' id='word_1_202' title='bbox 344 1214 389 1252; x_wconf 92' lang='lat' dir='ltr'>In</span> <span class='ocrx_word' id='word_1_203' title='bbox 422 1214 575 1264; x_wconf 88' lang='lat' dir='ltr'>legibus</span> <span class='ocrx_word' id='word_1_204' title='bbox 607 1216 714 1265; x_wconf 88' lang='lat' dir='ltr'>ipsis,</span> <span class='ocrx_word' id='word_1_205' title='bbox 745 1227 844 1265; x_wconf 87' lang='lat' dir='ltr'>quae</span> <span class='ocrx_word' id='word_1_206' title='bbox 876 1220 967 1254; x_wconf 91' lang='lat' dir='ltr'>sunt</span> <span class='ocrx_word' id='word_1_207' title='bbox 997 1214 1044 1254; x_wconf 91' lang='lat' dir='ltr'>de</span> <span class='ocrx_word' id='word_1_208' title='bbox 1074 1215 1226 1254; x_wconf 88' lang='lat' dir='ltr'>mulctis</span> <span class='ocrx_word' id='word_1_209' title='bbox 1257 1217 1501 1266; x_wconf 83' lang='lat' dir='ltr'>pecuniariis,</span> <span class='ocrx_word' id='word_1_210' title='bbox 1533 1221 1576 1254; x_wconf 86' lang='lat' dir='ltr'>ut</span> <span class='ocrx_word' id='word_1_211' title='bbox 1604 1215 1813 1266; x_wconf 90' lang='lat' dir='ltr'>plurimum</span> <span class='ocrx_word' id='word_1_212' title='bbox 1844 1210 1936 1267; x_wconf 85' lang='lat' dir='ltr'>qui-</span> 
     </span>
     <span class='ocr_line' id='line_1_20' title="bbox 144 1271 1938 1326; baseline 0.001 -16"><span class='ocrx_word' id='word_1_213' title='bbox 144 1271 231 1311; x_wconf 90' lang='lat' dir='ltr'>dem</span> <span class='ocrx_word' id='word_1_214' title='bbox 261 1272 503 1312; x_wconf 88' lang='lat' dir='ltr'>arithmetica</span> <span class='ocrx_word' id='word_1_215' title='bbox 533 1279 711 1313; x_wconf 85' lang='lat' dir='ltr'>servatur</span> <span class='ocrx_word' id='word_1_216' title='bbox 741 1273 972 1323; x_wconf 88' lang='lat' dir='ltr'>aequalitas,</span> <span class='ocrx_word' id='word_1_217' title='bbox 1003 1279 1046 1312; x_wconf 91' lang='lat' dir='ltr'>ut</span> <span class='ocrx_word' id='word_1_218' title='bbox 1076 1274 1261 1312; x_wconf 88' lang='lat' dir='ltr'>mulctam</span> <span class='ocrx_word' id='word_1_219' title='bbox 1290 1274 1442 1324; x_wconf 88' lang='lat' dir='ltr'>legibus</span> <span class='ocrx_word' id='word_1_220' title='bbox 1471 1278 1659 1312; x_wconf 85' lang='lat' dir='ltr'>statutam</span> <span class='ocrx_word' id='word_1_221' title='bbox 1689 1274 1819 1314; x_wconf 89' lang='lat' dir='ltr'>solvat</span> <span class='ocrx_word' id='word_1_222' title='bbox 1849 1276 1938 1326; x_wconf 90' lang='lat' dir='ltr'>qui-</span> 
     </span>
     <span class='ocr_line' id='line_1_21' title="bbox 142 1330 1939 1383; baseline 0.002 -14"><span class='ocrx_word' id='word_1_223' title='bbox 142 1341 295 1380; x_wconf 81' lang='lat' dir='ltr'>cunque</span> <span class='ocrx_word' id='word_1_224' title='bbox 326 1330 506 1381; x_wconf 88' lang='lat' dir='ltr'>deliquit,</span> <span class='ocrx_word' id='word_1_225' title='bbox 547 1333 630 1371; x_wconf 87' lang='lat' dir='ltr'>sive</span> <span class='ocrx_word' id='word_1_226' title='bbox 661 1331 771 1371; x_wconf 85' lang='lat' dir='ltr'>dives</span> <span class='ocrx_word' id='word_1_227' title='bbox 802 1333 886 1370; x_wconf 87' lang='lat' dir='ltr'>sive</span> <span class='ocrx_word' id='word_1_228' title='bbox 916 1344 1074 1383; x_wconf 88' lang='lat' dir='ltr'>pauper.</span> <span class='ocrx_word' id='word_1_229' title='bbox 1134 1332 1277 1371; x_wconf 91' lang='lat' dir='ltr'>Videre</span> <span class='ocrx_word' id='word_1_230' title='bbox 1317 1337 1446 1371; x_wconf 89' lang='lat' dir='ltr'>tamen</span> <span class='ocrx_word' id='word_1_231' title='bbox 1478 1337 1554 1380; x_wconf 92' lang='lat' dir='ltr'>est,</span> <span class='ocrx_word' id='word_1_232' title='bbox 1598 1333 1663 1371; x_wconf 92' lang='lat' dir='ltr'>ubi</span> <span class='ocrx_word' id='word_1_233' title='bbox 1705 1338 1742 1371; x_wconf 91' lang='lat' dir='ltr'>et</span> <span class='ocrx_word' id='word_1_234' title='bbox 1778 1345 1939 1383; x_wconf 87' lang='lat' dir='ltr'>geome-</span> 
     </span>
     <span class='ocr_line' id='line_1_22' title="bbox 144 1389 1936 1440; baseline 0.001 -13"><span class='ocrx_word' id='word_1_235' title='bbox 144 1390 240 1427; x_wconf 87' lang='lat' dir='ltr'>trica</span> <span class='ocrx_word' id='word_1_236' title='bbox 270 1389 483 1428; x_wconf 88' lang='lat' dir='ltr'>similitudo</span> <span class='ocrx_word' id='word_1_237' title='bbox 515 1391 584 1438; x_wconf 87' lang='lat' dir='ltr'>sit,</span> <span class='ocrx_word' id='word_1_238' title='bbox 626 1394 668 1428; x_wconf 87' lang='lat' dir='ltr'>ut</span> <span class='ocrx_word' id='word_1_239' title='bbox 698 1391 731 1428; x_wconf 88' lang='lat' dir='ltr'>si</span> <span class='ocrx_word' id='word_1_240' title='bbox 762 1389 907 1428; x_wconf 90' lang='lat' dir='ltr'>mulcta</span> <span class='ocrx_word' id='word_1_241' title='bbox 938 1391 1078 1440; x_wconf 87' lang='lat' dir='ltr'>cuique</span> <span class='ocrx_word' id='word_1_242' title='bbox 1107 1401 1176 1440; x_wconf 88' lang='lat' dir='ltr'>pro</span> <span class='ocrx_word' id='word_1_243' title='bbox 1209 1392 1358 1429; x_wconf 86' lang='lat' dir='ltr'>ratione</span> <span class='ocrx_word' id='word_1_244' title='bbox 1390 1402 1527 1430; x_wconf 86' lang='lat' dir='ltr'>census</span> <span class='ocrx_word' id='word_1_245' title='bbox 1558 1392 1763 1440; x_wconf 83' lang='lat' dir='ltr'>irrogetur,</span> <span class='ocrx_word' id='word_1_246' title='bbox 1805 1397 1874 1430; x_wconf 89' lang='lat' dir='ltr'>aut</span> <span class='ocrx_word' id='word_1_247' title='bbox 1903 1393 1936 1430; x_wconf 88' lang='lat' dir='ltr'>si</span> 
     </span>
     <span class='ocr_line' id='line_1_23' title="bbox 142 1447 1940 1498; baseline 0.001 -13"><span class='ocrx_word' id='word_1_248' title='bbox 142 1453 285 1486; x_wconf 89' lang='lat' dir='ltr'>temere</span> <span class='ocrx_word' id='word_1_249' title='bbox 326 1448 482 1498; x_wconf 87' lang='lat' dir='ltr'>litigans</span> <span class='ocrx_word' id='word_1_250' title='bbox 522 1447 735 1498; x_wconf 84' lang='lat' dir='ltr'>aliquotam</span> <span class='ocrx_word' id='word_1_251' title='bbox 772 1453 922 1498; x_wconf 90' lang='lat' dir='ltr'>partem</span> <span class='ocrx_word' id='word_1_252' title='bbox 962 1453 1114 1487; x_wconf 87' lang='lat' dir='ltr'>amittat</span> <span class='ocrx_word' id='word_1_253' title='bbox 1151 1450 1378 1488; x_wconf 85' lang='lat' dir='ltr'>aestimatae</span> <span class='ocrx_word' id='word_1_254' title='bbox 1416 1449 1507 1486; x_wconf 86' lang='lat' dir='ltr'>litis.</span> <span class='ocrx_word' id='word_1_255' title='bbox 1568 1447 1635 1487; x_wconf 86' lang='lat' dir='ltr'>Sin</span> <span class='ocrx_word' id='word_1_256' title='bbox 1668 1454 1799 1489; x_wconf 88' lang='lat' dir='ltr'>autem</span> <span class='ocrx_word' id='word_1_257' title='bbox 1841 1451 1940 1488; x_wconf 86' lang='lat' dir='ltr'>inter</span> 
     </span>
     <span class='ocr_line' id='line_1_24' title="bbox 142 1505 1935 1558; baseline 0.002 -15"><span class='ocrx_word' id='word_1_258' title='bbox 142 1505 356 1555; x_wconf 86' lang='lat' dir='ltr'>locupletes</span> <span class='ocrx_word' id='word_1_259' title='bbox 389 1518 522 1545; x_wconf 87' lang='lat' dir='ltr'>omnes</span> <span class='ocrx_word' id='word_1_260' title='bbox 553 1507 677 1556; x_wconf 86' lang='lat' dir='ltr'>major</span> <span class='ocrx_word' id='word_1_261' title='bbox 707 1506 838 1556; x_wconf 90' lang='lat' dir='ltr'>aliqua</span> <span class='ocrx_word' id='word_1_262' title='bbox 868 1506 1014 1546; x_wconf 88' lang='lat' dir='ltr'>mulcta</span> <span class='ocrx_word' id='word_1_263' title='bbox 1044 1512 1303 1557; x_wconf 84' lang='lat' dir='ltr'>nuncupetur,</span> <span class='ocrx_word' id='word_1_264' title='bbox 1336 1508 1433 1546; x_wconf 89' lang='lat' dir='ltr'>inter</span> <span class='ocrx_word' id='word_1_265' title='bbox 1463 1511 1600 1545; x_wconf 86' lang='lat' dir='ltr'>tenues</span> <span class='ocrx_word' id='word_1_266' title='bbox 1631 1507 1776 1553; x_wconf 87' lang='lat' dir='ltr'>levior,</span> <span class='ocrx_word' id='word_1_267' title='bbox 1810 1519 1935 1558; x_wconf 88' lang='lat' dir='ltr'>eaque</span> 
     </span>
     <span class='ocr_line' id='line_1_25' title="bbox 142 1563 1940 1616; baseline 0.002 -14"><span class='ocrx_word' id='word_1_268' title='bbox 142 1577 166 1602; x_wconf 85' lang='lat' dir='ltr'>a</span> <span class='ocrx_word' id='word_1_269' title='bbox 196 1563 360 1614; x_wconf 88' lang='lat' dir='ltr'>singulis</span> <span class='ocrx_word' id='word_1_270' title='bbox 391 1565 580 1614; x_wconf 89' lang='lat' dir='ltr'>cujusque</span> <span class='ocrx_word' id='word_1_271' title='bbox 623 1564 767 1603; x_wconf 88' lang='lat' dir='ltr'>ordinis</span> <span class='ocrx_word' id='word_1_272' title='bbox 799 1566 975 1614; x_wconf 88' lang='lat' dir='ltr'>exigatur</span> <span class='ocrx_word' id='word_1_273' title='bbox 1014 1566 1247 1615; x_wconf 87' lang='lat' dir='ltr'>aequaliter,</span> <span class='ocrx_word' id='word_1_274' title='bbox 1286 1570 1633 1615; x_wconf 88' lang='lat' dir='ltr'>temperamentum</span> <span class='ocrx_word' id='word_1_275' title='bbox 1673 1565 1711 1603; x_wconf 90' lang='lat' dir='ltr'>id</span> <span class='ocrx_word' id='word_1_276' title='bbox 1745 1567 1816 1605; x_wconf 91' lang='lat' dir='ltr'>erit</span> <span class='ocrx_word' id='word_1_277' title='bbox 1845 1578 1940 1616; x_wconf 92' lang='lat' dir='ltr'>pro-</span> 
     </span>
     <span class='ocr_line' id='line_1_26' title="bbox 141 1622 1937 1676; baseline 0.001 -15"><span class='ocrx_word' id='word_1_278' title='bbox 141 1624 342 1673; x_wconf 87' lang='lat' dir='ltr'>portionis,</span> <span class='ocrx_word' id='word_1_279' title='bbox 376 1622 528 1662; x_wconf 89' lang='lat' dir='ltr'>Bodino</span> <span class='ocrx_word' id='word_1_280' title='bbox 559 1623 685 1663; x_wconf 88' lang='lat' dir='ltr'>dictae</span> <span class='ocrx_word' id='word_1_281' title='bbox 715 1623 972 1662; x_wconf 83' lang='lat' dir='ltr'>harmonicae</span> <span class='ocrx_word' id='word_1_282' title='bbox 1033 1623 1119 1662; x_wconf 91' lang='lat' dir='ltr'>Non</span> <span class='ocrx_word' id='word_1_283' title='bbox 1150 1628 1348 1662; x_wconf 90' lang='lat' dir='ltr'>mutantur</span> <span class='ocrx_word' id='word_1_284' title='bbox 1367 1624 1431 1662; x_wconf 92' lang='lat' dir='ltr'>hic</span> <span class='ocrx_word' id='word_1_285' title='bbox 1460 1625 1756 1673; x_wconf 85' lang='lat' dir='ltr'>proportionum</span> <span class='ocrx_word' id='word_1_286' title='bbox 1777 1627 1937 1676; x_wconf 87' lang='lat' dir='ltr'>species,</span> 
     </span>
     <span class='ocr_line' id='line_1_27' title="bbox 145 1680 1938 1756; baseline 0.001 -37"><span class='ocrx_word' id='word_1_287' title='bbox 145 1680 215 1720; x_wconf 88' lang='lat' dir='ltr'>sed</span> <span class='ocrx_word' id='word_1_288' title='bbox 246 1686 541 1731; x_wconf 88' lang='lat' dir='ltr'>componuntur,</span> <span class='ocrx_word' id='word_1_289' title='bbox 571 1687 641 1720; x_wconf 91' lang='lat' dir='ltr'>aut</span> <span class='ocrx_word' id='word_1_290' title='bbox 672 1680 950 1720; x_wconf 87' lang='lat' dir='ltr'>distribuuntur</span> <span class='ocrx_word' id='word_1_291' title='bbox 979 1683 1108 1735; x_wconf 83' lang='lat' dir='ltr'>potius</span> <span class='ocrx_word' id='word_1_292' title='bbox 1134 1683 1172 1719; x_wconf 90' lang='lat' dir='ltr'>in</span> <span class='ocrx_word' id='word_1_293' title='bbox 1195 1682 1376 1720; x_wconf 89' lang='lat' dir='ltr'>distincta</span> <span class='ocrx_word' id='word_1_294' title='bbox 1396 1682 1584 1731; x_wconf 86' lang='lat' dir='ltr'>subjecta,</span> <span class='ocrx_word' id='word_1_295' title='bbox 1621 1681 1671 1720; x_wconf 87' lang='lat' dir='ltr'>ad</span> <span class='ocrx_word' id='word_1_296' title='bbox 1692 1682 1795 1756; x_wconf 88' lang='lat' dir='ltr'>idem</span> <span class='ocrx_word' id='word_1_297' title='bbox 1815 1688 1938 1721; x_wconf 83' lang='lat' dir='ltr'>totum</span> 
     </span>
     <span class='ocr_line' id='line_1_28' title="bbox 141 1741 384 1790; baseline 0 -12"><span class='ocrx_word' id='word_1_298' title='bbox 141 1741 384 1790; x_wconf 83' lang='lat' dir='ltr'>pertinentia.</span> 
     </span>
    </p>

    <p class='ocr_par' dir='ltr' id='par_1_4' title="bbox 140 1770 1941 2372">
     <span class='ocr_line' id='line_1_29' title="bbox 257 1770 1941 1848; baseline 0.001 -12"><span class='ocrx_word' id='word_1_299' title='bbox 257 1797 333 1838; x_wconf 90' lang='lat' dir='ltr'>XI</span> <span class='ocrx_word' id='word_1_300' title='bbox 366 1798 491 1847; x_wconf 89' lang='lat' dir='ltr'>Leges</span> <span class='ocrx_word' id='word_1_301' title='bbox 533 1799 741 1837; x_wconf 82' lang='lat' dir='ltr'>vestiariae</span> <span class='ocrx_word' id='word_1_302' title='bbox 779 1778 985 1848; x_wconf 79' lang='lat' dir='ltr'>plurimum</span> <span class='ocrx_word' id='word_1_303' title='bbox 1026 1798 1171 1836; x_wconf 86' lang='lat' dir='ltr'>habent</span> <span class='ocrx_word' id='word_1_304' title='bbox 1221 1797 1268 1836; x_wconf 91' lang='lat' dir='ltr'>de</span> <span class='ocrx_word' id='word_1_305' title='bbox 1308 1799 1554 1848; x_wconf 87' lang='lat' dir='ltr'>proportione</span> <span class='ocrx_word' id='word_1_306' title='bbox 1592 1770 1851 1848; x_wconf 80' lang='lat' dir='ltr'>geometrica,</span> <span class='ocrx_word' id='word_1_307' title='bbox 1896 1803 1941 1838; x_wconf 81' lang='lat' dir='ltr'>ut</span> 
     </span>
     <span class='ocr_line' id='line_1_30' title="bbox 142 1856 1939 1907; baseline 0.001 -13"><span class='ocrx_word' id='word_1_308' title='bbox 142 1862 290 1906; x_wconf 87' lang='lat' dir='ltr'>quanto</span> <span class='ocrx_word' id='word_1_309' title='bbox 321 1857 485 1906; x_wconf 89' lang='lat' dir='ltr'>quisque</span> <span class='ocrx_word' id='word_1_310' title='bbox 517 1856 644 1894; x_wconf 87' lang='lat' dir='ltr'>altiori</span> <span class='ocrx_word' id='word_1_311' title='bbox 678 1856 876 1906; x_wconf 87' lang='lat' dir='ltr'>dignitatis</span> <span class='ocrx_word' id='word_1_312' title='bbox 907 1856 1030 1906; x_wconf 89' lang='lat' dir='ltr'>gradu</span> <span class='ocrx_word' id='word_1_313' title='bbox 1063 1858 1255 1904; x_wconf 87' lang='lat' dir='ltr'>consistit,</span> <span class='ocrx_word' id='word_1_314' title='bbox 1295 1862 1404 1894; x_wconf 86' lang='lat' dir='ltr'>tanto</span> <span class='ocrx_word' id='word_1_315' title='bbox 1434 1858 1640 1906; x_wconf 88' lang='lat' dir='ltr'>pretiosior</span> <span class='ocrx_word' id='word_1_316' title='bbox 1670 1857 1706 1896; x_wconf 91' lang='lat' dir='ltr'>ei</span> <span class='ocrx_word' id='word_1_317' title='bbox 1735 1858 1939 1907; x_wconf 85' lang='lat' dir='ltr'>permitta—</span> 
     </span>
     <span class='ocr_line' id='line_1_31' title="bbox 142 1885 1939 1964; baseline 0.001 -12"><span class='ocrx_word' id='word_1_318' title='bbox 142 1919 203 1952; x_wconf 88' lang='lat' dir='ltr'>tur</span> <span class='ocrx_word' id='word_1_319' title='bbox 234 1919 391 1953; x_wconf 89' lang='lat' dir='ltr'>ornatus</span> <span class='ocrx_word' id='word_1_320' title='bbox 422 1916 611 1963; x_wconf 86' lang='lat' dir='ltr'>vestium;</span> <span class='ocrx_word' id='word_1_321' title='bbox 641 1914 858 1964; x_wconf 83' lang='lat' dir='ltr'>aequalitas</span> <span class='ocrx_word' id='word_1_322' title='bbox 889 1914 1132 1953; x_wconf 83' lang='lat' dir='ltr'>arithmetica</span> <span class='ocrx_word' id='word_1_323' title='bbox 1161 1885 1416 1952; x_wconf 87' lang='lat' dir='ltr'>intolerabilis</span> <span class='ocrx_word' id='word_1_324' title='bbox 1453 1914 1518 1952; x_wconf 88' lang='lat' dir='ltr'>hic</span> <span class='ocrx_word' id='word_1_325' title='bbox 1548 1920 1617 1953; x_wconf 89' lang='lat' dir='ltr'>est.</span> <span class='ocrx_word' id='word_1_326' title='bbox 1678 1913 1780 1964; x_wconf 85' lang='lat' dir='ltr'>Quia</span> <span class='ocrx_word' id='word_1_327' title='bbox 1811 1919 1939 1954; x_wconf 89' lang='lat' dir='ltr'>tamen</span> 
     </span>
     <span class='ocr_line' id='line_1_32' title="bbox 141 1972 1940 2023; baseline 0.002 -14"><span class='ocrx_word' id='word_1_328' title='bbox 141 1983 267 2021; x_wconf 88' lang='lat' dir='ltr'>neque</span> <span class='ocrx_word' id='word_1_329' title='bbox 298 1972 382 2011; x_wconf 83' lang='lat' dir='ltr'>sola</span> <span class='ocrx_word' id='word_1_330' title='bbox 413 1974 581 2011; x_wconf 89' lang='lat' dir='ltr'>varietas</span> <span class='ocrx_word' id='word_1_331' title='bbox 613 1972 789 2011; x_wconf 90' lang='lat' dir='ltr'>ordinum</span> <span class='ocrx_word' id='word_1_332' title='bbox 821 1975 858 2010; x_wconf 90' lang='lat' dir='ltr'>in</span> <span class='ocrx_word' id='word_1_333' title='bbox 893 1974 1033 2011; x_wconf 87' lang='lat' dir='ltr'>vestitu</span> <span class='ocrx_word' id='word_1_334' title='bbox 1065 1973 1350 2011; x_wconf 88' lang='lat' dir='ltr'>distinctionem</span> <span class='ocrx_word' id='word_1_335' title='bbox 1386 1972 1579 2023; x_wconf 90' lang='lat' dir='ltr'>postulat,</span> <span class='ocrx_word' id='word_1_336' title='bbox 1617 1972 1684 2011; x_wconf 91' lang='lat' dir='ltr'>sed</span> <span class='ocrx_word' id='word_1_337' title='bbox 1714 1973 1846 2022; x_wconf 88' lang='lat' dir='ltr'>aliqua</span> <span class='ocrx_word' id='word_1_338' title='bbox 1877 1974 1940 2012; x_wconf 90' lang='lat' dir='ltr'>hic</span> 
     </span>
     <span class='ocr_line' id='line_1_33' title="bbox 141 2030 1940 2080; baseline 0.002 -12"><span class='ocrx_word' id='word_1_339' title='bbox 141 2031 240 2069; x_wconf 90' lang='lat' dir='ltr'>ratio</span> <span class='ocrx_word' id='word_1_340' title='bbox 270 2030 453 2069; x_wconf 86' lang='lat' dir='ltr'>habenda</span> <span class='ocrx_word' id='word_1_341' title='bbox 483 2032 699 2080; x_wconf 88' lang='lat' dir='ltr'>copiarum,</span> <span class='ocrx_word' id='word_1_342' title='bbox 747 2030 880 2080; x_wconf 85' lang='lat' dir='ltr'>aliqua</span> <span class='ocrx_word' id='word_1_343' title='bbox 919 2032 1157 2079; x_wconf 88' lang='lat' dir='ltr'>meritorum,</span> <span class='ocrx_word' id='word_1_344' title='bbox 1202 2042 1328 2080; x_wconf 90' lang='lat' dir='ltr'>neque</span> <span class='ocrx_word' id='word_1_345' title='bbox 1360 2030 1474 2069; x_wconf 83' lang='lat' dir='ltr'>facile</span> <span class='ocrx_word' id='word_1_346' title='bbox 1514 2042 1646 2069; x_wconf 91' lang='lat' dir='ltr'>omnes</span> <span class='ocrx_word' id='word_1_347' title='bbox 1678 2030 1833 2070; x_wconf 88' lang='lat' dir='ltr'>ordines</span> <span class='ocrx_word' id='word_1_348' title='bbox 1862 2043 1940 2071; x_wconf 87' lang='lat' dir='ltr'>una</span> 
     </span>
     <span class='ocr_line' id='line_1_34' title="bbox 141 2088 1938 2140; baseline 0.001 -14"><span class='ocrx_word' id='word_1_349' title='bbox 141 2088 227 2139; x_wconf 86' lang='lat' dir='ltr'>lege</span> <span class='ocrx_word' id='word_1_350' title='bbox 257 2094 422 2139; x_wconf 90' lang='lat' dir='ltr'>possunt</span> <span class='ocrx_word' id='word_1_351' title='bbox 453 2090 672 2127; x_wconf 84' lang='lat' dir='ltr'>enunciari:</span> <span class='ocrx_word' id='word_1_352' title='bbox 704 2093 1047 2139; x_wconf 79' lang='lat' dir='ltr'>temperamentum</span> <span class='ocrx_word' id='word_1_353' title='bbox 1079 2088 1235 2138; x_wconf 86' lang='lat' dir='ltr'>aliquod</span> <span class='ocrx_word' id='word_1_354' title='bbox 1267 2090 1469 2138; x_wconf 87' lang='lat' dir='ltr'>utriusque</span> <span class='ocrx_word' id='word_1_355' title='bbox 1507 2090 1767 2139; x_wconf 86' lang='lat' dir='ltr'>proportionis</span> <span class='ocrx_word' id='word_1_356' title='bbox 1796 2091 1938 2140; x_wconf 84' lang='lat' dir='ltr'>partim</span> 
     </span>
     <span class='ocr_line' id='line_1_35' title="bbox 141 2146 1939 2197; baseline 0.001 -13"><span class='ocrx_word' id='word_1_357' title='bbox 141 2146 293 2197; x_wconf 88' lang='lat' dir='ltr'>legibus</span> <span class='ocrx_word' id='word_1_358' title='bbox 331 2148 426 2197; x_wconf 88' lang='lat' dir='ltr'>ipsis</span> <span class='ocrx_word' id='word_1_359' title='bbox 460 2148 576 2185; x_wconf 90' lang='lat' dir='ltr'>inseri</span> <span class='ocrx_word' id='word_1_360' title='bbox 611 2146 730 2194; x_wconf 91' lang='lat' dir='ltr'>solet,</span> <span class='ocrx_word' id='word_1_361' title='bbox 777 2149 913 2197; x_wconf 85' lang='lat' dir='ltr'>partim</span> <span class='ocrx_word' id='word_1_362' title='bbox 955 2147 1111 2185; x_wconf 88' lang='lat' dir='ltr'>arbitrio</span> <span class='ocrx_word' id='word_1_363' title='bbox 1143 2147 1427 2185; x_wconf 85' lang='lat' dir='ltr'>moderatorum</span> <span class='ocrx_word' id='word_1_364' title='bbox 1461 2148 1704 2196; x_wconf 89' lang='lat' dir='ltr'>permittitur.</span> <span class='ocrx_word' id='word_1_365' title='bbox 1764 2147 1808 2185; x_wconf 91' lang='lat' dir='ltr'>Id</span> <span class='ocrx_word' id='word_1_366' title='bbox 1840 2153 1939 2186; x_wconf 90' lang='lat' dir='ltr'>tem-</span> 
     </span>
     <span class='ocr_line' id='line_1_36' title="bbox 140 2205 1939 2255; baseline 0.001 -13"><span class='ocrx_word' id='word_1_367' title='bbox 140 2210 405 2255; x_wconf 87' lang='lat' dir='ltr'>peramentum</span> <span class='ocrx_word' id='word_1_368' title='bbox 436 2205 612 2244; x_wconf 88' lang='lat' dir='ltr'>Bodinus</span> <span class='ocrx_word' id='word_1_369' title='bbox 649 2205 912 2244; x_wconf 85' lang='lat' dir='ltr'>harmonicum</span> <span class='ocrx_word' id='word_1_370' title='bbox 942 2210 1086 2252; x_wconf 86' lang='lat' dir='ltr'>censet,</span> <span class='ocrx_word' id='word_1_371' title='bbox 1120 2207 1212 2254; x_wconf 88' lang='lat' dir='ltr'>quia</span> <span class='ocrx_word' id='word_1_372' title='bbox 1233 2205 1453 2243; x_wconf 84' lang='lat' dir='ltr'>harmonias</span> <span class='ocrx_word' id='word_1_373' title='bbox 1488 2205 1756 2255; x_wconf 89' lang='lat' dir='ltr'>conjunctione</span> <span class='ocrx_word' id='word_1_374' title='bbox 1777 2205 1939 2245; x_wconf 88' lang='lat' dir='ltr'>duarum</span> 
     </span>
     <span class='ocr_line' id='line_1_37' title="bbox 141 2262 1938 2337; baseline 0.001 -36"><span class='ocrx_word' id='word_1_375' title='bbox 141 2265 354 2314; x_wconf 86' lang='lat' dir='ltr'>specierum</span> <span class='ocrx_word' id='word_1_376' title='bbox 384 2265 644 2315; x_wconf 87' lang='lat' dir='ltr'>proportionis</span> <span class='ocrx_word' id='word_1_377' title='bbox 675 2262 818 2300; x_wconf 88' lang='lat' dir='ltr'>definit.</span> <span class='ocrx_word' id='word_1_378' title='bbox 878 2262 975 2300; x_wconf 88' lang='lat' dir='ltr'>Mihi</span> <span class='ocrx_word' id='word_1_379' title='bbox 1005 2262 1270 2301; x_wconf 86' lang='lat' dir='ltr'>harmonicum</span> <span class='ocrx_word' id='word_1_380' title='bbox 1299 2274 1375 2301; x_wconf 90' lang='lat' dir='ltr'>non</span> <span class='ocrx_word' id='word_1_381' title='bbox 1398 2268 1469 2304; x_wconf 81' lang='lat' dir='ltr'>est,</span> <span class='ocrx_word' id='word_1_382' title='bbox 1503 2275 1590 2301; x_wconf 89' lang='lat' dir='ltr'>cum</span> <span class='ocrx_word' id='word_1_383' title='bbox 1616 2263 1816 2337; x_wconf 83' lang='lat' dir='ltr'>affectetur</span> <span class='ocrx_word' id='word_1_384' title='bbox 1846 2275 1938 2314; x_wconf 90' lang='lat' dir='ltr'>pro-</span> 
     </span>
     <span class='ocr_line' id='line_1_38' title="bbox 141 2321 1208 2372; baseline 0 -13"><span class='ocrx_word' id='word_1_385' title='bbox 141 2323 268 2372; x_wconf 88' lang='lat' dir='ltr'>portio</span> <span class='ocrx_word' id='word_1_386' title='bbox 299 2322 378 2360; x_wconf 88' lang='lat' dir='ltr'>alia</span> <span class='ocrx_word' id='word_1_387' title='bbox 409 2327 447 2360; x_wconf 88' lang='lat' dir='ltr'>et</span> <span class='ocrx_word' id='word_1_388' title='bbox 477 2324 752 2372; x_wconf 89' lang='lat' dir='ltr'>exprimeretur</span> <span class='ocrx_word' id='word_1_389' title='bbox 782 2321 968 2371; x_wconf 87' lang='lat' dir='ltr'>perfecte,</span> <span class='ocrx_word' id='word_1_390' title='bbox 1002 2322 1033 2358; x_wconf 90' lang='lat' dir='ltr'>si</span> <span class='ocrx_word' id='word_1_391' title='bbox 1063 2326 1208 2370; x_wconf 85' lang='lat' dir='ltr'>posset.</span> 
     </span>
    </p>

    <p class='ocr_par' dir='ltr' id='par_1_5' title="bbox 142 2378 1986 2838">
     <span class='ocr_line' id='line_1_39' title="bbox 257 2378 1938 2431; baseline -0.001 -13"><span class='ocrx_word' id='word_1_392' title='bbox 257 2379 354 2420; x_wconf 89' lang='lat' dir='ltr'>XII.</span> <span class='ocrx_word' id='word_1_393' title='bbox 390 2379 496 2419; x_wconf 86' lang='lat' dir='ltr'>[dem</span> <span class='ocrx_word' id='word_1_394' title='bbox 526 2381 605 2419; x_wconf 85' lang='lat' dir='ltr'>fere</span> <span class='ocrx_word' id='word_1_395' title='bbox 635 2378 683 2417; x_wconf 92' lang='lat' dir='ltr'>de</span> <span class='ocrx_word' id='word_1_396' title='bbox 714 2380 763 2416; x_wconf 91' lang='lat' dir='ltr'>iis</span> <span class='ocrx_word' id='word_1_397' title='bbox 794 2378 946 2426; x_wconf 80' lang='lat' dir='ltr'>legibus</span> <span class='ocrx_word' id='word_1_398' title='bbox 977 2378 1200 2426; x_wconf 90' lang='lat' dir='ltr'>dicendum,</span> <span class='ocrx_word' id='word_1_399' title='bbox 1234 2391 1334 2428; x_wconf 87' lang='lat' dir='ltr'>quae</span> <span class='ocrx_word' id='word_1_400' title='bbox 1366 2391 1452 2418; x_wconf 91' lang='lat' dir='ltr'>cum</span> <span class='ocrx_word' id='word_1_401' title='bbox 1482 2379 1530 2417; x_wconf 91' lang='lat' dir='ltr'>dc</span> <span class='ocrx_word' id='word_1_402' title='bbox 1561 2380 1697 2429; x_wconf 89' lang='lat' dir='ltr'>poenis</span> <span class='ocrx_word' id='word_1_403' title='bbox 1728 2380 1817 2428; x_wconf 89' lang='lat' dir='ltr'>sint,</span> <span class='ocrx_word' id='word_1_404' title='bbox 1849 2391 1938 2431; x_wconf 85' lang='lat' dir='ltr'>per-</span> 
     </span>
     <span class='ocr_line' id='line_1_40' title="bbox 144 2436 1937 2489; baseline 0.001 -14"><span class='ocrx_word' id='word_1_405' title='bbox 144 2448 261 2476; x_wconf 85' lang='lat' dir='ltr'>sonas</span> <span class='ocrx_word' id='word_1_406' title='bbox 293 2437 460 2477; x_wconf 82' lang='lat' dir='ltr'>illustres</span> <span class='ocrx_word' id='word_1_407' title='bbox 493 2438 665 2487; x_wconf 86' lang='lat' dir='ltr'>periculo</span> <span class='ocrx_word' id='word_1_408' title='bbox 697 2437 846 2487; x_wconf 86' lang='lat' dir='ltr'>capitis,</span> <span class='ocrx_word' id='word_1_409' title='bbox 878 2436 1027 2475; x_wconf 88' lang='lat' dir='ltr'>nobiles</span> <span class='ocrx_word' id='word_1_410' title='bbox 1060 2437 1270 2487; x_wconf 80' lang='lat' dir='ltr'>suspendio</span> <span class='ocrx_word' id='word_1_411' title='bbox 1302 2439 1473 2475; x_wconf 86' lang='lat' dir='ltr'>eximunt</span> <span class='ocrx_word' id='word_1_412' title='bbox 1503 2449 1792 2489; x_wconf 91' lang='lat' dir='ltr'>poenarumque</span> <span class='ocrx_word' id='word_1_413' title='bbox 1805 2449 1937 2487; x_wconf 39' lang='lat' dir='ltr'>*genus</span> 
     </span>
     <span class='ocr_line' id='line_1_41' title="bbox 143 2491 1978 2546; baseline 0 -12"><span class='ocrx_word' id='word_1_414' title='bbox 143 2500 404 2544; x_wconf 89' lang='lat' dir='ltr'>commutant,</span> <span class='ocrx_word' id='word_1_415' title='bbox 445 2508 549 2534; x_wconf 87' lang='lat' dir='ltr'>more</span> <span class='ocrx_word' id='word_1_416' title='bbox 581 2508 604 2533; x_wconf 89' lang='lat' dir='ltr'>a</span> <span class='ocrx_word' id='word_1_417' title='bbox 634 2495 808 2546; x_wconf 88' lang='lat' dir='ltr'>plurimis</span> <span class='ocrx_word' id='word_1_418' title='bbox 838 2496 1019 2545; x_wconf 87' lang='lat' dir='ltr'>gentibus</span> <span class='ocrx_word' id='word_1_419' title='bbox 1049 2501 1217 2545; x_wconf 84' lang='lat' dir='ltr'>recepto.</span> <span class='ocrx_word' id='word_1_420' title='bbox 1280 2495 1380 2533; x_wconf 87' lang='lat' dir='ltr'>Nam</span> <span class='ocrx_word' id='word_1_421' title='bbox 1410 2507 1518 2543; x_wconf 88' lang='lat' dir='ltr'>reus,</span> <span class='ocrx_word' id='word_1_422' title='bbox 1561 2494 1788 2545; x_wconf 88' lang='lat' dir='ltr'>dignitatem</span> <span class='ocrx_word' id='word_1_423' title='bbox 1820 2507 1936 2546; x_wconf 89' lang='lat' dir='ltr'>quam</span> <span class='ocrx_word' id='word_1_424' title='bbox 1968 2491 1978 2495; x_wconf 72' lang='grc'><em>“</em></span> 
     </span>
     <span class='ocr_line' id='line_1_42' title="bbox 146 2550 1934 2605; baseline 0 -13"><span class='ocrx_word' id='word_1_425' title='bbox 146 2554 318 2593; x_wconf 88' lang='lat' dir='ltr'>habebat</span> <span class='ocrx_word' id='word_1_426' title='bbox 347 2556 549 2602; x_wconf 87' lang='lat' dir='ltr'>amittens,</span> <span class='ocrx_word' id='word_1_427' title='bbox 589 2554 746 2603; x_wconf 83' lang='lat' dir='ltr'>gravius</span> <span class='ocrx_word' id='word_1_428' title='bbox 776 2553 851 2591; x_wconf 90' lang='lat' dir='ltr'>hoc</span> <span class='ocrx_word' id='word_1_429' title='bbox 883 2553 1068 2592; x_wconf 85' lang='lat' dir='ltr'>dedecore</span> <span class='ocrx_word' id='word_1_430' title='bbox 1097 2555 1254 2602; x_wconf 89' lang='lat' dir='ltr'>punitur</span> <span class='ocrx_word' id='word_1_431' title='bbox 1285 2550 1542 2605; x_wconf 88' lang='lat' dir='ltr'>(geometrica</span> <span class='ocrx_word' id='word_1_432' title='bbox 1570 2554 1660 2603; x_wconf 88' lang='lat' dir='ltr'>lege</span> <span class='ocrx_word' id='word_1_433' title='bbox 1696 2554 1934 2603; x_wconf 78' lang='lat' dir='ltr'>observata),</span> 
     </span>
     <span class='ocr_line' id='line_1_43' title="bbox 146 2610 1986 2662; baseline 0 -12"><span class='ocrx_word' id='word_1_434' title='bbox 146 2624 262 2662; x_wconf 88' lang='lat' dir='ltr'>quam</span> <span class='ocrx_word' id='word_1_435' title='bbox 292 2613 344 2660; x_wconf 89' lang='lat' dir='ltr'>si,</span> <span class='ocrx_word' id='word_1_436' title='bbox 377 2613 443 2661; x_wconf 89' lang='lat' dir='ltr'>qui</span> <span class='ocrx_word' id='word_1_437' title='bbox 474 2613 511 2649; x_wconf 91' lang='lat' dir='ltr'>in</span> <span class='ocrx_word' id='word_1_438' title='bbox 545 2611 733 2661; x_wconf 81' lang='lat' dir='ltr'>dignitate</span> <span class='ocrx_word' id='word_1_439' title='bbox 764 2611 870 2649; x_wconf 88' lang='lat' dir='ltr'>nulla</span> <span class='ocrx_word' id='word_1_440' title='bbox 900 2612 993 2658; x_wconf 87' lang='lat' dir='ltr'>fuit,</span> <span class='ocrx_word' id='word_1_441' title='bbox 1027 2612 1144 2660; x_wconf 89' lang='lat' dir='ltr'>virgis</span> <span class='ocrx_word' id='word_1_442' title='bbox 1177 2610 1359 2649; x_wconf 88' lang='lat' dir='ltr'>caedatur</span> <span class='ocrx_word' id='word_1_443' title='bbox 1390 2612 1566 2661; x_wconf 88' lang='lat' dir='ltr'>publice;</span> <span class='ocrx_word' id='word_1_444' title='bbox 1603 2613 1735 2660; x_wconf 89' lang='lat' dir='ltr'>itaque</span> <span class='ocrx_word' id='word_1_445' title='bbox 1767 2611 1937 2650; x_wconf 87' lang='lat' dir='ltr'>dissimi-</span> <span class='ocrx_word' id='word_1_446' title='bbox 1983 2631 1986 2634; x_wconf 57' lang='lat'><em>&gt;</em></span> 
     </span>
     <span class='ocr_line' id='line_1_44' title="bbox 142 2668 1934 2720; baseline 0.001 -12"><span class='ocrx_word' id='word_1_447' title='bbox 142 2670 237 2709; x_wconf 93' lang='lat' dir='ltr'>lium</span> <span class='ocrx_word' id='word_1_448' title='bbox 267 2681 477 2720; x_wconf 88' lang='lat' dir='ltr'>poenarum</span> <span class='ocrx_word' id='word_1_449' title='bbox 508 2669 722 2718; x_wconf 81' lang='lat' dir='ltr'>aequalitas</span> <span class='ocrx_word' id='word_1_450' title='bbox 754 2668 940 2718; x_wconf 78' lang='lat' dir='ltr'>quaedam</span> <span class='ocrx_word' id='word_1_451' title='bbox 972 2681 1056 2707; x_wconf 87' lang='lat' dir='ltr'>esse</span> <span class='ocrx_word' id='word_1_452' title='bbox 1086 2674 1214 2718; x_wconf 89' lang='lat' dir='ltr'>potest</span> <span class='ocrx_word' id='word_1_453' title='bbox 1246 2674 1283 2707; x_wconf 92' lang='lat' dir='ltr'>et</span> <span class='ocrx_word' id='word_1_454' title='bbox 1315 2669 1532 2708; x_wconf 87' lang='lat' dir='ltr'>distributio</span> <span class='ocrx_word' id='word_1_455' title='bbox 1563 2669 1788 2708; x_wconf 87' lang='lat' dir='ltr'>harmonica</span> <span class='ocrx_word' id='word_1_456' title='bbox 1817 2682 1934 2709; x_wconf 86' lang='lat' dir='ltr'>sensu</span> 
     </span>
     <span class='ocr_line' id='line_1_45' title="bbox 145 2726 1934 2778; baseline 0 -12"><span class='ocrx_word' id='word_1_457' title='bbox 145 2728 297 2776; x_wconf 90' lang='lat' dir='ltr'>Bodini‚</span> <span class='ocrx_word' id='word_1_458' title='bbox 331 2730 398 2778; x_wconf 91' lang='lat' dir='ltr'>qui</span> <span class='ocrx_word' id='word_1_459' title='bbox 429 2728 491 2767; x_wconf 89' lang='lat' dir='ltr'>hic</span> <span class='ocrx_word' id='word_1_460' title='bbox 523 2726 769 2766; x_wconf 86' lang='lat' dir='ltr'>Aristotelem</span> <span class='ocrx_word' id='word_1_461' title='bbox 802 2727 935 2775; x_wconf 87' lang='lat' dir='ltr'>rejicit,</span> <span class='ocrx_word' id='word_1_462' title='bbox 969 2729 1034 2776; x_wconf 88' lang='lat' dir='ltr'>qui</span> <span class='ocrx_word' id='word_1_463' title='bbox 1065 2729 1103 2764; x_wconf 90' lang='lat' dir='ltr'>in</span> <span class='ocrx_word' id='word_1_464' title='bbox 1134 2728 1314 2776; x_wconf 85' lang='lat' dir='ltr'>praemiis</span> <span class='ocrx_word' id='word_1_465' title='bbox 1347 2728 1501 2777; x_wconf 89' lang='lat' dir='ltr'>quidem</span> <span class='ocrx_word' id='word_1_466' title='bbox 1532 2729 1806 2777; x_wconf 86' lang='lat' dir='ltr'>geometricam</span> <span class='ocrx_word' id='word_1_467' title='bbox 1840 2739 1934 2778; x_wconf 90' lang='lat' dir='ltr'>pro·-</span> 
     </span>
     <span class='ocr_line' id='line_1_46' title="bbox 150 2784 1536 2838; baseline -0.002 -13"><span class='ocrx_word' id='word_1_468' title='bbox 150 2788 383 2838; x_wconf 84' lang='lat' dir='ltr'>portionem,</span> <span class='ocrx_word' id='word_1_469' title='bbox 414 2788 452 2825; x_wconf 90' lang='lat' dir='ltr'>in</span> <span class='ocrx_word' id='word_1_470' title='bbox 482 2787 618 2837; x_wconf 90' lang='lat' dir='ltr'>poenis</span> <span class='ocrx_word' id='word_1_471' title='bbox 650 2796 740 2824; x_wconf 83' lang='lat' dir='ltr'>vero</span> <span class='ocrx_word' id='word_1_472' title='bbox 772 2785 1050 2823; x_wconf 81' lang='lat' dir='ltr'>arithmeticam</span> <span class='ocrx_word' id='word_1_473' title='bbox 1082 2784 1310 2823; x_wconf 77' lang='lat' dir='ltr'>servandam</span> <span class='ocrx_word' id='word_1_474' title='bbox 1344 2785 1536 2824; x_wconf 84' lang='lat' dir='ltr'>docuerat.</span> 
     </span>
    </p>

    <p class='ocr_par' dir='ltr' id='par_1_6' title="bbox 143 2842 1994 3126">
     <span class='ocr_line' id='line_1_47' title="bbox 259 2842 1994 2892; baseline -0.001 -9"><span class='ocrx_word' id='word_1_475' title='bbox 259 2844 377 2884; x_wconf 84' lang='lat' dir='ltr'>XIII.</span> <span class='ocrx_word' id='word_1_476' title='bbox 410 2845 477 2883; x_wconf 87' lang='lat' dir='ltr'>Est</span> <span class='ocrx_word' id='word_1_477' title='bbox 515 2851 554 2884; x_wconf 93' lang='lat' dir='ltr'>et</span> <span class='ocrx_word' id='word_1_478' title='bbox 590 2844 669 2882; x_wconf 90' lang='lat' dir='ltr'>alia</span> <span class='ocrx_word' id='word_1_479' title='bbox 704 2844 741 2880; x_wconf 90' lang='lat' dir='ltr'>in</span> <span class='ocrx_word' id='word_1_480' title='bbox 786 2842 938 2892; x_wconf 86' lang='lat' dir='ltr'>legibus</span> <span class='ocrx_word' id='word_1_481' title='bbox 980 2842 1210 2892; x_wconf 88' lang='lat' dir='ltr'>poenalibus</span> <span class='ocrx_word' id='word_1_482' title='bbox 1254 2843 1508 2882; x_wconf 89' lang='lat' dir='ltr'>observabilis</span> <span class='ocrx_word' id='word_1_483' title='bbox 1553 2844 1750 2892; x_wconf 91' lang='lat' dir='ltr'>proportio</span> <span class='ocrx_word' id='word_1_484' title='bbox 1795 2842 1929 2882; x_wconf 89' lang='lat' dir='ltr'>eodem</span> <span class='ocrx_word' id='word_1_485' title='bbox 1986 2878 1994 2892; x_wconf 88' lang='lat'>-.</span> 
     </span>
     <span class='ocr_line' id='line_1_48' title="bbox 143 2900 1931 2953; baseline 0 -14"><span class='ocrx_word' id='word_1_486' title='bbox 143 2907 468 2953; x_wconf 87' lang='lat' dir='ltr'>temperamento,</span> <span class='ocrx_word' id='word_1_487' title='bbox 510 2914 610 2953; x_wconf 87' lang='lat' dir='ltr'>quae</span> <span class='ocrx_word' id='word_1_488' title='bbox 641 2913 718 2940; x_wconf 89' lang='lat' dir='ltr'>non</span> <span class='ocrx_word' id='word_1_489' title='bbox 750 2900 1033 2950; x_wconf 88' lang='lat' dir='ltr'>delinquentem</span> <span class='ocrx_word' id='word_1_490' title='bbox 1065 2902 1225 2950; x_wconf 82' lang='lat' dir='ltr'>attinet,</span> <span class='ocrx_word' id='word_1_491' title='bbox 1267 2901 1336 2940; x_wconf 89' lang='lat' dir='ltr'>sed</span> <span class='ocrx_word' id='word_1_492' title='bbox 1366 2912 1556 2952; x_wconf 85' lang='lat' dir='ltr'>personae</span> <span class='ocrx_word' id='word_1_493' title='bbox 1585 2901 1715 2939; x_wconf 86' lang='lat' dir='ltr'>laesae</span> <span class='ocrx_word' id='word_1_494' title='bbox 1746 2901 1931 2941; x_wconf 91' lang='lat' dir='ltr'>honorem</span> 
     </span>
     <span class='ocr_line' id='line_1_49' title="bbox 145 2959 1928 3009; baseline 0.001 -12"><span class='ocrx_word' id='word_1_495' title='bbox 145 2965 183 2997; x_wconf 91' lang='lat' dir='ltr'>ct</span> <span class='ocrx_word' id='word_1_496' title='bbox 213 2960 435 3001; x_wconf 89' lang='lat' dir='ltr'>vindictam.</span> <span class='ocrx_word' id='word_1_497' title='bbox 497 2960 667 3000; x_wconf 88' lang='lat' dir='ltr'>Gravius</span> <span class='ocrx_word' id='word_1_498' title='bbox 697 2959 797 2998; x_wconf 91' lang='lat' dir='ltr'>enim</span> <span class='ocrx_word' id='word_1_499' title='bbox 826 2960 1000 3008; x_wconf 89' lang='lat' dir='ltr'>punitur,</span> <span class='ocrx_word' id='word_1_500' title='bbox 1044 2960 1110 3008; x_wconf 92' lang='lat' dir='ltr'>qui</span> <span class='ocrx_word' id='word_1_501' title='bbox 1143 2961 1349 3009; x_wconf 82' lang='lat' dir='ltr'>principem</span> <span class='ocrx_word' id='word_1_502' title='bbox 1381 2960 1571 3006; x_wconf 84' lang='lat' dir='ltr'>civitatis,</span> <span class='ocrx_word' id='word_1_503' title='bbox 1615 2960 1737 3008; x_wconf 87' lang='lat' dir='ltr'>quive</span> <span class='ocrx_word' id='word_1_504' title='bbox 1759 2971 1876 2997; x_wconf 89' lang='lat' dir='ltr'>unum</span> <span class='ocrx_word' id='word_1_505' title='bbox 1907 2970 1928 2998; x_wconf 92' lang='lat' dir='ltr'>e</span> 
     </span>
     <span class='ocr_line' id='line_1_50' title="bbox 149 3016 1985 3068; baseline 0 -13"><span class='ocrx_word' id='word_1_506' title='bbox 149 3016 312 3068; x_wconf 89' lang='lat' dir='ltr'>collegio</span> <span class='ocrx_word' id='word_1_507' title='bbox 345 3019 554 3058; x_wconf 89' lang='lat' dir='ltr'>electorum</span> <span class='ocrx_word' id='word_1_508' title='bbox 585 3017 741 3064; x_wconf 87' lang='lat' dir='ltr'>occidit,</span> <span class='ocrx_word' id='word_1_509' title='bbox 782 3028 897 3066; x_wconf 89' lang='lat' dir='ltr'>quam</span> <span class='ocrx_word' id='word_1_510' title='bbox 929 3018 995 3066; x_wconf 92' lang='lat' dir='ltr'>qui</span> <span class='ocrx_word' id='word_1_511' title='bbox 1026 3017 1256 3066; x_wconf 79' lang='lat' dir='ltr'>agricolam3</span> <span class='ocrx_word' id='word_1_512' title='bbox 1298 3019 1456 3067; x_wconf 88' lang='lat' dir='ltr'>gravius</span> <span class='ocrx_word' id='word_1_513' title='bbox 1493 3017 1559 3066; x_wconf 91' lang='lat' dir='ltr'>qui</span> <span class='ocrx_word' id='word_1_514' title='bbox 1591 3016 1774 3064; x_wconf 89' lang='lat' dir='ltr'>liberum,</span> <span class='ocrx_word' id='word_1_515' title='bbox 1814 3028 1929 3067; x_wconf 89' lang='lat' dir='ltr'>quam</span> <span class='ocrx_word' id='word_1_516' title='bbox 1981 3041 1985 3049; x_wconf 35' lang='grc' dir='ltr'>π</span> 
     </span>
     <span class='ocr_line' id='line_1_51' title="bbox 146 3073 1930 3126; baseline 0 -13"><span class='ocrx_word' id='word_1_517' title='bbox 146 3076 214 3126; x_wconf 88' lang='lat' dir='ltr'>qui</span> <span class='ocrx_word' id='word_1_518' title='bbox 244 3087 408 3116; x_wconf 86' lang='lat' dir='ltr'>servum.</span> <span class='ocrx_word' id='word_1_519' title='bbox 468 3077 568 3116; x_wconf 89' lang='lat' dir='ltr'>Nam</span> <span class='ocrx_word' id='word_1_520' title='bbox 606 3077 678 3116; x_wconf 90' lang='lat' dir='ltr'>etsi</span> <span class='ocrx_word' id='word_1_521' title='bbox 709 3075 806 3114; x_wconf 88' lang='lat' dir='ltr'>haec</span> <span class='ocrx_word' id='word_1_522' title='bbox 837 3076 1005 3114; x_wconf 85' lang='lat' dir='ltr'>varietas</span> <span class='ocrx_word' id='word_1_523' title='bbox 1043 3075 1091 3113; x_wconf 92' lang='lat' dir='ltr'>ad</span> <span class='ocrx_word' id='word_1_524' title='bbox 1121 3077 1393 3125; x_wconf 86' lang='lat' dir='ltr'>geometricam</span> <span class='ocrx_word' id='word_1_525' title='bbox 1434 3079 1493 3114; x_wconf 90' lang='lat' dir='ltr'>est</span> <span class='ocrx_word' id='word_1_526' title='bbox 1522 3073 1722 3114; x_wconf 83' lang='lat' dir='ltr'>referenda</span> <span class='ocrx_word' id='word_1_527' title='bbox 1748 3074 1930 3113; x_wconf 88' lang='lat' dir='ltr'>similitu-</span> 
     </span>
    </p>
   </div>
  </div>
 </body>
</html>
