1994 3276
95 62 178 106 392
779 52 977 94 Ptolemaei
1000 58 1207 96 Harmonia.

94 184 268 225 terminis
298 178 579 235 prodeuntibus
609 175 687 215 fere
728 178 926 228 proportio
965 158 1127 217 orbium.
1187 180 1287 218 Nam
1318 181 1485 221 extimae
1513 180 1675 220 Saturni
1700 180 1887 239 sphaerae

95 245 282 283 diameter
311 243 344 279 si
374 237 425 277 ad
455 237 638 276 extimam
668 233 783 273 Jovis
812 235 881 274 fiat
907 241 950 274 ιιι
981 237 1393 287 proslambanomenos
1434 239 1484 278 ad
1512 239 1685 291 hypaten
1713 240 1888 291 hypaton

98 304 122 341 8
147 308 215 350 ter,
249 301 320 339 erit
349 298 468 348 igitur
497 293 548 333 ad
577 291 685 331 illam
715 298 758 331 ut
790 294 897 332 6561
933 294 983 333 ad
1014 296 1139 334 4096.
1180 297 1228 334 Et
1259 298 1291 335 si
1321 297 1447 336 ,Iovis
1467 297 1517 336 ad
1546 297 1728 337 Martiam
1758 303 1818 351 est
1846 303 1890 336 ut

93 361 240 427 hypate
270 358 445 409 hypaton
468 354 494 390 4
517 351 567 390 ad
598 352 770 402 hypaten
800 363 931 390 mesen
955 354 978 390 3
1002 358 1070 402 ter,
1104 356 1174 393 erit
1203 357 1320 405 igitur
1350 355 1401 394 ad
1429 355 1535 395 illam
1565 361 1608 395 ut
1639 358 1720 396 256
1750 356 1800 395 ad
1822 357 1888 404 81,

96 426 134 458 et
164 419 220 457 sic
251 417 369 456 etiam
400 412 471 452 erit
500 410 645 449 Martia
688 409 738 447 ad
769 409 871 449 Solis
913 413 1075 462 primam
1105 413 1331 464 sphaeram3
1373 413 1475 453 Solis
1512 426 1605 454 vero
1647 415 1697 453 ad
1727 414 1889 453 Veneris

93 478 258 527 primam
287 484 439 512 rursum
469 474 510 508 ut
542 479 647 507 mese
679 468 702 506 9
735 468 786 506 ad
815 481 1044 518 paramesen
1078 471 1102 509 8
1121 477 1188 520 ter,
1220 471 1259 509 id
1291 476 1350 511 est
1371 478 1425 510 ut
1457 473 1563 511 6561
1597 473 1647 512 ad
1680 474 1819 522 40963
1851 478 1890 512 et

94 536 259 574 Veneris
297 532 347 572 ad
385 528 567 569 Mercurii
603 532 647 565 ut
689 528 773 567 256
815 526 864 565 ad
904 528 978 576 81,
1025 530 1081 567 sic
1123 531 1239 569 etiam
1280 528 1461 570 Mercurii
1502 532 1626 581 prima
1666 531 1716 570 ad
1755 531 1889 570 Lunae

122 596 270 632 rimam.

94 607 119 645 p
211 650 462 701 Explicentur
487 645 571 695 jam
600 643 675 683 hae
707 655 839 684 omnes
878 646 1147 696 proportiones
1185 649 1379 686 communi
1420 649 1684 687 terminorum
1671 659 1889 698 mensura,

53 760 57 762 4
98 715 141 748 ιιι
169 710 314 749 habeat

302 777 399 808 Luna
562 774 617 812 81,
642 775 675 802 et
699 780 773 803 ecce
799 771 856 802 dat
881 774 1081 804 astronomia
1106 775 1369 807 semidiametros
1393 776 1511 808 Terrae
1628 778 1683 811 64.

141 826 277 870 venient
306 822 473 855 Mercurio
538 820 605 851 256
670 842 1368 855 .............
1416 847 1427 862 ,
1478 848 1486 856 .
1606 824 1683 857 167.

305 869 429 902 Veneri
539 867 605 897 817
671 888 1486 910 ...............
1582 871 1683 904 1070.

303 917 375 950 Soli
516 914 604 946 1312
671 933 1368 951 .............
1414 922 1428 950 ’.
1477 943 1486 950 .
1583 918 1684 950 1176.

304 964 406 996 Marti
516 961 607 992 4147
673 981 1486 997 ...............
1581 965 1683 997 8022.

301 1011 379 1043 Jovi
494 1009 604 1040 13107
669 1028 1487 1043 ...............
1562 1012 1685 1044 12420.

303 1058 444 1090 Saturno
493 1055 606 1087 20493
671 1076 1484 1090 ...............
1557 1059 1680 1090 18094.

146 1114 154 1119 ’
213 1116 267 1158 Ut
297 1126 448 1167 semper
478 1112 669 1152 inferioris
698 1110 927 1160 longissima
964 1112 1147 1152 distantia
1178 1127 1203 1153 a
1233 1109 1354 1154 Terra
1384 1117 1435 1155 sit
1465 1118 1674 1185 superioris
1703 1117 1891 1157 brevissi-

60 1195 62 1197 ·
100 1187 189 1216 mae
219 1174 409 1224 aequalis.
469 1173 540 1210 Est
581 1172 699 1221 igitur
736 1171 934 1220 proportio
972 1173 1179 1221 primarum
1221 1173 1472 1224 sphaerarum
1509 1177 1547 1212 in
1585 1174 1729 1214 mundo
1770 1177 1891 1215 multo

99 1234 256 1286 quidem
286 1232 411 1282 maj0r
439 1230 689 1282 proportione
721 1227 950 1267 chordarum
981 1230 1178 1269 stabilium
1209 1235 1432 1282 systematis
1462 1234 1639 1284 perfecti,
1684 1239 1726 1273 at
1756 1235 1892 1272 similis

96 1300 226 1333 tamen
257 1291 313 1330 illi
344 1287 632 1340 quodammodo
673 1285 922 1325 nihilominus
953 1294 1038 1334 est;
1082 1294 1120 1327 et
1156 1291 1331 1328 similiter
1365 1292 1444 1330 fere
1484 1304 1626 1360 magna
1665 1293 1729 1331 vel
1770 1304 1894 1343 parva

100 1358 160 1392 est
200 1353 240 1389 in
279 1348 605 1401 respondentibus
644 1345 720 1384 sibi
762 1350 896 1384 mutuo
929 1345 1081 1384 chordis
1113 1354 1150 1386 et
1189 1348 1386 1399 sphaeris,
1430 1356 1473 1388 ut
1503 1351 1542 1388 in
1573 1351 1893 1402 praecedentibus

98 1412 196 1450 inter
226 1421 268 1449 se
300 1408 546 1447 consociatae
579 1409 617 1443 et
647 1408 894 1452 comparatae
925 1405 1089 1445 fuerunt

211 1476 310 1513 Nota
334 1475 361 1509 Ι.
410 1473 492 1508 Etsi
517 1474 626 1516 caput
649 1470 720 1505 hoc
744 1469 834 1504 nihil
857 1469 968 1505 habet
992 1481 1013 1505 a
1037 1471 1245 1507 Ptolemaeo
1275 1473 1344 1507 nisi
1375 1473 1540 1516 titulum,
1573 1473 1823 1519 tractationem
1849 1485 1894 1510 ex

96 1540 172 1566 me:
198 1529 283 1575 quia
308 1533 428 1563 tamen
451 1525 544 1560 hanc
569 1534 636 1568 ego
660 1523 706 1558 ad
731 1522 876 1568 genium
899 1523 1191 1567 praecedentium
1215 1524 1424 1560 Ptolemaiei
1450 1526 1569 1570 operis
1595 1527 1752 1572 capitum
1776 1527 1895 1572 adque

94 1584 250 1621 mentem
273 1578 472 1615 Ptolemaei
496 1588 569 1613 non
593 1576 687 1612 male
711 1575 834 1611 videor
860 1575 1113 1621 concinnasse,
1144 1577 1220 1620 jam
1257 1578 1364 1613 etiam
1389 1579 1500 1624 hanc,
1531 1579 1644 1614 veluti
1669 1580 1700 1615 si
1723 1585 1823 1616 'esset
1849 1580 1893 1616 ab

97 1636 177 1680 ipso
202 1632 411 1669 Ptolemaeo
437 1630 584 1675 scripta,
609 1629 710 1664 lubet
736 1629 953 1664 examinare.
1003 1629 1071 1664 Illa
1095 1639 1179 1665 vero
1205 1631 1390 1674 tractatio,
1412 1643 1505 1677 quae
1529 1632 1585 1668 his
1609 1632 1764 1668 residuis
1787 1633 1895 1669 trium

97 1685 256 1730 capitum
279 1683 394 1720 titulis
420 1683 653 1727 subjungitur
688 1682 726 1718 in
751 1682 950 1726 exemplari
986 1693 1065 1718 meo
1102 1684 1348 1728 manuscripto
1384 1684 1509 1729 inque.
1530 1685 1694 1720 versione
1721 1685 1896 1731 Gogavini

94 1738 227 1783 latina,
261 1746 354 1782 quae
380 1740 436 1771 est
460 1745 594 1771 excusa
617 1735 779 1771 Venetiis
804 1745 898 1770 anno
924 1736 1034 1781 1562,
1058 1736 1205 1780 indigna
1228 1737 1315 1772 mihi
1340 1742 1396 1774 est
1419 1738 1512 1783 visa,
1537 1747 1630 1783 quae
1653 1737 1725 1773 huc
1748 1737 1895 1773 referre-

97 1795 166 1827 tur.
214 1790 341 1835 Neque
366 1788 459 1823 enim
484 1792 540 1823 est
563 1787 677 1832 ipsius
702 1787 912 1828 Ptolemaei.
937 1798 1054 1832 neque
1078 1788 1129 1824 ita
1153 1788 1287 1834 scripta
1311 1794 1452 1835 est,‘ut
1477 1800 1520 1825 ex
1545 1788 1773 1826 Ptolemaicis
1796 1791 1894 1835 prin-

98 1843 201 1888 cipiis
225 1841 433 1877 continuata
456 1839 569 1875 videri
601 1840 718 1885 possit
754 1840 799 1875 ab
824 1840 1066 1886 intelligente,
1104 1845 1146 1875 ut
1170 1841 1430 1876 demonstravit
1466 1842 1574 1877 rebus
1610 1842 1834 1879 evidentibus
1859 1846 1895 1878 et

96 1893 350 1930 mathematica
373 1891 544 1928 methodo
571 1891 739 1927 Barla-am
762 1891 959 1932 monachus
984 1893 1020 1927 in
1043 1892 1166 1928 libello
1193 1903 1333 1939 graece,
1358 1904 1463 1938 quem
1487 1893 1674 1939 logisticae
1699 1905 1787 1931 suae
1811 1895 1894 1931 sub-

93 1946 227 1992 junxit,
254 1955 360 1990 quem
384 1944 670 1989 manuscriptum
695 1954 738 1979 ex
765 1943 858 1978 dono
883 1944 916 1980 J.
945 1944 987 1979 G.
1013 1942 1190 1980 Herwarti
1215 1944 1396 1990 possideo.

213 2004 311 2040 Nota
333 2003 380 2038 II.
433 2002 563 2037 «Primi
586 2001 745 2037 numeri»
773 2002 964 2046 dupliciter
995 2002 1180 2048 dicuntur,
1216 2003 1273 2039 vel
1303 2003 1485 2049 absolute,
1522 2010 1563 2040 ut
1582 2006 1618 2045 7.
1648 2008 1685 2042 11
1715 2010 1799 2052 etc.,
1837 2007 1895 2042 vel

99 2057 232 2102 relate,
264 2060 306 2091 ιιι
331 2065 412 2091 cum
436 2064 553 2090 meses
580 2054 625 2089 ad
649 2065 863 2100 paramesen
894 2057 1081 2100 proportio
1106 2057 1318 2102 exprimitur
1342 2058 1499 2093 numeris
1524 2058 1562 2102 9,
1595 2059 1618 2094 8
1642 2058 1737 2094 inter
1761 2063 1800 2096 s'e
1823 2060 1895 2107 pri-

100 2109 188 2153 mis,
226 2107 311 2154 quia
335 2107 515 2142 communi
540 2107 693 2142 divisore
729 2113 862 2143 carent.
912 2108 971 2144 Sic
1002 2109 1255 2145 semidiametri
1289 2110 1385 2146 orbis
1408 2110 1533 2146 Lunae
1557 2112 1741 2156 proportio
1766 2113 1812 2149 ad
1837 2123 1894 2148 se-

99 2162 364 2197 midiametrnm
389 2160 485 2196 orbis
512 2160 606 2195 Solis
632 2159 830 2195 secundum
861 2164 1019 2195 veterem
1044 2163 1299 2197 astronomiam
1325 2166 1381 2198 est
1405 2173 1465 2207 ea,
1504 2173 1598 2208 quae
1625 2165 1639 2199 1
1669 2164 1714 2207 ad
1742 2164 1782 2201 19
1806 2165 1894 2201 fere.

99 2213 275 2259 Proponit
306 2213 416 2258 igitur
445 2213 504 2248 hic
527 2213 757 2248 Ptolemaeus
793 2212 928 2265 aliquid
963 2213 1223 2272 indagandum,
1261 2216 1358 2259 quod
1392 2215 1429 2250 in
1466 2226 1532 2250 suo
1558 2226 1668 2260 opere
1691 2216 1825 2262 Magno
1850 2219 1894 2254 de

102 2267 218 2303 stellis
244 2266 379 2312 scripto
403 2267 561 2302 nondum
597 2266 846 2309 indagaverat;
885 2264 1042 2309 quinque
1079 2265 1173 2300 enim
1207 2266 1430 2302 residuorum
1462 2268 1600 2304 orbium
1637 2270 1823 2315 proportio
1849 2270 1895 2306 ad

44 2324 47 2325 ’
100 2322 206 2357 orbes
231 2320 324 2356 Solis
344 2325 381 2356 et
404 2321 530 2356 Lunae
554 2319 590 2354 in
613 2318 821 2354 Ptolemaeo
846 2317 1080 2354 desideratur.

213 2379 309 2415 Nota
331 2378 397 2414 ΙΙΙ.
445 2378 565 2413 Prima
589 2377 745 2422 sphaera
769 2376 945 2422 cuiusque
970 2375 1135 2421 planetae
1171 2381 1227 2412 est
1252 2378 1403 2420 extima,
1437 2379 1596 2424 reliquas
1631 2380 1693 2416 uni
1727 2381 1894 2425 planetae

101 2432 324 2467 necessarias
350 2430 550 2466 includens.
598 2429 739 2464 Dicitur
764 2438 785 2463 a
810 2428 1012 2464 Purbachio
1038 2429 1264 2465 concentrica
1288 2430 1344 2465 vel
1371 2430 1536 2467 deferens
1562 2431 1686 2468 nodos.
1742 2449 1746 2452 —

215 2490 312 2526 Nota
335 2490 396 2525 IV.
446 2488 571 2533 Capite
605 2488 636 2523 8.
663 2488 735 2524 duo
767 2486 927 2522 membra
957 2487 1093 2523 fecerat
1126 2488 1400 2533 comparationis
1425 2500 1545 2524 rerum
1570 2490 1786 2527 musicarum
1812 2504 1892 2528 cum

100 2542 334 2579 coelestibus.
383 2541 561 2577 Generale
585 2551 706 2584 unum,
732 2540 885 2575 alterum
910 2539 1102 2584 singulare.
1150 2540 1334 2575 Hactenus
1366 2541 1475 2585 igitur
1503 2552 1569 2586 per
1593 2552 1656 2577 sex
1681 2543 1800 2587 capita
1823 2545 1893 2589 pri-

100 2607 196 2632 mum
220 2596 418 2631 membrum
441 2593 510 2628 fuit
533 2592 578 2628 de
602 2592 757 2637 planetis
782 2592 817 2626 in
842 2601 988 2636 genere:
1025 2591 1188 2635 sequitur
1210 2602 1305 2627 nunc
1329 2593 1444 2634 tribus
1469 2594 1614 2639 reliquis
1640 2595 1818 2640 capitibus
1843 2597 1892 2632 al-

101 2653 218 2684 terum
243 2648 288 2683 de
314 2647 475 2692 singulis.

215 2708 312 2744 Nota
334 2708 375 2743 V.
425 2706 530 2751 Quod
562 2706 672 2751 igitur
697 2705 869 2750 sphaeras
895 2707 1079 2748 comparat
1116 2703 1213 2738 sonis
1238 2704 1449 2748 stabilibus,
1486 2704 1574 2740 nihil
1597 2704 1648 2740 illi
1673 2705 1786 2750 favet,
1823 2707 1892 2742 nisi

103 2771 273 2796 numerus
298 2759 467 2804 utrinque
491 2760 596 2795 idem.
644 2759 716 2794 Per
740 2768 779 2793 se
803 2756 1026 2792 insociabilia
1051 2760 1134 2790 sunt
1159 2767 1320 2801 corpora,
1347 2768 1437 2802 quae
1462 2763 1562 2803 sunt,
1587 2763 1624 2793 et
1646 2763 1765 2795 motus
1790 2759 1890 2795 chor-

103 2812 246 2857 darum,
273 2822 364 2857 quae
389 2823 460 2847 non
484 2816 589 2856 sunt,
626 2811 689 2848 sed
713 2813 823 2856 βψω
860 2819 1012 2853 corpora
1038 2819 1081 2842 ex
1107 2813 1302 2853 systemate
1327 2810 1526 2854 coelorum,
1564 2811 1659 2855 quod
1684 2811 1781 2847 Deus
1805 2811 1891 2847 fecit

103 2865 377 2909 rationibusque
403 2875 540 2900 summe
564 2864 776 2900 necessariis
802 2861 1052 2905 conformavit,
1088 2866 1124 2896 et
1148 2862 1305 2898 chordae
1329 2873 1374 2898 ex
1398 2867 1590 2907 systemate
1614 2864 1771 2900 musico.
1795 2865 1891 2909 quod

103 2916 260 2952 humano
287 2917 413 2953 saltem
440 2917 587 2952 arbitrio
613 2916 873 2953 conformatum
899 2915 950 2950 sic
974 2918 1045 2957 est,
1082 2925 1163 2949 cum
1199 2916 1378 2960 potuisset
1409 2915 1516 2951 etiam
1546 2916 1650 2951 aliter
1681 2915 1890 2951 conformari

103 2969 142 3003 in
165 2970 354 3004 nonnullis.
403 2970 583 3006 Concinne
608 2970 752 3015 quidem
777 2969 951 3013 sphaerae
981 2966 1139 3011 chordis,
1165 2972 1284 3003 motus
1310 2978 1394 3003 vero
1419 2967 1652 3011 sphaerarum
1677 2967 1830 3004 motibus
1855 2971 1891 3002 et

105 3020 204 3061 sonis
229 3021 442 3058 chordarum
467 3022 666 3072 comparari
697 3021 809 3058 videri
833 3019 988 3068 possint:
1023 3023 1059 3054 at
1084 3019 1173 3055 haec
1207 3020 1387 3056 distinctio
1417 3019 1525 3066 paulo
1549 3019 1632 3064 plus
1657 3018 1767 3055 nihilo
1791 3017 1886 3063 dicit,
