1988 3276
135 138 188 178 92
726 132 782 170 De
803 132 1018 180 Figurarum
1040 133 1337 172 Harmonicarum

134 260 298 307 quartas
328 257 500 308 potente,
539 256 632 294 tunc
660 255 785 295 minor
813 267 903 306 pars
932 256 988 294 fit
1005 256 1180 296 elasson.
1211 257 1279 295 ubi
1299 256 1455 296 elasson
1483 258 1543 296 est
1561 266 1703 297 nomen
1721 255 1799 297 non
1819 267 1927 297 com-

135 315 373 367 parationis,
405 313 475 353 sed
506 313 726 364 qualitatis3
762 314 888 364 major
915 326 1008 355 vero
1038 327 1128 367 pars
1158 316 1202 355 fit
1229 317 1357 355 mizon
1387 315 1486 366 alia,
1515 327 1666 356 rursum
1696 315 1927 369 qualitative

137 374 346 423 intellecta,
379 384 634 423 quaecunque
665 373 749 424 eJus
779 374 856 412 sint
885 374 1089 414 elementa

252 441 306 477 Sit
339 444 380 476 ut
411 439 512 485 prius
543 440 751 485 propositae
782 440 934 478 effabilis
957 441 1143 488 longitudo
1169 440 1316 478 dimidia
1340 440 1405 477 GA
1436 439 1586 488 ejusque
1615 451 1759 479 rursum
1783 441 1929 480 dimidia

132 495 223 542 AM3
247 497 288 530 ut
312 491 472 538 qualium
496 491 560 528 GA
581 495 704 538 potest
727 493 760 533 4,
783 494 899 538 possit
921 494 994 530 AM
1020 497 1050 534 1.
1074 498 1111 531 et
1135 494 1182 531 sit
1207 493 1312 530 GAM
1334 497 1466 538 rectus,
1490 495 1624 540 poterit
1645 494 1757 541 igitur
1779 495 1929 544 MGta-

131 548 217 584 lium
243 547 282 592 53
321 546 549 582 continuetur
571 545 646 581 MA
681 547 849 592 utrinque
884 551 920 584 et
951 551 1074 584 centro
1098 548 1138 583 M
1160 546 1349 583 intervallo
1373 547 1448 584 MG
1477 547 1655 585 scribatur
1684 547 1929 587 semicirculus

131 601 240 637 PGX.
289 599 359 635 Est
381 598 492 644 igitur
514 599 579 635 PX
603 598 714 645 dupla
737 598 850 644 ipsius
876 599 967 645 GM3
1006 609 1118 645 quare
1145 603 1181 636 et
1205 600 1271 636 PX
1293 600 1428 646 poterit
1451 601 1609 648 quinque
1633 605 1780 650 quartas
1805 606 1927 647 partes

131 653 176 688 de
199 653 360 697 potentia
383 653 602 698 propositae,
627 651 759 697 duplae
781 651 896 696 ipsius
921 651 996 688 GA.
1023 651 1095 697 Sed
1118 651 1192 697 PG,
1218 653 1285 689 GX
1309 653 1486 700 quadrata
1504 654 1634 700 juncta
1656 659 1742 692 sunt
1764 655 1931 701 aequalia

133 706 308 751 quadrato
344 707 430 751 PX,
469 716 553 750 ergo
591 710 627 741 et
662 705 724 741 illa
748 709 833 741 sunt
869 706 1027 751 quinque
1063 709 1213 751 quartae
1247 706 1292 742 de
1328 704 1503 752 quadrato
1529 709 1740 755 propositae
1763 707 1929 753 effabilis.

131 760 245 795 Porro
269 760 300 794 si
325 770 369 795 ex
392 759 472 802 PG,
501 759 567 794 GX
590 759 719 795 feceris
743 757 875 794 lineam
899 768 1024 802 unam,
1061 758 1139 803 ejus
1164 759 1378 803 quadratum
1401 760 1584 797 constabit
1608 771 1655 799 ex
1678 761 1819 799 duobus
1843 770 1930 807 qua-

131 811 242 847 dratis
265 811 346 857 PG,
377 811 443 847 GX
467 814 500 847 et
525 821 571 846 ex
595 811 735 848 duobus
759 811 977 856 rectangulis
1003 811 1069 848 sub
1093 812 1175 856 PG,
1201 812 1276 855 GX,
1303 811 1432 857 quibus
1458 816 1544 849 sunt
1561 813 1726 859 aequalia
1750 813 1822 850 duo
1837 817 1930 850 rect-

133 863 264 909 angula
298 865 365 900 sub
390 863 473 908 GA,
514 864 595 910 PX,
631 864 703 900 hoc
736 857 808 900 est’
815 875 925 900 unum
950 864 1198 909 rectangulum
1229 863 1295 899 sub
1319 865 1507 910 proposita
1527 852 1642 911 dupla
1663 865 1779 911 ipsius
1803 866 1869 903 GA
1894 870 1932 902 et

134 916 200 953 sub
224 916 309 961 PX,
346 915 549 952 effabilibus
575 916 727 956 duabus,
765 916 829 953 sed
853 916 931 952 sola
954 916 1116 962 potentia
1141 917 1539 955 commensurabilibus:
1577 930 1685 965 quam
1715 919 1760 955 ob
1785 929 1931 955 causam

131 968 378 1015 rectangulum
413 969 483 1006 hoc
519 970 587 1005 erit
622 980 765 1014 meson,
802 980 868 1015 per
891 970 934 1006 X.
962 969 1018 1006 22.
1043 969 1149 1006 Eucl.
1199 969 1287 1005 Cum
1323 980 1408 1015 ergo
1444 970 1661 1017 quadratum
1693 971 1810 1008 lineae
1832 971 1931 1007 PGX

131 1023 243 1058 totius
269 1025 411 1058 constet
435 1033 480 1058 ex
505 1023 681 1067 quadrato
705 1023 771 1058 PX
801 1022 935 1059 effabili
971 1026 1007 1058 et
1042 1022 1252 1067 rectangulo
1277 1032 1395 1065 meso,
1431 1022 1594 1068 ejusdem
1617 1023 1823 1060 latitudinis
1843 1023 1928 1059 PX:

131 1086 223 1122 quae
258 1075 348 1121 duo,
385 1075 599 1120 quadratum
634 1075 699 1111 PX
734 1079 771 1112 et
803 1075 1050 1121 rectangulum
1081 1076 1148 1112 sub
1182 1075 1293 1121 dupla
1324 1075 1438 1121 ipsius
1464 1075 1531 1112 GA
1561 1080 1597 1112 et
1621 1077 1689 1113 sub
1725 1077 1810 1122 PX,
1845 1079 1932 1112 sunt

129 1129 294 1176 aequalia
318 1128 540 1175 rectangulo,
567 1129 664 1174 quod
688 1129 892 1165 continetur
917 1129 983 1165 sub
1000 1129 1065 1165 PX
1090 1128 1223 1164 effabili
1248 1132 1285 1164 et
1309 1129 1377 1164 sub
1397 1128 1598 1173 composita
1620 1141 1663 1164 ox
1686 1129 1750 1164 PX
1766 1132 1805 1164 et
1821 1128 1932 1175 dupla

129 1184 242 1230 ipsius
268 1184 352 1228 GA,
390 1182 467 1219 sola
491 1183 654 1228 potentia
678 1182 1073 1229 commensurabilibus,
1112 1193 1261 1228 quarum
1285 1182 1442 1228 partium
1478 1181 1595 1227 major
1617 1182 1682 1218 PX
1704 1182 1786 1228 plus
1809 1186 1933 1228 potest

129 1237 268 1273 minore
292 1235 414 1282 (dupla
437 1235 551 1281 ipsius
577 1235 663 1281 ΘΑ),
694 1236 816 1281 aliqua
839 1235 908 1271 sibi
932 1235 1243 1272 commensurabili
1265 1234 1493 1280 longitudine
1528 1235 1668 1280 (potest
1692 1235 1793 1271 enim*
1808 1236 1875 1273 PX
1897 1236 1931 1281 5,

130 1289 290 1336 qualium
315 1289 424 1335 dupla
446 1290 562 1335 ipsius
589 1290 652 1325 GA
675 1292 798 1335 potest
821 1290 854 1334 4,
881 1299 1051 1334 excessus
1075 1289 1185 1335 igitur
1201 1290 1221 1324 1
1240 1292 1296 1324 est
1321 1287 1537 1333 quadratum
1561 1287 1735 1334 alicujus,
1760 1287 1855 1335 quae
1878 1289 1931 1326 in-

131 1341 458 1379 commensurabilis
484 1346 538 1377 est
562 1342 631 1388 ipsi
654 1342 730 1386 PX,
757 1351 800 1377 eo
826 1341 923 1387 quod
950 1343 966 1378 1
995 1341 1041 1377 ad
1067 1343 1087 1378 5
1111 1353 1183 1377 non
1209 1341 1256 1376 sit
1280 1345 1322 1377 ut
1351 1340 1549 1386 quadratus
1574 1351 1744 1379 numerus
1769 1343 1817 1379 ad
1841 1353 1927 1390 qua-

137 1395 298 1440 dratum)
314 1422 325 1440 ,
365 1394 493 1440 quibus
526 1394 570 1429 de
608 1395 725 1430 causis
750 1394 846 1430 dicta
870 1395 1068 1440 composita
1101 1406 1146 1431 ex
1170 1395 1235 1430 PX
1270 1398 1306 1430 et
1343 1393 1408 1429 GA
1441 1392 1624 1438 duplicata
1655 1396 1712 1429 est
1743 1393 1933 1432 binominis

132 1451 282 1493 quartae
318 1445 467 1492 speciei:
490 1450 594 1490 cum,
618 1447 775 1492 inquam,
801 1448 1016 1493 quadratum
1033 1449 1145 1484 totius
1169 1448 1267 1484 PGX
1291 1447 1338 1483 sit
1363 1446 1515 1491 aequale
1539 1446 1604 1482 tali
1627 1446 1838 1494 rectangulo
1863 1445 1930 1484 sub

135 1504 302 1545 apotome
327 1502 456 1544 quarta
483 1502 518 1534 et
542 1499 694 1545 effabili,
727 1500 823 1535 linea
846 1500 958 1544 igitur
981 1501 1079 1537 PGX
1113 1504 1190 1537 tota
1214 1500 1283 1536 erit
1305 1500 1434 1535 mizon.
1481 1499 1674 1537 Elementa
1695 1500 1813 1547 ipsam
1837 1511 1930 1537 com-

129 1552 301 1597 ponentia
325 1555 410 1588 sunt
432 1555 557 1597 partes
581 1551 664 1597 PG,
700 1551 777 1588 GX.
826 1553 918 1589 Nam
950 1553 1034 1598 quia
1064 1553 1127 1589 PA
1158 1557 1213 1589 est
1247 1556 1415 1598 apotome
1445 1554 1481 1588 et
1505 1551 1574 1588 Ax
1605 1551 1816 1597 binominis,
1847 1556 1943 1589 sunt.

129 1605 238 1650 igitur
260 1606 355 1641 inter
378 1615 417 1641 se
439 1604 664 1649 longitudine
686 1605 1076 1643 incommensurabiles.
1124 1607 1173 1643 Ut
1195 1616 1280 1642 vero
1304 1605 1368 1640 PA
1385 1604 1431 1640 ad
1448 1604 1527 1649 AX,
1553 1604 1605 1640 sic
1629 1605 1843 1651 quadratum
1865 1606 1931 1643 PG

131 1657 176 1693 ad
202 1657 415 1704 quadratum
441 1657 519 1692 GX.
567 1657 667 1702 Ergo
691 1658 764 1704 PG,
791 1659 858 1695 GX
874 1663 958 1695 sunt
981 1659 1153 1704 potentiis
1178 1663 1214 1696 et
1237 1660 1290 1696 sic
1314 1656 1528 1702 simpliciter
1551 1658 1929 1698 incommensurabiles

127 1711 219 1747 inter
251 1720 290 1746 se
323 1713 360 1745 et
392 1709 530 1745 faciunt
558 1719 731 1745 summam
762 1710 1019 1755 quadratorum
1044 1711 1237 1757 effabilem,
1269 1711 1402 1758 quippe
1427 1711 1614 1756 aequalem
1643 1712 1821 1757 quadrato
1854 1713 1920 1750 PX
1949 1717 1958 1721 ’

128 1762 379 1807 reetangulum
408 1771 492 1797 vero
526 1763 593 1797 sub
617 1762 700 1807 PG,
733 1763 800 1799 ΘΧ
822 1773 956 1800 meson.
1005 1764 1103 1809 Ergo
1128 1774 1194 1809 per
1216 1765 1262 1801 X.
1286 1765 1341 1800 39.
1367 1765 1571 1810 composita
1596 1775 1641 1801 ex
1664 1765 1745 1812 PG,
1778 1765 1844 1802 ΘΧ
1873 1771 1931 1803 est

128 1815 267 1860 mizon3
300 1819 355 1860 et,
394 1824 459 1859 per
483 1814 528 1849 X.
553 1815 616 1860 76,
659 1815 780 1851 ablata
818 1816 882 1852 PG
912 1827 934 1852 a
958 1816 1025 1852 GX
1057 1816 1271 1862 relinquitur
1303 1816 1460 1854 elasson.
1505 1817 1619 1863 Atqui
1649 1822 1728 1855 tota
1749 1818 1850 1857 PGX
1873 1824 1930 1857 est

130 1873 231 1904 secta
264 1867 583 1913 proportionaliter
615 1867 653 1903 in
678 1867 718 1903 G.
767 1868 860 1904 Nam
884 1872 925 1904 ut
948 1868 1009 1904 PA
1034 1869 1080 1905 ad
1103 1869 1179 1914 AG,
1216 1869 1268 1904 sic
1291 1868 1353 1905 PG
1378 1869 1424 1905 ad
1449 1869 1527 1906 XG.
1575 1869 1626 1906 At
1648 1870 1712 1906 PA
1735 1874 1792 1907 est
1814 1872 1928 1918 ipsius

130 1921 195 1957 GA
218 1921 537 1967 proportionaliter
561 1925 683 1957 sectae
713 1931 798 1966 pars
830 1922 944 1967 major
968 1921 1048 1967 OA,
1081 1922 1165 1966 quia
1188 1921 1258 1957 MP
1288 1925 1413 1967 potest
1446 1922 1560 1967 ipsius
1584 1923 1658 1958 MA
1687 1924 1928 1972 quintuplum,

130 1978 166 2010 et
197 1977 363 2019 apotome
387 1974 449 2009 ΑΡ
480 1974 640 2018 aequalis
673 1978 728 2009 est
751 1973 814 2009 AO
838 1984 904 2019 per
932 1974 982 2010 Π.
1008 1974 1062 2008 11.
1087 1973 1190 2009 Eucl.
1238 1973 1336 2018 Ergo
1369 1977 1404 2009 et
1423 1973 1488 2010 PG
1519 1978 1576 2011 est
1608 1975 1724 2021 ipsius
1749 1976 1816 2013 GX
1845 1971 1928 2024 pro-

128 2026 377 2073 portionaliter
403 2029 522 2062 sectae
546 2036 631 2071 pars
654 2026 786 2071 major3
811 2030 849 2062 et
872 2037 937 2071 per
959 2026 1058 2061 XIII.
1086 2027 1105 2062 5
1131 2025 1254 2061 addita
1277 2025 1349 2069 PG,
1374 2037 1459 2071 pars
1483 2027 1616 2072 maior,
1641 2029 1687 2064 ad
1713 2028 1780 2065 GX
1803 2032 1927 2078 totam,

129 2080 225 2125 parit
249 2089 377 2114 novam
401 2082 513 2115 totam
537 2078 652 2122 PGX,
686 2078 1006 2124 proportionaliter
1030 2081 1164 2113 sectam
1187 2078 1224 2112 in
1249 2078 1299 2124 G;
1332 2082 1374 2114 ιιι
1392 2079 1469 2124 jam
1491 2080 1555 2117 PG
1579 2081 1628 2117 sit
1649 2081 1758 2127 hujus
1783 2093 1927 2129 compo-

129 2132 219 2168 sitae
242 2142 326 2177 pars
351 2132 484 2175 minor,
523 2130 589 2166 GX
615 2130 692 2175 ejus
716 2131 840 2175 major.
889 2132 938 2166 Et
963 2131 1014 2166 sic
1038 2131 1153 2175 PGX,
1179 2132 1338 2168 existens
1363 2131 1485 2178 aliqua
1507 2133 1635 2180 mizon,
1661 2138 1762 2171 secta
1786 2139 1842 2172 est
1866 2146 1926 2172 eo—

135 2185 216 2221 dem
246 2189 380 2230 puncto
406 2185 437 2221 G
462 2188 499 2220 et
524 2184 561 2219 in
586 2194 652 2220 sua
677 2183 871 2228 elementa,
907 2193 952 2218 ex
986 2183 1116 2228 quibus
1147 2182 1263 2219 mizon
1288 2184 1557 2232 denominatur,
1588 2190 1626 2223 et
1649 2186 1755 2223 simul
1779 2187 1817 2223 in
1841 2197 1925 2226 suas

133 2242 255 2285 partes
280 2238 522 2283 proportionis
548 2236 698 2272 divinae.
713 2237 740 2280 6)

243 2302 346 2348 Dico,
373 2301 516 2337 easdem
539 2305 663 2347 partes
687 2299 1003 2346 proportionaliter
1020 2302 1141 2335 sectae
1166 2309 1248 2335 esse
1265 2299 1369 2336 simul
1394 2276 1503 2337 etiam
1520 2300 1687 2338 classona
1710 2305 1748 2338 et
1769 2301 1922 2339 mizona.

132 2357 226 2402 Quia
249 2355 343 2391 enim
368 2356 429 2390 ΑΡ
455 2359 511 2391 est
535 2358 703 2400 apotome
727 2358 871 2398 quarta,
908 2351 1005 2411 quod
1030 2350 1140 2396 igitur
1165 2351 1230 2387 sub
1255 2351 1317 2387 ΑΡ
1342 2356 1510 2397 apotome
1534 2358 1571 2389 et
1593 2354 1659 2390 PX
1683 2352 1835 2399 effabili,
1868 2357 1925 2390 est

128 2408 290 2455 potentia
314 2407 488 2443 elassonis
514 2406 628 2452 (Eucl.
646 2406 690 2442 X.
708 2407 776 2451 94),
808 2409 844 2441 et
867 2405 951 2450 quia
962 2403 1028 2438 AX
1053 2407 1109 2438 est
1133 2403 1324 2439 binominis
1350 2408 1487 2451 quarta,
1513 2405 1611 2452 quod
1634 2405 1743 2451 igitur
1765 2407 1832 2442 sub
1856 2405 1925 2442 hac

131 2465 167 2496 et
191 2460 255 2495 PX
278 2460 431 2505 effabili,
464 2466 520 2497 est
541 2460 690 2495 mizonis
715 2458 898 2506 potentia:
932 2456 996 2492 sed
1020 2452 1195 2501 quadrata
1218 2457 1291 2501 PG,
1318 2457 1384 2493 GX
1408 2461 1492 2494 sunt
1515 2458 1683 2504 aequalia
1705 2457 1922 2504 rectangulis

128 2513 236 2557 APX,
261 2512 368 2558 AXP,
393 2513 533 2557 singula
558 2512 718 2558 singulis,
744 2520 829 2558 ergo
853 2509 916 2545 PG
940 2512 996 2545 est
1019 2508 1172 2554 elassou,
1199 2509 1265 2546 GX
1287 2509 1415 2546 mizon.

244 2579 490 2619 Conveniunt
529 2580 646 2628 igitur
684 2578 747 2616 hic
776 2579 817 2617 in
846 2589 965 2616 unum
994 2577 1152 2615 nomina
1181 2576 1413 2626 qualitatum
1454 2581 1492 2616 et
1520 2578 1678 2616 nomina
1705 2578 1921 2627 proportio·
1955 2567 1962 2577 ”

129 2651 232 2678 num.
293 2638 393 2676 Nam
423 2636 496 2675 PG
526 2637 664 2675 dicitur
694 2648 783 2704 pars
813 2638 937 2675 minor
955 2639 1133 2685 respectu
1157 2637 1275 2673 totius
1296 2634 1413 2674 PGX
1432 2634 1770 2686 proportionaliter
1789 2639 1921 2675 sectae
1984 2669 1988 2691 ἔ

130 2699 170 2735 in
203 2697 262 2747 G,
295 2695 434 2735 dicitur
463 2700 501 2734 et
530 2695 635 2734 linea
664 2696 788 2733 minor
817 2706 887 2734 seu
918 2693 1147 2733 elementum
1166 2694 1293 2733 minus
1323 2695 1445 2744 ipsius
1465 2693 1581 2733 PGX
1598 2695 1730 2742 totius,
1760 2697 1815 2732 ut
1823 2692 1921 2733 haec

130 2760 188 2794 est
218 2756 352 2806 aliqua
380 2755 507 2793 mizon
538 2753 792 2804 qualitative,
825 2753 964 2792 dicitur
994 2751 1159 2801 denique
1192 2750 1340 2792 Graece
1371 2752 1536 2800 classen,
1569 2750 1674 2802 quod
1703 2755 1817 2790 sonat
1835 2751 1917 2790 La-

130 2815 209 2852 tine
241 2815 376 2861 minor,
409 2812 653 2862 qualitativo,
685 2815 863 2863 respectu
893 2810 1058 2850 aliarum
1089 2809 1251 2848 duarum
1281 2811 1481 2859 linearum,
1513 2809 1577 2849 hic
1606 2820 1684 2847 non
1715 2820 1920 2860 expressa-

129 2882 232 2919 rum,
276 2882 438 2922 quarum
477 2871 740 2909 subtractione
784 2871 898 2908 unius
940 2868 990 2906 ab
1031 2867 1154 2906 altera
1189 2870 1274 2918 ipsa
1312 2869 1566 2908 constituitur.
1624 2867 1774 2907 Eodem
1801 2866 1918 2906 modo

132 2927 211 2966 GX
244 2932 366 2978 primo
408 2927 546 2967 dicitur
588 2940 682 2979 pars
717 2928 842 2978 maj0r
883 2927 1004 2965 totius
1034 2925 1149 2964 PGX
1185 2926 1523 2977 proportionaliter
1552 2929 1681 2965 sectae
1695 2938 1714 2976 3„
1747 2923 1917 2965 seeundo

133 2985 272 3024 dicitur
301 2987 405 3026 linea
435 2986 499 3026 vel
529 2986 762 3026 elementum
792 2986 919 3036 maJus
950 2983 1075 3023 lineae
1103 2985 1223 3023 totius
1248 2984 1387 3033 PGX„
1407 2989 1451 3023 ut
1479 2983 1577 3023 haec
1607 2988 1666 3022 est
1686 2983 1917 3034 qualitative

131 3044 258 3082 mizon
289 3056 359 3084 suo
390 3045 542 3096 proprio
570 3046 671 3095 jure,
701 3056 779 3084 non
808 3045 936 3082 minus
966 3054 1083 3092 quam
1111 3047 1195 3082 tota
1214 3042 1331 3082 PGX
1351 3053 1445 3082 suo:
1476 3041 1546 3081 sed
1574 3041 1701 3082 lineae
1729 3041 1938 3083 facientes.

133 3102 258 3151 ipsam
290 3101 371 3141 ΘΧ
398 3104 555 3143 mizona
584 3104 863 3155 compositione
893 3111 976 3151 sua,
1006 3111 1085 3140 non
1113 3105 1204 3140 sunt
1232 3101 1296 3141 hic
1325 3111 1541 3152 expressae.
