1994 3276
103 113 186 150 246
440 158 443 161 K
652 108 708 143 De
734 107 1085 153 Gonfigurationibus
1110 107 1347 143 Harmonicis.

102 228 297 278 diapente,
327 226 563 277 sesquadrus
593 232 726 266 sextae
757 227 877 276 molli,
909 226 1126 276 biqu‘intilis
1144 231 1277 264 sextae
1302 225 1432 275 durae,
1465 228 1666 277 oppositus
1687 227 1898 278 diapason3

43 312 47 316 ·
102 287 195 336 quia
225 287 259 325 si
289 287 443 325 auferas
475 298 498 323 a
528 285 673 324 chorda
704 291 785 325 tota
817 291 965 324 tantam
994 286 1236 336 portionem,
1279 290 1464 333 quantam
1495 287 1713 335 portionem
1744 286 1792 325 de
1823 288 1899 325 cir-

102 345 189 383 culo
221 344 346 383 aufert
378 344 541 394 quilibet
571 348 774 395 aspectus,
816 344 1013 383 residuum
1046 342 1214 382 chordae
1253 343 1345 380 facit
1376 353 1463 381 cum
1493 349 1577 386 tota
1618 343 1727 382 illam
1758 356 1899 390 conso-

101 403 294 450 nantiam,
336 414 436 452 quae
467 402 531 440 hic
560 402 719 441 cuilibet
751 405 927 454 aspectui
958 409 1017 440 est
1047 402 1256 451 adscripta.
1320 399 1417 439 Cum
1457 402 1574 451 igitur
1615 414 1797 441 numerus
1828 405 1900 442 iste

100 462 341 511 septenarius
374 460 758 510 concordantiarum,
801 473 871 500 seu
901 462 1032 511 potius
1065 462 1283 498 sectionum
1314 459 1646 509 harmoniam-nm,
1689 473 1786 511 quas
1818 463 1899 500 sin-

101 521 213 570 gulas
244 519 420 570 singulae
453 519 750 558 concordantiae
782 520 879 558 infra
912 519 1101 569 diapason
1136 519 1405 566 insequuntur,
1437 522 1562 556 certus
1586 520 1637 557 sit
1668 525 1705 557 et
1737 520 1899 559 demon-

101 579 300 626 strativus,
332 589 410 616 non
441 580 568 616 minus
600 580 716 628 quam
749 583 809 617 est
829 580 867 615 in
891 578 1102 627 geometria
1125 587 1310 614 numerus
1334 577 1535 625 quinarius
1558 589 1759 627 corporum
1783 591 1900 629 regu-

100 636 252 684 larium,
283 640 327 675 ut
355 636 453 674 libro
484 636 557 674 ΠΙ.
589 647 674 686 cap.
709 639 747 674 2.
779 639 925 686 patuit.
965 640 1067 674 esset
1097 635 1215 684 igitur
1246 635 1345 672 ratio
1379 634 1666 673 demonstrandi
1699 648 1900 676 numerum

101 699 328 746 aspectuum
368 694 493 733 facilis
536 700 574 733 et
615 694 796 745 expedita
833 707 902 744 per
932 698 1152 745 susceptum
1194 692 1268 730 1100
1305 694 1481 742 axioma,
1525 702 1596 732 1100
1637 695 1772 734 fuisset
1803 708 1900 777 opus

102 763 266 804 operoso
297 755 372 792 isto
404 764 594 791 novorum
624 755 863 791 axiomatum
894 753 981 791 libri
1011 751 1082 790 IV.
1114 755 1318 801 apparatu

216 811 265 850 Et
295 823 388 850 sane
420 812 452 849 si
484 812 776 850 observationes
807 811 1132 860 meteorologicae
1165 810 1255 847 huic
1285 809 1504 858 septenario
1542 815 1771 859 aspectuum
1801 813 1900 851 fuis-

101 875 187 908 sent
217 870 451 920 astipulatae
483 882 529 908 ex
561 881 668 917 asse,
701 871 986 919 acquievissem
1018 879 1090 917 ego
1123 869 1162 905 in
1192 879 1310 916 supra
1340 869 1467 916 posito
1500 869 1713 917 axiomate‚
1749 882 1821 909 nec
1851 871 1899 910 de

103 929 168 975 iis,
212 940 313 977 quae
355 940 401 966 ex
433 930 625 966 rationum
663 929 972 966 harmonicarum
1014 933 1099 965 ortu
1143 937 1268 974 exque
1309 926 1600 975 mctaplrysicae
1631 920 1773 967 causae
1805 939 1900 967 con-

103 986 337 1024 sideratione
368 991 549 1036 poterant
580 987 716 1036 objici,
760 986 874 1025 valde
905 987 1064 1024 fuissem
1095 983 1298 1022 sollicitus.
1359 983 1437 1023 Sed
1469 986 1562 1034 quia
1593 987 1724 1024 crebro
1762 987 1900 1038 depre-

102 1045 266 1083 hensum
298 1050 367 1092 est,
401 1051 576 1084 naturam
609 1044 857 1083 sublunarem
890 1044 1081 1082 stimulari
1112 1044 1269 1080 etiama
1290 1043 1507 1089 semisexto,
1542 1046 1608 1093 qui
1631 1044 1900 1084 duodecimam

101 1108 249 1152 partem
294 1103 424 1153 circuli
463 1105 675 1152 intercipit,
721 1115 808 1142 cum
838 1109 981 1151 tamen,
1015 1101 1147 1140 ablata
1178 1102 1354 1150 portione
1388 1100 1618 1140 duodecima
1661 1103 1708 1141 de
1742 1104 1897 1152 chorda,

100 1161 297 1199 residuum
339 1163 506 1212 partium
549 1161 726 1200 undecim
757 1171 842 1200 *non
887 1165 1074 1200 consonet
1113 1170 1201 1197 cum
1243 1163 1348 1205 tota,
1387 1165 1430 1197 et
1460 1161 1553 1209 quia
1583 1161 1726 1199 infidae
1756 1162 1898 1212 depre-

100 1219 245 1258 hensae
276 1226 364 1258 sunt
397 1219 729 1259 exstimulationes
762 1226 1035 1271 tempestatum
1074 1229 1140 1268 per
1171 1215 1446 1266 sesquadrum,
1491 1219 1558 1268 qui
1590 1218 1789 1269 dispungit
1820 1225 1898 1258 tres

102 1282 262 1317 octavas
295 1278 445 1325 circuli,
479 1290 565 1316 011111
598 1284 738 1324 tamen,
772 1278 1069 1317 ablatis-tribus
1100 1277 1250 1314 octavis
1283 1275 1330 1313 de
1362 1275 1516 1324 chorda,
1548 1277 1744 1316 residuum
1778 1279 1809 1316 5.
1833 1289 1902 1317 oc—

101 1342 277 1374 tavarum
311 1338 466 1375 omnino
500 1343 685 1376 consonet
717 1349 804 1375 cum
834 1342 917 1375 tota
951 1338 995 1383 8,
1029 1336 1120 1372 hinc
1152 1338 1236 1371 orta
1268 1333 1361 1371 mihi
1390 1334 1463 1372 fuit
1493 1337 1727 1382 necessitas,
1761 1348 1899 1374 causas

103 1394 300 1433 dissensus
333 1400 370 1433 et
403 1395 639 1433 diversitatis
679 1395 795 1445 hujus
834 1395 909 1434 1100
941 1394 1011 1432 IV.
1042 1393 1141 1430 libro
1172 1391 1339 1430 rimandi
1382 1393 1620 1441 profundius.
1683 1392 1798 1442 Quod
1829 1396 1900 1433 etsi

102 1457 203 1491 recte
240 1458 439 1503 peractum
482 1458 520 1491 et
562 1465 702 1491 causas
744 1454 978 1492 clarissimas
1018 1455 1147 1490 erutas
1180 1452 1376 1497 existimo,
1421 1463 1610 1489 summam
1642 1457 1772 1491 tamen
1817 1452 1902 1491 dis-

102 1512 316 1561 putationis
347 1513 636 1550 totiusiterato
668 1512 864 1551 inculcare
896 1523 972 1549 non
1003 1510 1198 1555 nocuerit,
1230 1519 1316 1546 cum
1348 1508 1386 1545 id
1418 1511 1588 1558 requirat
1618 1511 1796 1549 instituta
1827 1511 1902 1549 hoc

104 1569 191 1608 loco
224 1570 433 1620 explicatio
465 1581 617 1618 eorum,
651 1582 751 1620 quae
783 1572 822 1607 in
852 1567 1106 1620 praeambulo
1139 1565 1406 1615 Epliemeridis
1438 1569 1629 1606 concisius
1661 1574 1751 1606 sunt
1785 1569 1900 1609 dicta.

220 1628 350 1667 Causa
380 1629 510 1679 igitur,
543 1639 608 1666 cur
629 1640 717 1676 non,
752 1634 857 1678 quot⁴
879 1632 968 1666 sunt
997 1629 1036 1664 in
1057 1627 1207 1663 musica
1227 1626 1419 1665 sectiones
1449 1626 1707 1672 harmonicae,
1740 1623 1901 1666 totidem

105 1682 223 1724 ctiam
255 1688 330 1724 sint
362 1691 561 1737 aspectus,
607 1689 662 1725 uti
695 1698 819 1737 usque
851 1687 901 1725 ad
932 1697 1078 1725 annum
1113 1683 1235 1721 1608.
1269 1683 1525 1732 credideram,
1559 1690 1617 1722 est
1647 1685 1766 1736 haec,
1805 1687 1903 1735 quia

103 1746 259 1783 musica
290 1747 508 1794 septenarii
537 1747 602 1783 sui
628 1748 840 1796 principia
870 1743 1074 1784 nonnulla
1106 1754 1152 1780 ex
1182 1743 1271 1790 ipsa
1301 1742 1537 1780 rectitudine
1567 1742 1737 1782 chordae
1765 1744 1901 1796 trahit,

104 1814 195 1841 cum
225 1804 417 1851 circulus,
459 1805 503 1841 in
534 1815 613 1852 quo
643 1809 833 1843 notamus
863 1809 1061 1853 aspectus,
1099 1803 1144 1838 in
1181 1810 1220 1837 se
1249 1802 1383 1848 ipsum
1410 1800 1566 1849 “redeat,
1607 1813 1679 1839 nec
1707 1804 1829 1850 possit
1857 1807 1903 1839 ut

105 1872 152 1899 ex
189 1861 359 1900 chordae
396 1853 451 1899 sic
494 1863 615 1900 etiam
656 1875 703 1901 ea?
745 1862 899 1902 zodiaci
938 1860 1097 1899 residuo
1136 1858 1223 1908 fieri
1263 1859 1436 1896 circulus
1474 1859 1590 1897 alius.
1653 1859 1783 1898 Verba
1812 1864 1902 1898 sunt

105 1918 295 1957 dictorum
325 1919 627 1969 prolegomenon
665 1920 731 1958 fol.
766 1922 844 1972 35,
884 1930 985 1968 quae
1024 1920 1080 1956 sic
1112 1915 1342 1966 explicanda
1379 1922 1480 1954 sunt.
1539 1917 1640 1956 Nam
1670 1923 1713 1955 ut
1742 1929 1827 1967 cap.
1861 1920 1900 1957 4.

105 1977 221 2026 hujus
252 1977 419 2025 dictum,
463 1978 589 2018 aliter.
607 1980 780 2016 oriuntur
811 1981 1004 2018 sectiones
1034 1975 1302 2022 harmonicae,
1345 1975 1456 2013 aliter
1494 1982 1692 2025 aspectus,
1732 1976 1823 2014 licet
1853 1987 1901 2014 ex

106 2035 244 2074 eodem
275 2035 419 2074 circulo
452 2027 624 2074 oriantur
654 2038 819 2086 utrique.
880 2036 980 2074 Nam
1010 2034 1109 2072 libro
1130 2032 1202 2071 ΙΙΙ.
1235 2035 1290 2071 sic
1321 2038 1542 2082 comparata
1573 2039 1663 2071 sunt
1692 2036 1900 2082 axiomata,

106 2099 150 2131 ut
180 2094 378 2143 quaelibet
409 2093 552 2132 chorda
583 2095 827 2144 chordaeque
859 2106 959 2144 pars,
993 2104 1062 2131 seu
1082 2093 1201 2140 longa
1221 2103 1288 2129 seu
1309 2092 1450 2138 brevis,
1482 2093 1605 2141 possit
1625 2094 1761 2130 iterum
1795 2103 1903 2130 com-

105 2153 232 2202 parari
265 2154 335 2191 toti
368 2152 522 2200 circulo,
555 2164 632 2190 11011
663 2155 788 2190 minus
822 2165 938 2202 quam
971 2157 1054 2188 tota
1085 2162 1151 2188 seu
1184 2150 1411 2199 longissima
1436 2148 1579 2188 chorda
1611 2150 1734 2189 eidem
1759 2150 1901 2189 circulo

107 2211 425 2260 comparabatur,
458 2216 498 2248 at
528 2210 602 2249 hoc
631 2210 730 2248 libro
761 2211 832 2248 IV.
865 2222 942 2248 non
975 2209 1103 2259 potuit
1133 2219 1244 2246 arcus
1276 2208 1430 2254 circuli,
1474 2219 1541 2245 seu
1572 2209 1697 2257 maj0r
1728 2210 1902 2247 semicir-

108 2268 196 2307 culo
227 2280 298 2307 seu
327 2271 473 2320 minor,
516 2270 730 2319 comparari
767 2271 852 2306 toti
914 2269 1054 2306 Dicam
1095 2265 1257 2304 clarius·
1290 2270 1536 2314 quotcunque
1574 2266 1699 2305 modls
1738 2266 1902 2306 circulus

109 2326 295 2365 dividitur
327 2327 649 2375 demonstrative,
691 2338 823 2365 omnes
854 2326 913 2365 illi
944 2325 1048 2364 modi
1078 2328 1244 2374 possunt
1274 2324 1468 2361 transferri
1507 2325 1544 2361 in
1574 2324 1716 2363 lineam
1746 2329 1900 2376 rectam,

111 2385 185 2424 hoc
226 2393 285 2424 est
322 2385 505 2424 chordam
549 2386 714 2435 ejusque
754 2390 904 2435 partem
948 2394 1232 2433 quamcunque.
1295 2383 1348 2419 At
1384 2392 1463 2420 non
1502 2384 1557 2421 sic
1588 2383 1729 2422 divisio
1770 2383 1903 2428 circuli

109 2445 228 2482 totius
261 2443 586 2492 demonstrativa,
632 2444 740 2481 verbi
773 2454 891 2482 causa
921 2444 959 2480 111
991 2443 1065 2479 tria
1105 2446 1173 2478 aut
1202 2442 1242 2477 in
1273 2441 1465 2489 quinque,
1508 2446 1637 2490 potest
1667 2441 1754 2480 ideo
1786 2443 1901 2480 etiam

111 2503 150 2539 in
179 2513 311 2540 arcum
350 2501 434 2551 ejus
468 2507 737 2551 quemcunque
776 2503 992 2548 transferri,
1031 2499 1135 2548 quod
1173 2500 1267 2536 satis
1307 2502 1365 2535 est
1396 2498 1699 2538 demonstratum
1739 2501 1777 2536 in
1809 2510 1903 2548 pro·
1939 2508 1942 2515 ·

110 2561 372 2610 positionibus
404 2560 549 2597 ultimis
580 2560 667 2597 libri
699 2561 823 2609 primi.
885 2560 1014 2598 Causa
1045 2562 1102 2596 est
1133 2558 1170 2593 in
1203 2556 1342 2604 figura:
1375 2562 1478 2594 recta
1502 2559 1602 2595 enim
1633 2563 1763 2596 manet
1783 2562 1899 2605 recta,

109 2621 192 2656 sive
235 2622 431 2656 truncetur
467 2620 549 2656 sive
589 2617 863 2668 prolongetur3
909 2624 949 2656 at
991 2614 1155 2654 circulus
1194 2619 1392 2651 truncatus
1434 2626 1511 2662 non
1553 2621 1683 2653 manet
1724 2615 1899 2653 circulus.

108 2677 235 2714 Datur
263 2678 381 2726 igitur
410 2677 530 2714 sectio
562 2676 860 2725 proportionalis
902 2677 1080 2714 binarum
1119 2683 1434 2721 quarumcunque
1474 2678 1682 2718 rectarum,
1721 2673 1833 2711 datur
1863 2676 1901 2711 et

111 2735 287 2772 binorum
320 2745 637 2784 quorumcunque
669 2732 910 2782 circulorum,
942 2732 1009 2771 sed
1040 2743 1116 2769 non
1140 2729 1252 2768 datur
1283 2731 1457 2768 binorum
1490 2742 1804 2781 quorumcunque
1836 2741 1899 2768 ar·
1942 2763 1944 2767 .
1981 2739 1994 2788 ⁴⁴

112 2803 224 2830 cuum
263 2793 377 2831 unius
419 2792 561 2831 circuli.
621 2791 732 2830 Haec
769 2793 825 2829 sic
867 2792 916 2829 ad
955 2789 1197 2841 propositum
1236 2789 1593 2830 accommodantur:
1636 2791 1668 2826 si
1706 2788 1899 2835 dividatur

112 2847 257 2888 chorda
286 2852 326 2888 in
356 2856 486 2901 partes
519 2855 618 2898 octo,
652 2846 842 2888 divisione
873 2861 926 2888 sc.
949 2848 1080 2887 circuli
1105 2847 1419 2893 demonstrativa,
1452 2859 1529 2885 una
1550 2851 1690 2885 octava
1713 2850 1900 2885 consonat

114 2919 199 2945 cum
231 2913 332 2955 tota,
375 2913 589 2948 consonant
621 2914 658 2946 et
687 2913 764 2947 tres
795 2912 970 2953 octavae,
1001 2911 1222 2956 propterea,
1263 2907 1369 2953 quia·
1385 2917 1462 2942 una
1493 2910 1634 2943 octava
1669 2904 1800 2943 circuli
1831 2904 1900 2942 de·-

113 2968 366 3005 monstrative
398 2966 563 3006 rescindi
593 2971 742 3016 potest,
773 2971 816 3005 ut
847 2971 886 3004 et
916 2973 993 3002 tres
1026 2969 1200 3002 octavae.
1263 2963 1405 3000 Eadem
1439 2963 1740 3001 demonstrativa
1772 2961 1902 3018 deterj

113 3025 272 3060 minatio
304 3030 362 3062 est
394 3028 510 3064 etiam
541 3026 640 3063 inter
671 3035 821 3072 causas,
866 3034 932 3061 cur
963 3022 1090 3060 octilis
1122 3026 1160 3060 et
1191 3022 1367 3058 trioctilis
1398 3022 1474 3058 sint
1495 3021 1682 3059 efficaces.
1744 3020 1796 3058 At
1825 3019 1900 3057 hoc

116 3085 174 3118 est
204 3080 428 3132 discrimen,
471 3083 574 3134 quod
606 3083 685 3123 illic
714 3082 884 3121 nondum
916 3085 976 3120 est
1006 3081 1216 3118 constituta
1246 3080 1366 3117 sectio
1397 3078 1636 3126 harmonica,
1678 3078 1752 3115 nisi
1783 3078 1898 3116 etiam
