1994 3276
881 82 1069 149 Apologia.
1784 101 1869 146 453

86 199 1053 277 Nondss'floesedixeraspymmidemmam,
1084 217 1739 270 utey’mmateriaeidentitatem
1771 233 1870 262 eon-

86 280 375 331 sideraremus3
414 286 455 320 at
492 281 576 331 jam
616 280 666 320 ad
703 284 870 318 mentem
909 290 1092 326 revocas,
1131 280 1360 330 pyramidis
1394 280 1699 319 mathematicae
1736 292 1875 320 omnes

79 336 220 389 par-tec
240 347 327 378 ‘esse
354 339 529 387 ejmdem
560 340 771 386 materiae,
800 348 1009 387 unamque
1037 339 1124 386 ejus
1148 343 1307 389 partem
1337 339 1620 389 homoyeueam
1650 350 1742 377 cum
1772 339 1871 388 alia,

83 395 251 447 ideoque
278 396 336 435 ad
360 397 564 436 meliorem
594 397 757 443 subjecti
784 396 1086 445 explicationem
1119 401 1155 434 te
1180 397 1317 447 fecisse
1342 402 1481 446 partes
1511 397 1709 447 aequales.

201 453 450 506 Pyramidem
478 461 585 493 tuam
615 455 707 492 dum
736 453 851 493 docoe
879 453 1128 504 physicarum
1159 455 1526 505 contemplationum
1558 466 1678 493 causa
1711 465 1871 506 expres-

86 523 195 559 sam,
235 524 282 551 ex
300 522 361 551 eo
391 512 509 560 dicis,
555 525 645 551 eam
674 514 802 562 mayis
831 523 908 550 esse
934 512 1170 561 formalem,
1210 524 1335 562 quam
1375 518 1424 551 ut
1455 513 1528 551 sub
1558 512 1874 552 carnida-atione

85 570 371 618 mathematica
399 570 679 620 cumprehendi
704 572 837 621 possit.
898 569 1065 608 Rursum
1095 569 1245 620 aliquid
1274 570 1458 620 proficio,
1504 570 1609 620 quod
1640 571 1743 610 enim
1772 569 1871 610 hac-

84 628 198 667 teuus
225 628 383 668 scholae
411 633 640 667 concretum
673 627 859 675 dixerunt,
891 633 933 666 tu
965 626 1139 679 appellas
1167 629 1352 679 formale.
1412 627 1527 668 Utere
1570 629 1735 667 vocibus
1762 629 1870 668 arbi-

61 690 187 725 trata
217 692 305 734 tuo,
348 687 440 725 mihi
472 687 687 725 formalitas
729 687 853 724 omnis
895 697 942 724 ex
972 687 1184 736 geometria
1222 691 1299 733 est,
1339 686 1477 726 saltem
1521 686 1701 734 mentali,
1745 688 1870 725 omnis

89 743 300 796 applicatio
327 746 498 795 partium
530 755 765 795 opemmque
793 748 956 783 naturae
986 743 1036 782 ad
1066 745 1267 784 materiam
1297 745 1426 794 adque
1445 745 1663 794 subjectum
1693 745 1867 783 refertur.

85 802 247 841 Iun-rim
275 804 497 841 meminisse
526 810 565 841 te
596 802 713 841 velim
741 801 928 852 postulati
957 804 1034 841 mei
1054 802 1206 853 analysi
1227 803 1470 853 praecedenti
1498 814 1593 842 sane
1614 813 1731 853 quam
1750 805 1868 854 aequi

86 860 203 899 illins.
264 860 367 899 Dum
398 862 499 900 enim
529 860 760 911 persuadere
790 862 862 907 vis,
892 862 936 898 in
965 861 1037 900 hoc
1058 862 1195 909 jacere
1222 873 1379 900 omnem
1415 863 1676 899 intentionem
1706 863 1870 911 sapien-

86 923 172 956 tum
203 918 442 958 harmoniae
469 920 779 970 proportionum
808 923 844 956 et
862 930 1162 967 mensurarum,
1193 924 1241 957 ut
1265 920 1536 969 intelliqamus
1552 921 1869 969 promessionem

83 978 244 1027 somnae
284 976 342 1015 ad
380 977 684 1026 depurationem
728 978 925 1015 materiae
953 982 1041 1021 eta,
1087 982 1206 1015 restat
1246 978 1364 1026 igitur
1403 977 1478 1015 hoe
1519 977 1591 1015 tibi
1634 975 1867 1026 addendum,

87 1035 191 1084 quod
227 1035 344 1073 etiam
380 1046 498 1085 supra
532 1034 728 1084 flagitavi,
769 1039 813 1073 ut
841 1034 983 1083 gradus
1024 1036 1304 1084 progressionis
1344 1034 1462 1084 hujus
1493 1036 1622 1076 certisx
1642 1036 1762 1086 signis
1796 1035 1868 1074 de-

86 1092 216 1138 finias,
260 1104 308 1131 ex
338 1094 479 1143 quibus
518 1092 798 1142 intelligamus,
840 1092 996 1142 quando
1027 1092 1231 1143 deputatio
1273 1094 1460 1144 propositi
1492 1094 1676 1144 temporis
1714 1092 1765 1131 ad
1796 1093 1868 1132 de-

84 1151 329 1200 parationem
359 1151 571 1202 plenariam
601 1162 687 1189 sese
717 1150 860 1189 habeat
892 1148 1020 1203 (verbi
1052 1152 1190 1200 causa)
1220 1156 1262 1189 ιιι
1294 1152 1318 1188 3
1350 1150 1400 1188 ad
1432 1152 1480 1198 4,
1523 1151 1679 1201 quaudo
1717 1150 1868 1190 scilicet

86 1210 205 1247 saciat
244 1209 558 1248 concordantiam
597 1221 667 1247 seu
705 1207 942 1247 harmoniam
973 1208 1232 1257 diatessaron3
1274 1221 1363 1247 nam
1395 1208 1469 1247 hoc
1508 1220 1555 1247 ex
1596 1208 1866 1260 pyramidibus

88 1266 165 1304 tuis
194 1276 315 1317 negas
345 1266 432 1306 elici
462 1266 613 1306 debere.
675 1266 772 1305 Mihi
803 1266 978 1316 quidem,
1021 1268 1054 1304 si
1085 1267 1224 1306 liberet
1252 1266 1452 1316 indulgere
1483 1266 1696 1318 analogiis,
1739 1269 1866 1306 omnis

86 1325 162 1362 ista
202 1324 439 1374 imperfectio
481 1325 763 1375 deputationis,
807 1335 1039 1375 quocunque
1078 1336 1237 1363 numero
1278 1336 1347 1363 seu
1389 1325 1613 1363 harmonico
1660 1337 1731 1364 seu
1772 1325 1865 1373 alio,

87 1393 320 1432 quacunque
348 1385 596 1434 proportione
626 1394 695 1421 seu
726 1383 870 1421 effabili
902 1395 971 1421 seu
1000 1383 1184 1421 ineffabili
1216 1387 1418 1430 contenta,
1457 1382 1724 1423 dissonantiae
1754 1385 1867 1421 simi-

85 1439 160 1478 lior
189 1439 402 1490 videretur,
442 1447 574 1479 contra
612 1442 738 1479 omnis
769 1441 989 1490 conjunctio
1027 1441 1172 1479 formae
1209 1452 1296 1479 cum
1327 1442 1490 1479 materia
1531 1443 1571 1479 in
1614 1453 1686 1480 suo
1722 1453 1866 1491 genere

37 1543 41 1545 p
87 1498 269 1548 perfecta.
328 1498 473 1537 Verum
503 1500 604 1536 enim
636 1509 727 1537 vero
758 1511 820 1537 me
850 1500 1060 1546 retraham,
1091 1510 1216 1548 neque
1247 1500 1349 1537 enim
1379 1499 1497 1549 hujus
1527 1504 1587 1538 est
1616 1499 1713 1547 loci,
1757 1504 1865 1538 tuam

0 1544 1 1547 ¹
58 1556 192 1595 ‘illam
221 1555 482 1596 Hermeticam
512 1556 796 1608 philosophiam
827 1558 1066 1607 penitissime
1094 1557 1158 1595 vel
1190 1556 1388 1596 addiscere
1418 1557 1481 1595 vei
1513 1563 1703 1596 excutere.

199 1613 272 1652 Ad
303 1615 544 1665 Analysin
574 1614 674 1654 XX.
735 1615 940 1664 Nunquam
981 1626 1088 1660 mea,
1133 1614 1322 1661 Roberte,
1361 1616 1500 1654 recitas
1540 1617 1623 1653 siue
1660 1616 1864 1664 auctario;

0 1703 2 1707 ,
54 1719 57 1722 ‚
86 1673 244 1710 omnino
273 1671 442 1711 liberalis
474 1684 528 1711 es.
587 1673 720 1722 Egone
749 1672 868 1710 falsas
897 1674 1151 1722 pronunciavi
1183 1674 1456 1711 consonantias
1478 1678 1566 1711 tuas
1586 1672 1865 1711 Hermeticas?

86 1730 207 1780 Atqui
236 1728 336 1769 adeo
366 1724 460 1767 nihil
492 1730 586 1767 mihi
629 1742 716 1768 cum
746 1731 793 1767 iis
823 1731 970 1779 negotii
1002 1730 1107 1768 volui
1140 1741 1247 1776 esse,
1289 1735 1332 1768 ut
1368 1729 1612 1769 distinctione
1655 1742 1725 1769 seu
1755 1742 1864 1769 com-

1 1831 4 1835 ,
84 1787 286 1838 paratione
317 1788 531 1827 clarissima
560 1789 773 1826 censuerim
809 1788 895 1826 illas
937 1800 960 1826 a
990 1790 1085 1827 meis
1120 1787 1434 1826 summovendas.
1494 1788 1582 1826 Non
1621 1788 1747 1827 refuto
1779 1788 1865 1827 Ro-

0 1841 12 1897 ἰν
86 1845 202 1883 berte
222 1850 311 1893 tna,
354 1846 422 1885 sed
454 1857 634 1895 comparo
664 1858 772 1891 mea,
804 1852 846 1884 ut
876 1847 973 1884 sciat
1003 1846 1140 1892 lector,
1182 1845 1275 1895 quid
1310 1857 1432 1895 penes
1462 1850 1500 1884 te
1541 1850 1724 1896 quaerat,
1769 1847 1864 1896 quid

0 1901 6 1912 '
85 1905 206 1954 penes
244 1914 320 1943 me.
380 1903 506 1952 Quam
548 1905 666 1952 igitur
700 1910 741 1942 tu
783 1904 846 1942 hic
885 1904 996 1942 affers
1038 1904 1337 1953 explicationem
1380 1903 1665 1942 harmoniarum
1706 1908 1861 1943 tuarum

85 1961 342 2011 physicarum,
374 1973 471 2011 quas
502 1969 544 1999 tu
575 1961 664 2000 laxo
694 1964 801 2000 vocis
832 1973 905 2000 usu
936 1962 1214 2012 complecteris,
1246 1973 1332 2000 eam
1360 1961 1569 2007 lectoribus
1600 1964 1677 2000 tuis
1707 1964 1861 2001 remitto

88 2019 404 2070 commendoque.
461 2019 602 2057 Mirum
632 2026 773 2066 tamen,
804 2031 871 2058 cur
900 2021 937 2056 in
969 2019 1044 2059 hoc
1073 2031 1160 2058 meo
1181 2024 1288 2058 textu
1319 2022 1570 2069 repugnantis
1601 2026 1639 2058 et
1658 2019 1870 2059 refutantis

88 2077 261 2115 oratione
300 2079 439 2125 utaris,
480 2089 567 2115 cum
604 2084 732 2116 tamen
762 2080 846 2128 ipse
876 2077 978 2116 idem
1017 2078 1064 2116 de
1104 2084 1142 2115 te
1182 2079 1266 2127 ipso
1310 2077 1417 2115 dieas
1448 2079 1576 2116 verbis
1615 2077 1731 2128 paulo
1762 2078 1862 2118 aliis.

92 2134 311 2173 Comama
338 2137 466 2185 inquis
494 2136 653 2185 formae
670 2142 720 2174 ‚et
747 2138 941 2174 materiae
970 2138 1213 2185 quantitates
1242 2135 1396 2173 easdem
1426 2147 1510 2174 non
1541 2135 1726 2182 admittit,
1758 2148 1863 2185 qua-

9 2190 13 2198 '
86 2196 200 2230 tenus
235 2193 372 2243 forma
414 2196 618 2232 communi
657 2196 893 2243 yeometriae
932 2206 1124 2231 mensura
1168 2205 1251 2232 non
1293 2198 1573 2239 mensuratur,
1623 2193 1691 2231 sed
1728 2193 1861 2241 ideali,

10 2244 16 2250 ’
85 2252 280 2299 quoniam
307 2251 444 2301 forma
480 2251 593 2288 lineis
621 2254 863 2301 qeometricis
899 2252 1061 2301 depinqi
1095 2263 1178 2289 non
1211 2256 1349 2299 potest.
1412 2251 1461 2288 Et
1490 2253 1618 2300 pergis
1658 2251 1860 2300 explicare,

88 2307 283 2356 quomodo
313 2309 458 2347 formae
488 2320 666 2347 mensura
696 2314 889 2359 competat
920 2315 957 2347 et
988 2308 1184 2358 quomodo
1209 2307 1511 2356 intelligendum,
1544 2308 1648 2358 quod
1678 2310 1862 2346 materiae

10 2384 25 2416 i.
84 2364 259 2404 diversas
288 2365 432 2405 formae
461 2368 659 2416 portiones
688 2369 886 2417 recipiant.
948 2366 1057 2415 Quae
1089 2367 1219 2404 omnia
1259 2368 1452 2416 pertinent
1483 2377 1552 2413 eo,
1591 2371 1634 2403 ut
1662 2365 1863 2416 intelliga—

11 2431 19 2465 ἰ
83 2432 187 2471 mus,
226 2429 262 2461 te
296 2436 382 2462 rem
419 2429 574 2463 tentare
612 2425 920 2462 diversissimam
958 2437 984 2462 a
1021 2426 1100 2462 mei
1138 2426 1268 2472 operis
1303 2425 1517 2473 proposito.
1576 2423 1677 2461 Nam
1707 2425 1780 2462 etsi
1817 2428 1859 2461 tu

87 2491 277 2529 provocas
320 2481 370 2520 ad
407 2481 535 2520 locum
577 2494 624 2520 ex
655 2494 740 2520 meo
779 2482 878 2520 libro
909 2482 981 2519 III.
1018 2493 1100 2531 cap.
1135 2482 1179 2528 4,
1219 2481 1283 2518 ubi
1323 2492 1383 2518 me
1420 2480 1494 2519 hoc
1525 2481 1650 2529 ipsum
1689 2482 1747 2519 ais
1786 2493 1860 2530 ag·-

18 2574 23 2582 2
85 2549 268 2587 noscere,
308 2546 349 2577 at
379 2541 476 2577 scire
507 2545 681 2588 poteras,
724 2539 791 2577 illa
834 2551 858 2578 a
886 2551 948 2578 me
978 2551 1025 2576 ex
1053 2538 1323 2589 Pythagoricis
1354 2549 1439 2576 esse
1469 2538 1590 2577 relata
1621 2536 1699 2577 κατ’
1733 2536 1890 2590 οἶρσιν,ι

64 2607 163 2633 χιιοιι
204 2601 248 2634 ιιι
276 2599 395 2636 θεσιτ.
453 2596 611 2635 Rectius
652 2598 700 2635 ad
743 2597 822 2635 alia
858 2596 946 2635 loca
986 2597 1073 2637 libri
1112 2597 1189 2634 mei
1219 2596 1287 2633 IV.
1321 2595 1555 2634 Harmoniae
1592 2607 1860 2646 provocasses.

16 2651 23 2699 >j
88 2652 188 2691 Nam
218 2654 272 2691 ibi
302 2666 401 2703 pene
432 2653 480 2691 ad
512 2655 672 2692 verbum
711 2660 836 2693 tecum
876 2656 1051 2693 invenies
1081 2654 1303 2704 loquentem
1343 2653 1389 2691 de
1420 2653 1516 2691 ideis
1547 2665 1672 2691 rerum
1701 2665 1862 2703 geome-

19 2756 21 2758 η
87 2711 266 2748 tricarum
302 2713 340 2748 in
372 2712 583 2748 animarum
612 2714 860 2760 penitissimis
890 2714 1080 2751 essentiis.
1140 2712 1225 2749 Non
1263 2716 1319 2749 est
1351 2717 1480 2748 tamen
1522 2722 1569 2748 ne
1600 2711 1662 2749 hic
1703 2711 1859 2761 quidem

90 2767 191 2806 idem
222 2768 335 2806 nobis
366 2769 543 2816 utrinque
574 2780 723 2807 sensus.
779 2769 876 2806 Mihi
910 2772 1010 2809 enim
1042 2769 1118 2807 duo
1152 2769 1323 2815 termini,
1353 2780 1446 2817 pure
1477 2768 1657 2806 mentalis
1687 2775 1860 2820 uterque,

29 2830 31 2833 ⁴
89 2825 296 2879 mentalem
327 2825 499 2874 effigiant
527 2825 779 2869 harmoniam,
810 2838 911 2875 quac
941 2829 991 2866 sit
1020 2827 1110 2865 idea
1129 2825 1363 2865 sensualium
1385 2827 1644 2874 terminorum,
1678 2826 1755 2865 duo
1784 2829 1861 2866 ite-

23 2882 46 2911 ἶ
88 2893 172 2920 rum
201 2884 353 2921 termini
391 2882 590 2921 sensuales
627 2885 890 2938 requiruntur,
932 2886 970 2922 in
1001 2886 1143 2935 quibus
1182 2883 1316 2921 eadem
1356 2884 1406 2919 sit
1437 2894 1618 2931 expressa
1652 2887 1860 2935 proportio,

91 2950 191 2989 quae
220 2940 363 2978 relucet
392 2941 431 2977 in
460 2945 614 2987 mente3
647 2946 687 2978 at
717 2940 786 2978 tibi
817 2941 960 2980 formae
990 2945 1096 2992 ipsae
1128 2942 1223 2978 fiunt
1253 2940 1349 2977 alter
1370 2941 1565 2987 terminus,
1596 2944 1759 2980 materia
1780 2949 1861 2982 ter-

16 2989 30 3055 'j'
91 2998 218 3035 minus
247 2997 430 3047 reliquus.
491 2997 577 3035 Hoc
607 3003 686 3045 est,
719 2997 822 3048 quod
852 2998 1041 3046 iudicavi,
1075 2999 1274 3036 discrimen
1306 3002 1519 3035 nostrarum
1553 3002 1858 3052 conceptionum,
