1988 3276
127 113 155 151 4
897 107 1121 145 Prooemium

126 240 265 267 munus
290 229 330 266 in
350 228 551 279 gymnasio
575 226 786 267 Graetiano
807 227 903 266 adiit
921 227 1113 278 Keplerus
1141 224 1310 281 (1594),
1341 231 1456 266 antea
1485 227 1705 266 universam
1734 230 1908 266 veterum

126 286 414 338 philosophiam
454 286 559 325 haud
599 290 702 325 certo
743 286 902 326 consilio
943 285 1184 337 complexus,
1226 285 1356 325 studia
1401 297 1472 324 sua
1513 284 1563 324 ad
1609 290 1754 325 certum
1794 283 1908 323 finem

128 345 275 384 direxit.
315 345 525 395 Regularia
543 344 791 395 Pythagorae
822 355 983 395 corpora
1013 344 1101 394 alia,
1133 355 1250 394 quam
1279 345 1329 383 ab
1360 344 1434 383 hoc
1463 344 1608 382 factum
1637 349 1729 392 erat,
1759 343 1908 382 ratione

127 415 214 442 cum
235 403 475 454 planetarum
495 403 662 442 motibus
683 404 914 454 conjungere
935 402 1126 452 studebat,
1147 402 1505 453 Pythagoraeorum
1526 401 1725 454 symbolos
1741 403 1908 440 retinens

127 473 335 512 eorumque
364 462 548 512 mysticos
578 473 756 500 numeros
786 461 890 500 haud
920 462 975 500 ita
1002 462 1114 512 parvi
1143 461 1326 521 pendens.
1390 460 1479 511 „Ad
1516 471 1760 500 numerorum
1798 471 1909 498 men-

127 532 268 569 suram,
298 522 436 570 inquit,
469 519 644 559 conditus
675 524 732 558 est
762 520 937 569 mundus,
970 531 1060 570 ergo
1091 519 1141 558 ad
1172 521 1429 569 quantitatum
1459 530 1698 569 mensuram,
1737 520 1777 556 in
1805 518 1910 556 linea

126 590 220 618 vero
250 579 379 617 nullus
411 585 468 617 est
497 590 677 617 numerus
707 589 778 616 nec
808 580 848 616 in
877 578 1088 628 superficie,
1119 577 1187 616 sed
1213 577 1380 616 infinitas
1402 599 1457 607 —
1477 578 1594 628 igitur
1613 578 1651 615 in
1673 577 1908 627 corporibus.

126 637 208 676 Nec
244 649 337 676 vero
377 639 562 687 superant
596 647 795 675 numerum
827 637 850 674 6
887 637 965 675 ista
1003 647 1179 687 corpora,
1222 636 1271 674 ad
1309 635 1441 674 mundi
1471 636 1793 675 constructionem
1819 645 1910 685 per—

127 696 307 750 tinentia,
353 695 500 734 scilicet
536 695 676 746 globus
716 696 798 734 sive
836 696 965 744 potius
1004 695 1246 745 sphaericum
1287 705 1521 743 concavum,
1567 699 1605 733 et
1637 694 1660 732 5
1697 692 1906 747 rectilinea.

127 753 380 804 Sphaericum
408 753 545 792 ultimo
567 754 675 792 coelo
702 752 871 802 debetur,
903 765 992 791 nam
1012 753 1155 803 duplex
1176 757 1234 791 est
1254 752 1430 802 mundus,
1461 752 1615 791 mobilis
1637 757 1675 791 et
1695 753 1910 802 quiescens,

128 812 194 851 ille
224 812 274 850 ad
303 813 510 862 imaginem
540 812 628 860 Dei,
660 817 849 861 quatenus
880 817 1000 860 creat,
1040 812 1103 850 hic
1133 810 1182 850 ad
1213 812 1420 861 imaginem
1452 812 1642 850 essentiae
1671 811 1841 849 Divinae
1870 810 1909 846 in

126 881 170 909 se
201 870 477 909 consideratae.
539 869 708 908 Curvum
738 870 835 918 Deo,
877 875 1024 908 rectum
1064 874 1258 909 creaturae
1298 874 1552 919 comparatur.
1612 869 1658 907 In
1697 869 1814 919 globo
1852 872 1912 906 est

127 924 298 967 trinitas:
330 929 582 979 sphaericum,
614 933 796 977 centrum,
828 929 1041 978 capacitas3
1073 930 1188 966 sicin
1207 927 1349 966 mundo
1372 929 1502 977 quieto
1522 927 1634 976 fixae,
1666 926 1746 976 Sol,
1777 925 1911 966 aethra

127 987 366 1027 intermedia.
411 986 581 1025 Mundus
611 986 765 1025 mobilis
796 998 843 1025 ex
872 986 1079 1026 rectilineis
1109 986 1341 1035 censendus3
1372 986 1524 1025 illorum
1553 991 1644 1024 sunt
1673 987 1842 1035 quinque
1873 989 1911 1023 et

127 1045 161 1083 si
191 1045 259 1085 illa
288 1057 358 1096 pro
389 1046 560 1084 terminis
589 1044 768 1084 habenda
798 1050 905 1094 sunt,
936 1056 1013 1083 non
1045 1049 1226 1095 poterunt
1254 1045 1382 1095 plures
1412 1056 1471 1084 res
1503 1044 1755 1095 distinguere,
1794 1054 1911 1093 quam

128 1115 212 1142 sex:
249 1116 316 1143 sex
346 1105 463 1154 igitur
491 1103 650 1142 mobilia
681 1102 812 1142 Solem
843 1104 1248 1142 circumambeuritia.“
1315 1103 1427 1141 Hanc
1458 1105 1686 1142 sententiam
1716 1100 1910 1152 quomodo

126 1161 320 1212 Keplerus
358 1162 625 1212 explicaverit,
668 1161 860 1211 quomodo
898 1164 1066 1211 quinque
1104 1161 1296 1211 regularia
1335 1172 1495 1211 corpora
1535 1162 1573 1198 in
1609 1161 1788 1211 planetas
1828 1165 1911 1198 tum

128 1222 305 1270 cognitos
336 1220 526 1268 diviserit,
566 1225 770 1259 retractare
800 1219 969 1258 alienum
1000 1231 1084 1259 esse
1114 1220 1164 1258 ab
1194 1219 1269 1258 hoc
1297 1219 1384 1259 loco
1415 1219 1577 1259 videtur.
1650 1218 1793 1258 Videre
1821 1218 1912 1256 licet

127 1278 175 1317 de
194 1278 253 1316 his
274 1280 495 1329 primarium
515 1278 675 1328 Kepleri
695 1290 803 1328 opus,
835 1277 1162 1327 Prodromum,
1194 1279 1316 1328 primo
1339 1278 1534 1317 volumine
1564 1277 1680 1327 huJus
1711 1277 1910 1325 editionis;

125 1337 238 1375 nobis
279 1339 373 1376 satis
412 1338 538 1375 visum
576 1336 806 1385 intendisse,
851 1336 1044 1386 quomodo
1077 1336 1269 1387 Keplerus
1299 1338 1475 1375 notiones
1511 1337 1609 1375 inter
1642 1335 1913 1386 philosophica

125 1394 255 1434 studia
275 1395 477 1445 Tubingae
509 1394 556 1433 de
575 1394 846 1449 Pythagoricis
876 1394 1070 1446 mysteriis
1101 1400 1308 1444 conceptas
1338 1397 1377 1432 in
1407 1406 1519 1433 usum
1548 1406 1662 1432 suum
1693 1394 1910 1440 contulerit,

126 1459 169 1492 ut
199 1455 331 1492 statim
361 1459 665 1492 astronomorum
696 1454 943 1502 omniumque
973 1453 1172 1492 hominum
1200 1453 1321 1492 literis
1352 1452 1587 1492 eruditorum
1617 1454 1766 1491 animos
1795 1453 1833 1490 in
1869 1463 1910 1490 se

111 1516 381 1550 converteret.
439 1511 619 1550 Proxime
661 1516 790 1550 autem
830 1510 904 1549 hoc
942 1511 1075 1551 libello
1113 1512 1258 1550 factum
1299 1516 1373 1560 est,
1420 1516 1465 1550 ut
1500 1516 1806 1550 astronomorum
1841 1509 1909 1548 illo

125 1575 297 1620 tempore
329 1569 594 1618 celeberrimo,
639 1569 815 1620 Tychoni
844 1569 984 1618 Brahe,
1022 1571 1295 1618 innotesceret,
1336 1571 1403 1620 qui
1444 1581 1532 1608 eum
1569 1570 1677 1609 brevi
1716 1574 1825 1620 post,
1869 1572 1912 1606 ut

121 1629 278 1678 juvenis
322 1629 479 1678 ingenio
520 1629 559 1665 in
605 1639 715 1666 suam
759 1640 839 1667 rem
878 1629 1118 1676 abuteretur,
1163 1628 1331 1678 Pragam
1374 1629 1586 1667 arcessivit.
1654 1627 1704 1666 Et
1745 1628 1910 1678 primum

126 1685 280 1736 quidem
307 1686 443 1737 Tycho
474 1685 645 1736 collegae
671 1686 808 1736 juveni
838 1687 1049 1734 mandavit,
1081 1692 1125 1725 ut
1154 1689 1280 1736 ipsum
1309 1685 1443 1725 libello
1473 1685 1748 1725 conscribendo
1778 1689 1910 1724 contra

125 1744 349 1783 Raimarum
378 1743 519 1783 Ursum
549 1744 780 1784 defenderet.
847 1744 968 1785 Ursus
998 1746 1100 1784 enim
1130 1757 1218 1784 cum
1247 1744 1325 1784 alia
1345 1737 1530 1796 'Tychoni
1562 1745 1709 1783 crimini
1740 1743 1909 1792 dederat,

126 1807 208 1841 tum
243 1815 366 1849 rerum
408 1804 669 1842 universitatis
709 1803 916 1852 rationem,
957 1803 1134 1854 Tychoni
1169 1803 1391 1853 probatam,
1428 1814 1506 1841 non
1536 1814 1621 1842 esse
1650 1814 1810 1851 novam,
1842 1800 1910 1840 sed

128 1859 286 1900 Graecis
316 1862 512 1900 veteribus
543 1861 673 1899 deberi
704 1862 936 1910 auctoribus,
968 1866 1195 1900 asseruerat.
1227 1861 1413 1911 Idemque
1434 1859 1555 1900 Ursus
1586 1872 1690 1900 nova
1721 1859 1911 1910 quaedam

129 1918 177 1957 de
207 1920 474 1957 astronomicis
503 1919 783 1969 hypothesibus
813 1920 1007 1969 professus
1038 1924 1131 1968 erat,
1163 1931 1260 1968 quas
1290 1919 1383 1958 dicit
1413 1919 1592 1967 „fictitias
1624 1919 1910 1969 suppositiones

127 1978 358 2026 minimeque
377 1988 488 2015 veras
509 1989 578 2015 seu
599 1977 911 2027 substantiales“,
935 1977 1151 2026 cujusmodi
1171 1978 1406 2028 hypotheses
1426 1977 1739 2026 „concentricas“
1757 1975 1911 2015 Eudoxi

128 2040 166 2073 et
200 2035 485 2085 „excentricas“
519 2035 875 2085 Pythagoraeorum
911 2041 1067 2074 auctore
1097 2035 1305 2074 Aristotele
1335 2036 1622 2084 nominaverat,
1662 2046 1833 2085 suaeque
1864 2034 1911 2073 de

127 2093 406 2144 hypothesibus
449 2094 663 2132 sententiae
702 2096 1043 2133 astronomicarum
1085 2093 1360 2144 hypothesium
1398 2094 1615 2142 historiam,
1659 2105 1752 2132 vera
1771 2145 1773 2147 Ι
1791 2093 1909 2142 falsis,

129 2158 231 2190 certa
251 2151 438 2190 sabulosis
457 2151 563 2189 nullo
580 2151 727 2201 judicio
750 2154 1012 2200 commiscens,
1044 2157 1291 2191 annexuerat.
1343 2152 1485 2191 Contra
1504 2151 1612 2190 illam
1639 2151 1911 2202 hypothesium

130 2209 407 2257 definitionem,
461 2214 594 2248 contra
640 2209 838 2249 historiam
884 2213 940 2250 ita
987 2215 1203 2260 corruptam
1247 2211 1327 2260 jam
1371 2209 1562 2260 Keplerus
1607 2209 1735 2260 prodit
1776 2209 1910 2248 libello

129 2267 314 2306 adversus
345 2265 484 2306 Ursum
518 2269 751 2318 conscripto,
784 2268 889 2318 quod
918 2273 961 2307 ut
989 2268 1149 2316 faceret,
1191 2269 1321 2306 studia
1350 2269 1560 2307 novissimo
1590 2274 1761 2318 tempore
1791 2269 1910 2306 inter-

129 2327 247 2363 missa
276 2326 444 2375 recipere
476 2331 635 2365 coactus
667 2331 747 2365 erat
779 2328 857 2369 (cfr.
881 2329 908 2364 I.
936 2329 1003 2365 249
1019 2328 1097 2374 ss.].
1158 2325 1267 2375 Quae
1291 2326 1381 2364 dum
1411 2328 1565 2377 repetit,
1597 2328 1755 2376 propius
1783 2337 1912 2365 rursus

130 2383 180 2423 ad
211 2395 298 2421 eum
328 2383 516 2421 accedunt
545 2384 808 2434 Pythagorica
837 2385 1026 2434 symbola,
1059 2386 1218 2433 numeri,
1249 2384 1393 2434 figurae
1425 2390 1463 2424 et
1491 2384 1713 2423 harmoniae
1746 2386 1910 2423 arctius-

110 2443 206 2491 *que
236 2453 277 2479 se
310 2442 545 2490 conjungunt
576 2454 663 2481 cum
693 2444 759 2491 iis,
793 2454 891 2491 quae
923 2442 970 2481 de
1001 2454 1114 2490 nexu,
1145 2454 1316 2492 numer0,
1347 2442 1638 2495 magnitudine,
1662 2442 1843 2482 distantia
1873 2447 1911 2481 et

129 2504 237 2538 motu
266 2499 506 2549 planetarum
536 2509 663 2539 mente
695 2506 924 2550 conceperat
954 2505 992 2540 et
1022 2512 1121 2551 quae
1142 2500 1297 2550 quidem
1326 2506 1452 2540 mente
1484 2505 1669 2552 concepta
1697 2502 1802 2551 prius
1827 2500 1910 2549 jam

128 2558 448 2608 pronunciaturus
479 2558 603 2597 fuerat
633 2558 917 2597 conscribendis
946 2559 1122 2609 pluribus
1151 2558 1305 2608 libellis,
1338 2571 1435 2609 quos
1457 2559 1578 2599 literis
1599 2559 1649 2600 ad
1669 2558 1909 2598 Herwartum

131 2616 230 2655 datis
262 2620 459 2654 enumerat
489 2617 569 2663 (cfr.
594 2618 622 2652 I.
648 2619 718 2660 62).

258 2673 444 2725 Tychone
474 2677 624 2712 mortuo
656 2670 812 2726 (1601)
843 2677 1087 2712 astronomus
1119 2674 1373 2714 Caesarianus
1404 2680 1566 2725 creatus,
1598 2686 1684 2714 cum
1714 2673 1910 2725 Tychonis

131 2742 248 2780 opera
276 2731 409 2770 relicta
439 2743 590 2770 cernere
622 2736 660 2769 et
690 2731 801 2770 edere
827 2732 960 2780 jussus
991 2737 1104 2781 esset,
1135 2732 1286 2783 Pragae
1318 2733 1460 2784 degens
1490 2732 1696 2784 impeditus
1726 2737 1795 2780 est,
1833 2744 1910 2786 quo

133 2790 258 2827 minus
288 2790 542 2839 propositum,
575 2789 679 2838 quod
710 2789 886 2837 diximus,
917 2790 1125 2839 perficeret.
1178 2791 1231 2829 At
1262 2791 1353 2829 dum
1382 2804 1442 2831 res
1472 2804 1496 2830 a
1524 2792 1721 2842 proposito
1751 2790 1909 2840 alienas,

131 2846 327 2895 Rudolphi
356 2848 601 2897 Imperatoris
633 2852 671 2886 et
702 2847 915 2886 aulicorum
945 2859 1075 2886 amore
1106 2853 1144 2888 et
1173 2850 1443 2898 superstitione
1474 2850 1664 2897 obtrusas,
1695 2849 1786 2899 agit,
1818 2848 1909 2887 dum

130 2904 275 2953 maiore
313 2906 351 2943 in
393 2906 474 2945 dies
510 2905 694 2955 astrologi
729 2906 885 2944 nomine
923 2906 1180 2945 inclarescens
1211 2907 1258 2946 de
1289 2907 1479 2947 sideribus
1508 2905 1701 2946 nataliciis
1731 2911 1770 2945 et
1798 2908 1909 2957 geni-

131 2963 227 3000 turis
255 2964 294 2999 in
325 2964 525 3002 consilium
554 2968 715 3002 vocatur
753 2968 792 3002 et
829 2974 953 3002 rerum
989 2965 1120 3014 inopia
1157 2965 1444 3006 consulentibus
1479 2964 1710 3016 respondere
1748 2966 1907 3014 cogitur,

131 3019 214 3059 fieri
242 3031 319 3059 non
349 3023 487 3071 potuit,
524 3023 618 3072 quin
648 3021 704 3059 illi
733 3021 794 3060 his
825 3021 940 3060 rebus
972 3027 1160 3072 occupato
1197 3026 1316 3074 notio,
1356 3036 1472 3074 quam
1510 3023 1557 3063 de
1596 3023 1909 3079 propprtionibus

131 3077 364 3118 harmonicis
394 3090 480 3118 cum
509 3079 732 3120 coelestium
769 3090 970 3130 corporum
1006 3085 1114 3121 motu
1153 3082 1431 3134 conjungendis
1467 3086 1710 3132 conceperat,
1750 3082 1908 3132 propius
