1994 3276
117 68 200 109 402
262 60 283 90 ⁸
798 64 1000 108 Ptolemaei.
1019 66 1230 109 Harmonia-⁷

118 183 234 234 triplo
276 182 437 224 celerior
474 182 519 226 fit
559 194 677 232 quam
707 184 899 230 interdum
928 185 1105 237 Jupiter,
1149 187 1259 236 paria
1298 186 1416 235 igitur
1455 185 1602 226 faciunt
1640 184 1682 227 hi
1712 184 1790 230 duo
1828 196 1915 229 cum

119 242 308 293 diapason
339 241 599 292 epidiapente.
659 242 728 281 Sol
759 254 846 288 curn
875 243 1001 286 Marte
1039 250 1169 295 potest
1197 243 1493 293 sesquialteram
1531 244 1658 285 facere
1696 245 1918 295 proportio-

119 311 220 348 nem,
251 305 381 350 potest
413 304 451 337 et
480 296 766 349 sesquitertiam
807 307 846 346 et
875 305 1187 353 sesquiquartam
1226 310 1263 340 et
1294 303 1624 352 sesquiquintam3
1665 301 1800 345 Venus
1815 306 1918 341 ‘cum
1949 312 1954 317 ·

119 357 212 401 Sole
242 359 576 409 sesquiquartam,
615 370 704 398 cum
733 359 927 403 Mercurio
955 361 1163 411 plerasque
1194 363 1408 410 positarum
1439 360 1588 402 efficere
1616 365 1771 411 potest5
1810 359 1917 400 Mer-

120 418 250 457 curius
281 428 368 456 cum
399 415 512 457 Luna
541 418 761 468 sextuplam
802 424 841 465 et
870 431 994 469 usque
1025 420 1076 462 ad
1105 418 1354 469 noncuplam.
1391 418 1514 460 -Cum
1547 420 1665 469 igitur
1694 420 1917 470 proportio—

118 487 190 514 nes
220 475 411 525 plurimae
440 476 684 525 reperiantur
715 477 874 518 eaedem
905 479 943 516 in
975 478 1139 519 diversis
1172 479 1285 528 bigis,
1317 488 1408 527 ergo
1439 478 1585 528 ubique
1615 472 1693 518 sere
1714 482 1918 519 occurrunt

119 533 236 583 bigae
277 538 455 572 motuum
501 535 785 585 comparabiles
831 547 919 575 cum
949 536 1037 574 aliis
1083 542 1122 574 et
1152 535 1239 574 aliis
1273 537 1536 578 consonantiis
1577 535 1919 585 damnamusque,

118 591 238 641 fitque
283 592 382 632 haec
414 594 714 643 comparationis
754 605 844 643 pars
880 594 1161 644 propemodum
1189 594 1394 643 generalis.
1453 593 1560 633 Inter
1589 593 1661 633 lias
1702 604 1795 632 vero
1826 604 1919 645 pro-

119 651 320 701 portiones
358 651 567 701 praecipue
597 652 711 690 nobis
745 654 905 695 veniunt
945 652 1139 694 notandae
1172 652 1282 700 illae,
1327 651 1426 702 quas
1457 652 1621 702 quilibet
1658 663 1808 699 eorum,
1851 653 1940 702 qui-

120 708 339 759 epicyclum
370 708 526 756 habent,
561 721 647 749 cum
678 709 933 751 luminaribus
964 711 1131 758 faciunt,
1173 710 1348 762 epicyclo
1381 710 1556 760 ejusdem
1585 709 1818 754 conditionis
1850 721 1918 754 ca·
1957 735 1960 737 -

123 767 299 806 rentibus
314 763 423 820 ΧΨ).
485 767 627 806 Diviso
659 769 776 818 igitur
805 775 912 807 motu
943 771 1082 808 minori
1112 768 1311 810 luminaris
1342 781 1410 819 per
1439 769 1625 818 'maiorem
1655 774 1803 811 motum
1832 767 1921 818 pla-

120 831 235 864 netae
265 826 509 875 superiorum
539 828 666 874 unius,
701 832 739 865 et
771 828 942 867 vicissim
971 828 1110 877 majori
1141 827 1246 867 illius
1275 839 1344 877 per
1365 829 1550 878 minorem
1568 826 1696 877 hujus,
1726 826 1919 876 prodeunt

123 888 296 925 extrema
325 885 638 934 proportionum,
679 897 780 935 quae
812 887 1034 934 contingere
1073 891 1246 935 possunt.
1308 885 1370 924 lta
1407 886 1430 928 8
1463 885 1621 925 Saturni
1660 887 1698 926 in
1732 886 1782 923 57
1817 884 1920 924 Solis

121 942 314 983 habentur
345 943 507 992 septies,
550 949 590 981 et
623 945 643 982 7
679 943 834 984 Saturni
873 946 911 981 in
945 946 995 984 61
1029 943 1132 985 Solis
1174 943 1292 994 paulo
1334 945 1460 982 minus
1498 945 1654 991 novies,
1696 945 1918 992 contingere

127 1001 244 1051 igitur
274 1002 417 1051 poterit
447 1006 486 1039 et
516 1001 674 1052 octupla
703 1002 942 1042 intermedia.
1003 1003 1068 1042 Sic
1098 1002 1255 1045 Saturni
1296 1014 1382 1041 cum
1413 1001 1526 1040 Luna
1553 1003 1820 1053 proportiones
1850 1013 1920 1040 ex-

124 1063 271 1099 tremae
311 1064 402 1097 sunt
437 1061 454 1096 1
480 1071 489 1096 :
517 1060 595 1098 129
628 1065 667 1098 et
701 1062 720 1098 1
744 1073 754 1098 :
778 1061 854 1109 833
897 1060 1013 1101 Jovis
1053 1072 1146 1099 vero
1185 1072 1272 1101 cum
1303 1060 1394 1100 Sole
1417 1063 1448 1108 ¹l
1473 1074 1483 1099 :
1508 1062 1532 1099 5
1564 1065 1603 1102 ct
1637 1062 1655 1098 1
1679 1072 1689 1099 :
1712 1061 1760 1106 3,
1802 1071 1920 1109 quare

119 1122 159 1157 et
195 1120 213 1156 l
241 1130 250 1154 :
274 1118 323 1165 4,
370 1128 458 1156 cum
489 1117 602 1156 Luna
638 1120 766 1157 1:70
798 1124 836 1158 et
871 1121 890 1156 1
915 1132 925 1157 z
950 1121 1025 1167 36,
1057 1131 1178 1169 quare
1200 1121 1316 1160 etiam
1348 1119 1580 1159 intercidens
1612 1121 1632 1156 >l
1658 1131 1668 1156 :
1692 1119 1770 1168 643
1813 1117 1921 1158 Mar-

123 1176 175 1213 tis
206 1175 373 1225 denique
403 1187 490 1214 cum
521 1175 614 1214 Sole
644 1179 915 1226 suprapositae
946 1184 1047 1226 sunt,
1079 1189 1242 1227 quarum
1265 1182 1458 1219 extremae
1476 1181 1566 1219 sunt
1588 1177 1611 1214 5
1633 1189 1643 1214 ε
1667 1181 1703 1226 6,
1735 1182 1774 1215 et
1793 1178 1920 1218 minus

124 1246 242 1284 quam
279 1236 297 1272 1
323 1246 332 1271 :
356 1236 393 1281 2,
428 1246 514 1272 cum
545 1233 658 1272 Luna
686 1242 776 1273 sunt
812 1238 830 1273 1
854 1248 862 1272 :
890 1237 939 1274 13
973 1242 1011 1274 et
1045 1239 1064 1274 1
1089 1249 1099 1273 :
1124 1238 1200 1283 23,
1234 1248 1352 1285 quare
1383 1240 1422 1274 et
1452 1234 1683 1276 intercidens
1718 1237 1737 1274 1
1762 1247 1772 1272 ε
1800 1235 1850 1276 16
1883 1239 1922 1272 et

124 1297 290 1332 ceterae.
352 1291 417 1330 Sic
448 1304 495 1331 ex
526 1293 770 1332 inferioribus
804 1293 929 1333 diviso
960 1294 1100 1343 majori
1130 1299 1238 1332 motu
1268 1293 1471 1344 planetae,
1502 1299 1546 1331 ut
1579 1294 1630 1332 76
1659 1293 1824 1333 Veneris
1853 1303 1922 1342 per

122 1351 309 1393 minorem
341 1349 445 1389 Solis
480 1351 551 1399 57,
594 1357 632 1389 et
661 1353 800 1393 minori
832 1351 936 1390 illius
971 1354 1022 1391 73
1055 1364 1120 1402 per
1153 1353 1338 1402 majorem
1369 1352 1484 1406 hujus
1519 1353 1591 1403 61,
1629 1351 1822 1402 prodeunt
1851 1363 1921 1389 ex-

123 1414 272 1449 tremae
313 1410 339 1446 4
363 1421 372 1446 :
396 1410 419 1447 3
459 1414 498 1447 et
539 1410 595 1448 6:
621 1411 644 1447 5
675 1410 767 1448 fere.
829 1410 926 1451 Cum
958 1410 1070 1451 Luna
1116 1423 1207 1450 vero
1249 1421 1432 1461 processu
1472 1408 1659 1452 utendum
1691 1415 1751 1450 est
1788 1410 1920 1459 priori,

124 1468 365 1517 veniuntque
401 1469 419 1504 1
444 1479 454 1504 z
481 1469 530 1504 12
564 1473 602 1505 et
638 1470 689 1506 1:
715 1469 738 1506 9
770 1467 861 1506 fere.
923 1469 973 1506 Et
1003 1469 1185 1507 Mercurii
1223 1480 1310 1508 cum
1342 1468 1433 1507 Sole
1464 1474 1660 1507 extremae
1692 1473 1784 1508 sunt
1815 1468 1871 1505 3:
1896 1467 1919 1504 2

125 1530 165 1566 et
195 1527 252 1564 2:
278 1528 297 1563 l
331 1526 499 1574 circiter3
544 1537 631 1564 cum
661 1525 775 1566 Luna
810 1529 829 1564 1
852 1539 862 1564 :
889 1528 940 1565 10
973 1532 1012 1566 et
1045 1530 1065 1565 1
1090 1540 1098 1564 :
1125 1529 1163 1566 5.
1222 1527 1272 1565 Et
1309 1532 1459 1565 tantum
1501 1526 1549 1566 de
1579 1527 1711 1577 positu
1741 1526 1922 1578 planeta-

126 1595 209 1623 rum
241 1584 280 1621 iu
311 1582 476 1634 epicycli
508 1595 708 1636 apogaeo,
740 1597 827 1622 cum
859 1585 1013 1624 veloces
1044 1590 1084 1624 et
1115 1585 1249 1625 directi
1279 1592 1370 1624 sunt
1383 1583 1480 1635 XIV).

239 1641 323 1679 Etsi
353 1653 446 1680 vero
478 1642 712 1681 exclusimus
743 1643 1002 1683 conditionem
1033 1643 1376 1694 retrogradationis
1407 1650 1445 1681 et
1475 1643 1654 1685 stationis
1685 1642 1924 1694 singulorum

126 1710 152 1740 a
183 1701 472 1750 comparatione
503 1711 588 1738 cum
620 1706 831 1751 systemate
861 1702 1043 1752 perfecto,
1075 1707 1194 1740 restat
1225 1708 1352 1742 tamen
1384 1701 1575 1750 generalis
1607 1703 1777 1745 omnium
1807 1701 1924 1750 quin-

131 1769 208 1808 que
250 1769 460 1809 responsus
499 1770 584 1798 cum
625 1760 880 1798 tetrachordis
920 1766 959 1798 et
995 1761 1098 1800 tonis
1129 1760 1386 1810 disjunctivis.
1448 1759 1602 1810 Quippe
1641 1758 1923 1808 retrogradatio
1965 1769 1969 1772 ·

131 1815 317 1857 coincidit
360 1828 446 1855 cum
476 1819 607 1867 positu
638 1816 855 1857 diametrali
894 1823 932 1856 et
971 1819 1009 1855 in
1042 1819 1288 1858 inferioribus
1329 1830 1415 1856 cum
1447 1818 1703 1859 occultatione
1745 1817 1925 1856 inferiori.
1965 1835 1969 1839 ·

132 1873 259 1913 Statio
293 1876 331 1911 in
364 1874 531 1913 Saturno
563 1874 719 1924 quidem
753 1887 840 1914 cum
871 1878 1002 1926 positu
1034 1878 1294 1926 tetragonico,
1327 1878 1373 1914 in.
1395 1876 1500 1915 Jove
1531 1887 1617 1914 cum
1648 1876 1854 1924 trigonico,
1887 1875 1925 1912 in

135 1931 264 1972 Marte
294 1931 474 1981 ulterius,
505 1934 678 1972 vicissim
708 1936 745 1971 in
778 1935 930 1973 Venere
962 1940 1000 1972 et
1029 1934 1220 1976 Mercurio
1254 1940 1363 1982 tunc,
1405 1934 1561 1984 quando
1590 1936 1717 1972 minus
1751 1933 1806 1971 90
1835 1943 1925 1983 par—

131 1991 236 2031 tibus
277 2002 302 2028 a
332 1989 423 2028 Sole
463 1987 627 2040 distant,
670 1997 713 2030 ut
751 1994 806 2030 ita
837 1993 1077 2041 relinquatur
1115 1993 1274 2031 directio
1313 2005 1384 2030 seu
1414 1994 1513 2033 situs
1553 1992 1593 2029 in
1624 2002 1801 2042 apogaeo
1840 1991 1926 2040 epi-

129 2047 242 2100 cych,
275 2048 561 2088 connectendus
593 2061 680 2088 cum
711 2051 1036 2089 occultationibus
1066 2051 1139 2089 sub
1170 2050 1273 2099 Sole,
1305 2051 1527 2090 inferiorum
1558 2050 1714 2099 quidem
1746 2049 1924 2099 superio-

132 2107 252 2147 ribus.
316 2106 491 2156 Cumque
523 2106 570 2145 de
602 2112 685 2146 tota
714 2110 953 2146 astronomia
982 2108 1080 2146 nihil
1109 2121 1233 2158 aeque
1263 2108 1435 2147 notabile
1457 2110 1518 2156 sit,
1555 2120 1671 2158 quam
1691 2108 1765 2148 hoc
1785 2109 1925 2157 ipsum,

135 2164 241 2215 quod
271 2164 454 2215 planetae
485 2165 584 2204 alias
614 2165 761 2204 directa
794 2168 857 2205 via
881 2166 1079 2214 incedant,
1111 2178 1215 2204 nunc
1243 2168 1468 2214 consistant,
1501 2178 1602 2205 nunc
1631 2174 1839 2207 retrorsum
1867 2164 1926 2204 se-

132 2228 284 2271 rantur,
326 2228 441 2272 prout
471 2223 540 2262 Sol
581 2224 631 2263 ab
674 2226 720 2262 iis
759 2227 958 2263 recesserit
987 2230 1056 2262 aut
1086 2225 1136 2262 ad
1167 2236 1234 2263 eos
1261 2226 1650 2274 appropinquaverit:
1692 2224 1766 2262 hoc
1795 2224 1921 2274 ipsum

134 2293 294 2332 quoque
322 2282 513 2320 musicum
546 2282 639 2331 quid
671 2294 806 2332 sapere
839 2283 936 2320 adeo
968 2282 1110 2320 insedit
1154 2283 1352 2321 hominum
1383 2283 1541 2331 animis,
1584 2287 1627 2322 ut
1657 2287 1808 2324 veteres
1836 2293 1925 2319 mu-

130 2341 236 2378 sicae
267 2351 361 2378 suae
392 2338 627 2378 dramaticae
658 2341 802 2380 formas
833 2340 1045 2379 secundum
1075 2340 1145 2378 has
1177 2340 1418 2391 planetarum
1441 2340 1673 2395 *affectiones
1693 2344 1924 2391 apparentes

56 2408 59 2412 ·
132 2398 210 2436 sint
241 2396 444 2447 dispertiti,
479 2398 583 2437 chori
615 2400 674 2436 sui
705 2400 837 2437 munia
866 2401 941 2437 tria
970 2403 1205 2437 statuentes:
1237 2398 1432 2448 stmphen,
1463 2395 1730 2449 antistrophe-in
1760 2404 1798 2436 et
1827 2408 1923 2448 epo*

133 2455 222 2494 don.
285 2454 395 2504 Quae
436 2458 700 2496 vetustissima
728 2459 895 2496 musices
935 2467 1021 2495 cum
1052 2457 1161 2495 coelo
1194 2457 1430 2506 comparatio
1468 2458 1540 2495 etsi
1580 2469 1648 2507 per
1677 2468 1719 2495 se
1758 2457 1923 2507 pertinet

133 2513 183 2553 ad
213 2514 414 2564 generales
440 2514 524 2563 jam
554 2517 799 2564 praemissas,
831 2515 950 2553 habet
980 2521 1108 2553 tamen
1146 2514 1221 2553 hoc
1250 2516 1348 2553 inter
1378 2515 1630 2564 particulares
1661 2515 1922 2564 comparatio-

133 2583 203 2610 nes
232 2571 496 2619 referendum,
539 2572 643 2621 quod
674 2578 717 2610 ut
746 2575 844 2610 inter
875 2572 1052 2623 planetas
1082 2571 1151 2610 Sol
1187 2577 1225 2610 et
1254 2572 1367 2610 Luna
1405 2572 1735 2622 retrogradatione
1772 2578 1810 2610 et
1839 2577 1923 2610 sta-

134 2631 239 2668 tione
271 2634 413 2677 carent,
445 2629 513 2668 Sol
542 2631 672 2679 potius
704 2637 773 2678 est,
807 2632 873 2680 qui
905 2630 1126 2668 affectiones
1158 2631 1197 2667 in
1228 2632 1363 2669 ceteris
1385 2630 1552 2679 planetis
1572 2630 1726 2668 luminis
1746 2630 1808 2668 sui
1828 2640 1920 2679 pro-

132 2689 351 2738 pinquitate
390 2687 455 2726 vel
483 2690 695 2726 remotione
726 2694 939 2738 temperat,
982 2689 1038 2726 sic
1069 2690 1185 2726 etiam
1223 2688 1339 2726 choro
1371 2688 1570 2731 Musarum
1612 2688 1766 2727 additus
1796 2688 1869 2726 fuit
1899 2699 1923 2725 a

134 2747 261 2795 poe‘tis
305 2745 495 2796 choragus
527 2743 692 2796 Apollo,
740 2751 778 2786 et
821 2746 980 2795 choragi
1020 2745 1188 2799 officium
1230 2751 1334 2795 erat,
1379 2751 1543 2785 stantem
1584 2748 1623 2784 in
1653 2746 1782 2787 medio
1813 2744 1920 2783 chori

133 2804 293 2842 nutibus
323 2815 438 2853 agere
469 2803 628 2843 chorum
658 2805 696 2842 in
728 2805 872 2844 orbem.
933 2803 1032 2842 Sunt
1062 2804 1227 2853 quidem,
1261 2806 1326 2854 qui
1346 2806 1402 2843 sic
1432 2804 1626 2854 explicant
1647 2809 1794 2842 motum
1814 2801 1921 2841 chori

137 2861 186 2898 ad
219 2861 372 2900 dextras
404 2867 554 2912 partes,
586 2874 664 2912 quo
695 2867 802 2901 motu
833 2861 989 2911 strophe
1022 2863 1249 2911 canebatur,
1289 2862 1614 2912 repraesentando
1651 2866 1758 2900 motu
1786 2858 1920 2898 mundi

137 2921 257 2956 totius
289 2920 338 2958 ab
370 2925 456 2958 ortu
486 2921 525 2956 in
557 2932 738 2959 occasum
768 2920 887 2958 fuisse
919 2919 1147 2967 ordinatum,
1179 2932 1224 2959 eo
1257 2920 1360 2970 quod
1381 2920 1586 2969 Homerus,
1619 2920 1728 2958 vultu
1759 2917 1808 2957 ad
1829 2928 1920 2967 sep-

134 2978 344 3015 tentriones
375 2989 509 3024 verso,
551 2978 704 3017 dextras
734 2979 891 3017 orientis
921 2982 1050 3027 partes
1080 2983 1254 3027 reputet,
1296 2978 1506 3028 occidentis
1537 2979 1732 3024 sinistras;
1772 2979 1919 3014 motum

136 3036 393 3086 contrarium,
433 3035 536 3075 unde
575 3048 665 3086 pars
702 3037 880 3080 carminis
921 3036 1159 3087 antistrophe
1200 3036 1465 3086 denominata,
1510 3036 1648 3075 referre
1676 3034 1919 3084 planetarum
