1994 3276
0 212 15 312 ξ

0 314 12 515 g

0 518 10 626 ῑῑ

517 45 521 48 ⁴
596 37 613 58 ἱ

805 78 917 117 Lib-r
937 78 1003 115 111.
1027 77 1147 124 caput
1168 77 1264 116 nv.
1448 123 1452 125 μ
1770 46 1776 50 ·
1831 82 1914 123 aa?

132 195 230 242 quod
258 205 374 242 uque
400 194 609 235 Haerebius
639 194 797 234 affirmat
825 194 938 240 (apud
969 194 1192 231 Macrobium
1224 195 1316 231 libro
1341 194 1388 232 11.
1418 195 1457 231 in
1491 195 1683 232 Somnium-
1711 194 1915 244 Scipionis),

132 256 215 297 sne
234 247 386 285 tandm
407 247 616 285 hasnoniae
640 246 806 291 coelestis
828 247 1084 292 accessionem
1106 247 1203 283 iuter
1225 247 1364 284 scilicet
1384 258 1555 284 numeros
1580 251 1610 294 1,
1634 248 1670 294 2,
1691 249 1727 285 4.
1774 247 1825 283 At
1848 246 1918 292 Py·

132 298 319 344 &monci
339 301 456 338 ceteri
476 300 668 346 repudiato
690 299 754 336 illo
777 299 904 336 ordine
924 298 1154 335 tradiderunt
1176 299 1338 336 ordinem
1362 300 1483 344 alium,
1507 311 1553 337 ex
1575 301 1679 347 prius
1701 299 1832 347 positis
1853 308 1919 345 po-

131 350 1315 414 sterion-,etmsacrorumsuorumnumerorumfamiliis1‚
1339 352 1373 398 2,
1397 353 1432 398 4,
1456 353 1597 397 8et1,
1620 353 1662 399 3,
1688 354 1723 399 9,
1747 353 1804 397 27,
1828 351 1919 388 invi-

131 412 284 448 csmque
302 403 453 440 intextis
474 405 528 442 sic
551 405 583 448 1,
608 404 642 450 2,
666 404 700 450 3,
722 405 756 449 4,
780 404 815 449 9,
837 403 872 449 8,
895 403 953 446 27,
978 403 1099 448 spatia
1119 403 1283 448 sphaeris
1299 405 1555 450 superioribus
1572 405 1831 451 propemodum
1854 404 1919 440 im-

131 464 257 493 mensa
284 455 535 494 attribuerunt.
582 457 639 492 Ita
668 431 767 502 a’pud
800 466 925 492 omnes
958 455 1042 492 illos
1074 455 1192 500 ipsum
1223 470 1259 491 ro
1294 457 1366 501 ὅτι,
1401 451 1490 493 ordo
1521 457 1661 494 scilicet
1683 457 1919 503 sphaerarum

132 506 316 545 involuto·
338 513 418 545 erat
439 519 568 554 magna
591 508 751 554 caligine.
799 507 1030 544 Ptolemaeus
1055 507 1198 552 quidem
1223 508 1401 553 ordinem,
1433 519 1540 554 quem
1569 509 1649 555 ipse
1679 513 1827 546 secutus
1850 513 1918 553 est,

133 559 173 596 in
194 559 313 607 Opere
335 562 469 607 unguo
492 561 738 608 comprobavit
761 561 982 607 argumentis
1006 566 1080 596 tam
1104 559 1257 606 levibus,
1282 566 1323 597 ut
1346 561 1451 597 facile
1474 566 1679 608 appareret,
1704 561 1773 597 etsi
1795 571 1919 597 verum

134 611 300 659 aedidit,
333 614 439 650 unico
471 619 592 650 tamen
625 613 871 659 experimento
895 612 1016 673 (quale
1047 617 1103 647 est
1139 610 1229 648 illud
1251 612 1299 649 de
1322 613 1480 660 Venere,
1515 625 1614 651 nunc
1634 612 1794 650 rotunda
1822 623 1920 650 nunc

132 665 364 712 corniculata)
386 667 550 712 potuisse
573 666 675 703 illum
699 665 744 702 de
767 665 838 701 bac
860 665 1029 710 opinione
1053 663 1171 709 dejici.

248 729 415 766 Secundo
447 729 670 775 Pythagoras
706 731 753 768 de
782 731 978 768 intervallis
1008 731 1045 767 et
1075 731 1207 777 topicis
1241 731 1476 778 sphaerarum
1509 737 1547 767 et
1574 731 1722 769 musicis
1757 734 1919 767 motuum

135 783 381 828 quaestionem
405 793 512 819 unam
534 781 637 828 fecit,
672 784 900 821 Ptolemaeus
925 784 1022 819 illam
1045 784 1083 820 in
1107 784 1217 830 duas,
1242 788 1283 820 ιιι
1306 794 1347 820 re
1368 794 1455 820 vera
1478 789 1579 829 sunt,
1605 783 1724 820 divisit
1750 787 1786 819 et
1809 778 1921 828 priori

134 835 181 871 de
203 835 366 881 sphaeris
390 840 499 881 eaput
524 836 579 872 14.
603 835 712 881 dedit,
747 837 940 882 posteriori
968 836 1013 871 de
1030 836 1187 872 motibus
1212 841 1321 882 eaput
1338 837 1395 873 15.
1442 835 1519 871 Nec
1535 835 1605 871 hoc
1620 835 1760 879 mirum,
1785 835 1920 882 quippe

133 898 224 934 cum,
249 888 347 934 quod
377 887 484 923 tertio
507 887 588 923 loco
612 888 828 932 notandum,
859 889 1100 935 Pythagoraei
1125 889 1280 934 primum
1303 894 1441 924 motum
1475 887 1768 932 considerarent,
1800 887 1919 923 Ptole·

128 950 257 986 ,mus
278 940 457 976 secundos
486 939 709 985 singulorum
738 941 914 986 proprios.
961 942 1051 977 Nam
1084 941 1163 986 ipse
1193 940 1237 976 de
1260 940 1377 987 primo
1401 945 1502 977 motu
1527 946 1651 986 egerat
1683 940 1801 986 capite
1825 941 1858 977 9.
1884 945 1920 975 et

132 994 175 1030 11
190 1021 199 1038 ,
230 997 402 1038 tanquam
425 991 471 1028 de
494 1002 557 1038 eo,
602 993 664 1037 qui
688 992 924 1028 communiter
947 993 1093 1029 adesset
1119 993 1290 1029 omnibus
1315 993 1489 1039 planetis3
1524 993 1644 1038 capite
1678 1002 1763 1028 vero
1791 994 1848 1037 14,
1880 998 1922 1030 ut

131 1054 243 1090 supra
264 1044 415 1089 dictum,
449 1055 554 1080 orsus
579 1050 657 1081 erat
685 1045 1008 1081 considerationem
1040 1045 1261 1090 singulorum
1285 1045 1514 1090 planetarum
1547 1050 1584 1080 et
1620 1044 1673 1080 sic
1697 1045 1806 1081 etiam
1836 1056 1919 1091 pro·

132 1095 293 1141 priorum
322 1101 496 1133 motuum.
548 1097 640 1133 Nam
670 1098 739 1132 etsi
774 1098 881 1133 etiam
913 1097 1139 1144 Pythagoras
1171 1097 1334 1142 singulos
1366 1098 1572 1134 considerat
1602 1098 1786 1143 planetas,
1822 1102 1921 1134 recte

132 1153 253 1184 nmen
276 1149 416 1184 censuit
437 1148 675 1190 Ptolemaeus.
700 1149 854 1194 primum
876 1155 1013 1185 motum
1036 1149 1109 1185 illis
1133 1149 1284 1194 singulis
1309 1150 1388 1186 loco
1413 1149 1543 1195 quietis
1567 1159 1667 1194 esse,
1692 1161 1772 1186 cum
1797 1160 1921 1186 omnes

133 1200 173 1237 in
194 1200 319 1237 eadem
341 1201 454 1237 veluti
476 1200 583 1236 domo
607 1200 756 1237 volubili
780 1200 975 1247 compacti,
1000 1202 1164 1238 attritum
1188 1203 1282 1238 aeris
1306 1202 1460 1248 nullum,
1491 1201 1736 1238 diversitatem
1759 1206 1920 1237 motuum

135 1253 272 1290 annun
296 1253 468 1298 sentiant,
504 1253 600 1298 quod
624 1253 719 1289 idem
751 1261 788 1290 et
812 1254 857 1290 de
881 1254 1035 1290 fixarum
1058 1254 1203 1291 circulis
1234 1255 1383 1300 diurnis,
1416 1255 1566 1302 infinita
1580 1251 1834 1300 magnitudinis
1859 1265 1918 1290 va·

88 1303 91 1306 “
130 1306 259 1342 rietate
275 1317 315 1343 se
337 1306 489 1342 invicem
505 1316 527 1341 a
543 1306 627 1351 polo
654 1307 701 1342 ad
715 1313 948 1352 aequatorem
970 1306 1285 1352 consequentibus,
1312 1306 1503 1343 dicendum
1519 1309 1587 1343 es't.
1633 1306 1782 1343 Rectius
1799 1307 1919 1344 adhuc

135 1363 231 1395 esset
253 1370 334 1395 cum
359 1359 555 1404 Cepernico
578 1359 873 1406 philosophatus,
911 1361 942 1396 si
967 1361 1173 1404 statuisset,
1207 1365 1343 1395 motum
1367 1361 1520 1406 primum
1545 1359 1646 1396 coelo
1677 1369 1717 1395 re
1740 1366 1831 1395 vera
1849 1370 1922 1396 non

133 1410 263 1452 inesse,
286 1411 351 1447 sed
374 1411 500 1446 saltem
524 1411 636 1447 videri
659 1411 796 1457 inesse,
821 1412 933 1449 Terra
955 1413 993 1449 in
1016 1414 1238 1449 contrarium
1261 1412 1383 1448 voluta
1414 1411 1510 1448 circa
1533 1422 1648 1448 axem.
1696 1411 1790 1447 Hinc
1814 1412 1923 1456 igitur

135 1464 284 1509 emergit
314 1468 352 1500 et
384 1463 454 1500 hoc
477 1469 643 1508 quartum
673 1463 884 1509 discrimen,
920 1465 1019 1510 quod
1042 1465 1268 1510 Pythagoras
1292 1465 1489 1510 superiora,
1515 1463 1745 1509 amplissimis
1774 1464 1922 1500 orbibus

86 1564 91 1567 Ι
133 1517 259 1564 citata,
295 1515 382 1553 facit
404 1517 627 1560 acutissima,
662 1516 782 1552 infima
807 1517 1034 1562 gravissima,
1065 1523 1101 1552 et
1125 1517 1274 1553 Terram
1298 1517 1402 1552 basin
1426 1515 1627 1561 gravissimi
1651 1515 1808 1552 omnium
1832 1516 1922 1562 soni,

89 1573 99 1579 ‘
136 1568 195 1604 cui
216 1573 338 1605 tamen
369 1569 504 1606 rectius
529 1569 710 1605 silentium
745 1579 881 1605 merum
914 1569 951 1604 in
976 1569 1044 1604 hac
1069 1569 1236 1614 analogia
1261 1573 1498 1614 competeret:
1532 1567 1761 1603 Ptolemaeus
1794 1578 1815 1604 e
1839 1578 1922 1604 con·

134 1621 246 1657 tran-io
274 1621 481 1658 acutissimo
513 1622 647 1658 sonitui
675 1626 861 1666 comparat
890 1621 1029 1656 Lunam
1058 1621 1237 1663 infimam,
1272 1622 1482 1666 gravissimo
1507 1621 1701 1656 Saturnum
1730 1621 1921 1667 extimum

136 1672 270 1710 Terrae
294 1679 332 1710 et
352 1674 435 1711 fixis
461 1685 570 1711 sonos
594 1675 653 1711 hic
676 1674 796 1722 nullos
828 1674 1006 1718 assignat,
1042 1678 1140 1709 tanto
1172 1684 1279 1717 quam
1302 1674 1525 1719 Pythagoras
1549 1673 1792 1718 verisimilior,
1827 1673 1924 1718 quod

134 1725 173 1760 in
196 1730 274 1760 tota
295 1736 416 1762 rerum
437 1731 565 1761 natura
588 1726 674 1761 moli
699 1737 889 1771 corporum
915 1731 952 1761 et
974 1725 1174 1770 prolixitati
1197 1726 1516 1762 instrumentorum
1541 1726 1742 1762 associatur
1763 1727 1922 1770 gravitas

115 1775 316 1814 'sonorum
362 1777 454 1813 Vide
485 1777 568 1813 libri
596 1779 666 1813 mei
690 1778 753 1813 111.
780 1789 859 1823 cap.
887 1780 920 1814 4.
968 1778 1027 1813 Ex
1050 1778 1121 1814 hoc
1152 1778 1275 1823 itaque
1299 1784 1468 1824 apparet,
1501 1785 1674 1824 quantum
1705 1779 1924 1814 aberraverit

134 1830 167 1866 is
188 1830 235 1866 ab
257 1829 397 1866 intento
422 1830 638 1875 Ptolemaei,
673 1831 734 1875 qui
767 1831 926 1867 lemmati
958 1831 1086 1876 capitis
1110 1831 1166 1868 16.
1199 1831 1453 1866 tractationem
1476 1831 1631 1876 subjecit
1654 1830 1920 1874 alienissimam,

137 1891 349 1927 comparans
373 1882 587 1926 Saturnum,
612 1888 653 1917 ut
676 1883 936 1929 Pythagoraei‚
962 1895 1044 1920 cum
1068 1894 1157 1919 sono
1181 1883 1408 1928 acutissimo,
1431 1883 1571 1919 Lunam
1595 1893 1677 1919 cum
1700 1883 1922 1929 gravissimo,

138 1940 175 1971 et
197 1934 341 1980 quidem
364 1935 401 1970 in
426 1935 497 1971 alia
521 1935 726 1980 systematis
750 1935 885 1982 forma,
908 1936 945 1971 in
970 1946 1042 1982 qua
1065 1935 1322 1972 tetrachordon
1347 1946 1601 1983 synemmenon
1631 1940 1688 1971 est
1708 1935 1789 1971 loco
1812 1941 1922 1972 tetra·

137 1987 263 2024 chordi
286 1987 578 2032 diezeugmenon.
625 1988 810 2033 Mirorque
836 1989 1002 2024 Barlaam
1026 1988 1258 2029 monachum.
1284 1990 1345 2034 qui
1370 1990 1467 2026 hunc
1490 1999 1646 2025 errorem
1670 1989 1823 2034 notavit,
1848 1999 1922 2024 non

137 2045 286 2075 notasse
310 2044 347 2075 et
369 2039 480 2084 illum,
505 2039 557 2074 uti
580 2049 648 2074 nec
671 2039 753 2083 hoc,
775 2041 872 2084 quod
894 2040 999 2076 fucus
1022 2041 1092 2076 iste
1116 2041 1291 2076 Venerem
1315 2053 1426 2087 supra
1450 2041 1570 2077 Solem
1594 2040 1735 2076 locavit.
1776 2040 1921 2089 Quinto,

132 2092 210 2138 jam
233 2102 318 2127 vero
342 2091 569 2127 Ptolemaeus
592 2090 629 2125 in
654 2090 723 2127 hoc
747 2092 937 2128 absurdior
960 2097 1017 2128 est
1038 2092 1255 2138 Pythagora,
1283 2094 1380 2138 quod
1397 2093 1570 2138 sphaeras
1583 2092 1718 2138 primas
1740 2092 1798 2127 vel
1814 2093 1921 2127 etiam

138 2154 288 2190 corpora
311 2144 495 2180 stellarum
527 2145 571 2179 iis
595 2149 697 2179 vecta
721 2143 773 2179 sic
798 2150 984 2190 comparat
1008 2145 1106 2180 sonis
1130 2145 1167 2180 in
1191 2150 1403 2190 systemate,
1437 2150 1478 2180 ut
1494 2144 1563 2183 ,illa
1593 2143 1817 2188 respectibus
1847 2155 1920 2179 mo-

139 2202 243 2234 tuum
267 2203 387 2233 exuat.
434 2197 696 2243 Longitudines
722 2197 817 2232 enim
842 2196 1112 2241 diametrorum,
1144 2207 1208 2232 seu
1241 2197 1338 2241 quod
1367 2197 1462 2232 idem
1486 2202 1543 2232 est
1570 2195 1825 2240 amplitudines
1856 2197 1921 2232 cir-

138 2249 308 2293 culorum,
333 2260 399 2294 per
422 2260 514 2294 quos
538 2255 625 2285 eunt
649 2249 790 2293 singuli,
816 2254 1001 2295 comparat
1023 2249 1308 2295 longitudinibus
1332 2249 1545 2285 chordarum
1563 2247 1766 2294 systematis
1790 2247 1828 2282 in
1852 2248 1922 2284 boc

141 2301 194 2338 14.
218 2301 348 2346 capite,
372 2306 508 2346 quanta
530 2312 615 2336 vero
639 2301 824 2336 celeritate
847 2302 1029 2337 vehantur
1054 2301 1186 2345 singuli
1210 2311 1276 2345 per
1299 2312 1384 2336 suos
1408 2301 1525 2344 orbes,
1549 2300 1588 2335 id
1612 2299 1732 2335 differt
1755 2299 1793 2334 in
1810 2306 1921 2344 eaput

138 2363 302 2398 sequens.
352 2353 390 2389 Si
414 2354 507 2389 enim
531 2353 681 2389 eandem
704 2354 925 2390 celeritatem
948 2354 1123 2390 tribueret
1148 2353 1324 2398 omnibus,
1348 2363 1457 2388 causa
1481 2352 1581 2387 nulla
1603 2356 1712 2396 esset,
1736 2352 1822 2396 quin
1839 2363 1921 2388 cum

138 2405 323 2440 Macrobio
354 2416 376 2441 a
398 2407 589 2451 periodicis
613 2407 836 2451 temporibus
869 2411 1181 2451 argumentaretur
1204 2406 1251 2441 ad
1276 2406 1399 2449 orbes,
1432 2409 1472 2438 ut
1496 2404 1580 2448 quia
1604 2403 1780 2438 Saturnus
1806 2404 1927 2448 triga:

141 2456 247 2501 euplo
271 2457 408 2492 tardior
431 2462 488 2493 est
510 2458 605 2502 Sole,
631 2458 786 2494 eundem
809 2460 917 2494 etiam
941 2459 1142 2503 trigecuplo
1168 2458 1331 2493 altiorem
1356 2457 1439 2492 Sole
1463 2456 1616 2500 faceret,
1640 2465 1685 2491 ne
1709 2465 1801 2501 opus
1825 2461 1922 2491 esset

139 2507 179 2543 in
197 2507 366 2546 lemmate
388 2510 516 2554 capitis
538 2512 803 2556 praescribere,
836 2522 875 2547 se
898 2511 988 2547 velle
1012 2511 1155 2547 demum
1179 2511 1313 2556 primos
1337 2519 1503 2545 numeros
1527 2508 1761 2553 investigare,
1790 2507 1920 2553 quibus

141 2560 407 2605 explicarentur
431 2562 665 2607 sphaerarum
688 2565 953 2609 proportiones.
999 2565 1126 2608 Itaque
1150 2563 1262 2608 vides,
1287 2574 1360 2599 non
1384 2562 1540 2597 alienum
1563 2561 1632 2596 hoc
1656 2571 1678 2595 a
1700 2566 1820 2596 mente
1836 2559 1921 2594 Pto-

140 2611 268 2649 lemaei
289 2614 413 2657 fuisse,
437 2626 459 2651 a
482 2626 538 2650 me
562 2617 802 2661 perscriptum
825 2618 863 2653 in
885 2617 1099 2653 tractatione
1117 2616 1245 2662 capitis
1262 2621 1299 2652 et
1319 2614 1537 2660 explicatum
1553 2612 1662 2657 paulo
1679 2612 1799 2657 prius:
1823 2611 1920 2657 quod

140 2664 327 2702 inferiores
351 2667 424 2703 siut
446 2677 487 2702 re
511 2677 595 2702 vera
618 2668 810 2705 celeriores
834 2669 1091 2715 superioribus,
1116 2679 1189 2704 non
1213 2674 1354 2704 tantum
1370 2667 1544 2703 brevitate
1559 2665 1708 2708 reditus„
1732 2664 1798 2700 sed
1813 2664 1922 2699 etiam

142 2717 263 2761 vigore
286 2719 498 2763 celeritatis,
531 2724 572 2754 ut
595 2720 668 2755 sint
697 2721 749 2756 ita
772 2721 911 2766 periodi
934 2721 1141 2756 inferiorum
1163 2720 1363 2764 breviores,
1402 2729 1509 2763 quam
1532 2728 1597 2762 pro
1630 2717 1772 2753 orbium
1794 2715 1922 2760 ampli-

143 2769 280 2806 tudine.
327 2770 475 2806 Sextum
509 2775 546 2805 et
570 2771 726 2815 speciale
758 2773 948 2810 discrimen
979 2774 1072 2809 inter
1103 2777 1299 2818 systemata
1322 2770 1551 2816 Pythagorae
1582 2774 1619 2804 et
1642 2767 1837 2804 Ptolemaei
1865 2774 1922 2805 est

143 2820 180 2856 in
212 2821 456 2867 amplitudine.
503 2823 728 2868 Pythagoras
760 2825 854 2859 enim
886 2835 1009 2861 omnes
1040 2826 1204 2870 planetas
1235 2829 1271 2860 et
1299 2824 1393 2858 fixas
1427 2821 1531 2856 unico
1565 2820 1740 2864 diapason
1770 2819 1922 2856 includit

99 2871 101 2873 ’
145 2875 342 2910 secundum
364 2875 538 2917 Plinium,
570 2876 631 2910 alii
653 2875 891 2921 Pythagoraei
914 2878 1010 2922 apud
1032 2877 1254 2913 Macrobium
1283 2876 1321 2911 id
1351 2873 1569 2918 ampliarunt
1600 2872 1646 2907 ad
1669 2872 1823 2908 tetrakis
1846 2871 1921 2907 dia-

145 2935 260 2970 pason
290 2927 527 2972 epidiapente.
573 2929 781 2964 Ptolemaeo
810 2930 963 2974 dispersi
991 2936 1076 2966 sunt
1105 2929 1271 2974 planetae
1302 2937 1368 2972 per
1391 2930 1549 2970 systema
1577 2923 1793 2970 perfectum,
1824 2923 1921 2969 quod

146 2977 415 3037 amplitudinem
444 2979 554 3015 habet
582 2980 833 3025 disdiapason.
871 2982 1042 3027 Septimo,
1075 2981 1318 3027 septenarium
1340 2978 1566 3024 planetarum
1598 2981 1749 3021 uterque
1781 2977 1923 3022 quaerit

147 3027 253 3064 esum
274 3030 312 3067 in
337 3041 402 3068 suo
426 3031 632 3078 archetypo,
655 3032 829 3078 religione
851 3034 1044 3079 praecipua
1066 3034 1282 3080 septenarii,
1307 3031 1386 3077 qui,
1410 3035 1451 3066 ut
1472 3028 1680 3066 Macrobius
1706 3039 1752 3065 ex
1775 3029 1919 3067 Somnio
