1988 3276
718 147 722 154 -
767 122 1063 177 ‘sonituum
1706 179 1709 183 ,
1763 140 1818 180 43

42 274 134 304 uem
160 267 336 303 motuum
364 260 614 314 sphaerarum
642 257 904 300 cumehordb
931 269 1002 298 seu
1029 258 1147 299 sonis.
1205 259 1291 298 Etsi
1318 259 1438 310 igitur
1465 257 1582 298 aliam
1612 268 1690 309 ego
1714 257 1822 297 viam

43 333 130 361 sum
153 323 353 373 W
388 322 430 358 in
467 331 556 360 mea
582 318 815 358 Harmonice
842 316 998 366 mundi,
1036 328 1155 369 quam
1182 317 1430 357 Ptolemaeus
1466 318 1508 356 in
1535 317 1599 357 his
1628 315 1822 367 capitibus

43 379 207 422 viduus
219 380 469 430 proposuisse
498 375 703 432 (sphaeras
744 377 846 416 enim
884 380 1021 426 utpote
1057 386 1219 426 corpora
1254 386 1332 414 non
1369 385 1551 426 comparo
1586 375 1715 424 sonis,
1755 375 1822 424 qui

44 442 148 478 unt
159 442 287 477 nouis
315 436 469 487 aliquis,
497 435 567 477 sed
594 434 748 474 illarum
776 435 1198 474 commensurationem
1207 433 1445 485 corporalem
1472 432 1635 473 ostendo
1665 432 1824 473 desum-

43 501 126 536 ιι-
153 506 239 536 oese
258 505 306 535 cx
334 494 592 546 quantitatum
619 492 690 532 illo
719 503 871 543 genere,
901 491 1005 542 quod
1024 492 1157 532 itidem
1179 503 1341 543 corpora
1370 491 1541 531 solemus
1560 491 1700 539 dicere,
1731 491 1824 541 quia

45 552 283 594 muitum
309 552 505 604 quandam
533 548 720 605 habent),
760 556 889 590 tamen
918 549 1055 589 videor
1082 550 1147 590 vel
1176 550 1227 589 ob
1255 551 1526 603 cognationem
1562 551 1686 600 ipsam
1715 560 1825 588 mea-

43 623 129 652 m
157 612 434 662 cogitationum
464 621 551 650 cum
578 609 827 649 Ptolemaicis
856 599 1079 659 coniectura
1117 607 1279 648 feliciori
1308 610 1365 647 uti
1393 618 1510 659 posse
1538 606 1588 647 de
1617 608 1686 656 iis,
1725 617 1825 658 quae

43 669 292 710 misma-s
324 668 388 708 his
415 669 539 708 tribus
566 667 759 718 capitibus
795 666 950 715 dixerit,
991 678 1108 717 quam
1148 668 1183 706 si
1219 668 1259 705 in
1290 665 1452 706 eandem
1480 666 1680 705 materiam
1722 676 1826 704 nun-

45 739 163 779 quam
189 726 410 767 incidissem
439 737 527 766 mea
554 731 705 776 sponte.
752 725 907 764 Etenim
935 726 1134 776 inscriptio
1163 736 1250 776 cap.
1281 726 1345 765 14.
1374 723 1493 775 plane
1522 724 1739 763 communis
1767 727 1827 763 est

46 785 297 826 Ptolemaicis
325 790 366 824 et
392 787 489 826 meis
519 784 830 834 cogitationibus.
880 782 971 834 Ipse
998 788 1126 822 motus
1145 782 1315 822 siderum
1344 787 1543 833 comparat
1560 783 1683 821 motui
1713 781 1827 821 chor-

44 843 179 883 darum
217 848 428 893 certarum3
469 853 543 894 ego
579 843 792 893 investigo,
837 853 1027 891 quaenam
1063 841 1270 881 intervalla
1309 840 1534 880 harmonica
1574 841 1827 879 communiter

45 903 165 941 insilit
198 907 239 941 et
266 902 430 940 vocibus
464 902 504 939 in
532 901 682 939 musica
718 905 758 940 et
795 900 965 939 motibus
993 900 1250 951 planetarum.
1309 898 1387 938 Sed
1416 910 1465 939 ne
1498 899 1659 938 ulterius
1690 909 1827 938 excur-

50 971 152 1005 ram,
183 959 409 999 concludam
438 958 513 998 hoc
543 964 670 1009 caput.
728 957 928 996 versionis
947 958 1142 998 Barlaami
1172 957 1406 1009 descriptum
1435 968 1514 996 non
1542 956 1688 1009 habeo,
1720 961 1760 996 et
1787 957 1827 994 in

46 1017 110 1057 his
140 1018 243 1057 curis
271 1017 452 1057 inanibus
489 1017 645 1067 neglexi
686 1015 882 1067 exemplar
910 1015 1049 1057 iacere.
1109 1016 1292 1056 Lacunae
1321 1014 1513 1066 quaedam
1552 1020 1643 1054 sunt
1672 1015 1711 1053 in
1741 1026 1829 1054 mea

45 1077 244 1124 versitine,
285 1075 430 1115 alicubi
472 1079 511 1114 et
550 1076 662 1125 signa
703 1073 754 1114 ad
783 1075 1006 1124 marginem.
1065 1073 1163 1114 Illae
1192 1074 1385 1121 indicant,
1426 1078 1575 1114 textum
1612 1073 1721 1112 illius
1749 1072 1827 1112 loci

45 1133 161 1185 plane
189 1143 268 1172 non
295 1132 544 1181 intellectum,
574 1132 673 1173 haec
701 1144 793 1172 vero
823 1133 1104 1172 dubitationem
1129 1145 1256 1172 meam
1285 1131 1457 1171 indicant
1476 1133 1577 1171 circa
1595 1133 1825 1171 versionem.

158 1191 347 1247 Percepto
385 1202 473 1230 meo
498 1190 646 1242 judicio
686 1196 726 1231 et
760 1190 808 1230 de
838 1192 1015 1231 versione
1042 1191 1164 1238 latina
1201 1195 1240 1230 et
1268 1189 1317 1230 de
1347 1189 1499 1238 ordine,
1538 1189 1723 1241 quiequid
1749 1201 1827 1228 >vo-

45 1249 164 1289 lueris
192 1249 241 1289 de
269 1249 376 1289 libris
406 1249 500 1296 fieri,
530 1249 579 1288 de
609 1250 684 1289 ista
712 1251 828 1288 etiam
857 1252 1034 1289 versione
1062 1251 1167 1300 prior
1192 1249 1323 1297 tacito,
1352 1253 1396 1287 ut
1428 1253 1498 1287 aut
1524 1249 1700 1288 remittas
1727 1247 1830 1287 hanc

48 1312 118 1346 aut
143 1311 298 1358 repetas
327 1306 418 1346 illos
447 1306 586 1347 denuo.
644 1308 780 1358 Neque
811 1309 913 1347 enim
942 1308 990 1348 de
1010 1313 1182 1359 tempore
1210 1306 1396 1358 quicquid
1414 1308 1638 1358 promittere
1657 1307 1830 1358 possum,

48 1367 121 1405 etsi
149 1365 245 1404 mihi
273 1375 351 1404 non
382 1365 483 1405 desit
512 1366 670 1416 egregia
698 1365 893 1406 voluntas.

163 1422 305 1463 Vertor
332 1434 436 1463 nunc
462 1423 514 1463 ad
545 1425 750 1474 sequentia
770 1423 880 1463 Tuae
912 1422 1101 1474 epistolae
1132 1425 1275 1475 capita.
1316 1427 1379 1467 (De
1396 1427 1608 1468 chronologis
1626 1428 1749 1469 [comp.
1765 1427 1832 1459 vol.

51 1489 167 1532 1V.p
190 1489 274 1531 4⁷61
298 1493 332 1523 st
354 1490 396 1522 de
421 1489 649 1530 „⁸Lunsribus
676 1488 792 1527 [dra
772 1487 839 1519 v.ol
863 1486 923 1518 111.
948 1495 982 1527 p.
1007 1484 1088 1526 303)

166 1542 229 1582 Ad
255 1543 388 1584 literas
420 1544 485 1583 18.
517 1544 584 1582 26.
618 1540 762 1591 Aprilis
789 1550 868 1578 non
896 1537 1096 1589 respondi,
1141 1538 1245 1607 quod
1275 1539 1399 1579 altera
1427 1504 1589 1579 alteram
1620 1538 1830 1586 correxisse

52 1599 257 1640 videbatur
290 1607 331 1641 et
366 1601 470 1651 quod
506 1611 677 1640 mearum
716 1597 912 1637 literarum
955 1595 1122 1635 redditio
1159 1599 1200 1635 in
1242 1598 1490 1637 conclusione
1536 1596 1829 1647 significaretur

53 1657 279 1698 obliviosus
305 1664 435 1698 tamen
464 1660 556 1709 quin
585 1659 659 1696 sim
687 1655 839 1695 diffiteri
867 1666 945 1694 non
964 1665 1135 1705 possum,
1166 1656 1233 1705 qui
1252 1655 1328 1696 hoc
1352 1657 1439 1706 ipso
1459 1654 1655 1695 momento
1677 1654 1831 1692 demum

52 1726 134 1756 rem
163 1717 277 1767 quasi
314 1716 430 1768 plane
458 1728 602 1756 novam
641 1727 689 1754 ex
717 1713 795 1752 illis
823 1713 943 1752 literis
971 1717 1123 1762 repeto:
1162 1714 1321 1763 petiisse
1350 1718 1389 1753 te
1426 1718 1645 1763 magnetem
1673 1712 1831 1751 bonum.

53 1774 168 1823 Puto,
197 1773 292 1813 mihi
319 1775 499 1813 nocuisse
527 1773 666 1812 Martis
695 1771 991 1810 Commentaria.
1039 1769 1164 1820 Igitur
1191 1771 1383 1821 inquiram
1413 1771 1518 1822 apud
1540 1771 1719 1810 Caesaris
1746 1781 1833 1809 me-

54 1831 271 1873 ehauicum.
328 1832 429 1872 Nam
458 1833 526 1883 qui
554 1830 674 1881 vulgo
704 1841 773 1880 per
801 1829 1028 1867 Bohemiam
1057 1828 1294 1878 venduntur,
1324 1829 1469 1869 nullius
1499 1834 1589 1868 sunt
1617 1829 1744 1879 pretii.

168 1889 364 1941 Magnetis
392 1891 681 1929 inclinationem
710 1888 759 1926 ad
790 1887 923 1937 polum
953 1887 1149 1926 veteribus
1162 1892 1310 1928 ,notam
1340 1886 1493 1938 proba?
1511 1899 1561 1927 ex
1589 1886 1832 1926 Paehimerio

53 1952 94 1988 et
120 1947 304 1988 Homero.
363 1948 424 1987 De
452 1948 695 1987 Pachimerio
723 1944 933 1996 respondes
963 1943 1094 1983 alteris
1123 1945 1269 1995 literis3
1307 1947 1392 1997 ipse
1422 1946 1615 1985 Homerus
1646 1955 1740 1983 vero
1770 1945 1832 1982 in-

54 2007 250 2057 cognitam
274 2006 394 2045 fuisse
430 2006 570 2057 probat
605 2006 647 2043 in
676 2016 718 2043 re
746 2005 923 2050 nautica,
958 2012 1029 2040 nec
1058 2005 1159 2042 enim
1187 2009 1352 2054 possunt
1380 2016 1467 2044 esse
1503 2004 1626 2054 ignoti
1657 2002 1832 2042 cardines

53 2063 188 2103 mundi
215 2063 326 2103 coelo
354 2063 510 2113 nubilo,
554 2064 620 2102 ubi
651 2068 710 2102 est
739 2074 833 2100 usus
861 2062 1063 2111 magnetis.
1122 2062 1260 2112 Itaque
1297 2062 1392 2102 cedo
1421 2062 1515 2101 mihi
1546 2068 1616 2100 tua
1644 2061 1765 2100 verba
1794 2061 1833 2097 in

55 2133 163 2161 meos
188 2132 296 2171 usus,
326 2123 469 2173 quippe
497 2122 686 2171 refugium
716 2126 776 2159 est
803 2121 1039 2168 miserorum,
1070 2118 1197 2160 dicere
1225 2125 1359 2160 notam
1379 2121 1511 2169 ruisse,
1542 2132 1630 2160 cum
1655 2118 1695 2158 id
1723 2118 1833 2157 nullo

55 2191 130 2218 usu
156 2179 350 2230 probetur.

170 2236 332 2276 Tbeveti
353 2236 459 2276 Galli
488 2238 716 2277 sententiam
748 2235 796 2275 de
826 2238 892 2274 ovi
920 2236 1042 2275 forma
1074 2238 1114 2274 in
1134 2247 1292 2287 corpore
1313 2237 1480 2276 Telluris
1511 2234 1712 2275 considera
1743 2233 1834 2272 dili·

57 2299 203 2345 genter.
260 2294 360 2333 Nam
387 2300 484 2345 puto
513 2295 638 2334 simile
667 2296 867 2345 quippiam
898 2305 945 2333 ex
973 2293 1199 2344 Hipparcho
1228 2306 1316 2333 meo
1352 2295 1629 2345 appariturum.
1688 2293 1832 2331 Diver-

57 2350 122 2405 sis!
136 2353 238 2392 enim
266 2352 469 2401 methodis,
500 2353 620 2392 altera
648 2364 695 2391 ex
725 2354 835 2391 initio
866 2357 905 2391 et
931 2352 1006 2390 fine
1035 2352 1190 2402 eclipsis
1220 2352 1352 2391 totalis
1366 2381 1376 2400 ,
1405 2351 1527 2390 altera
1557 2363 1604 2390 ex
1635 2350 1835 2401 eclipsium

55 2410 274 2460 putialium
306 2410 580 2460 magnitudine,
612 2411 787 2449 diversae
817 2410 992 2448 diametri
1021 2411 1178 2449 umbrae
1206 2410 1425 2460 prodibant.
1487 2409 1575 2448 Hoc
1604 2414 1734 2448 tamen
1764 2420 1836 2458 par

58 2472 117 2507 cst
144 2467 434 2517 diligentissime
460 2470 567 2519 prius
596 2469 806 2508 examinari
833 2469 1056 2518 negotium,
1094 2479 1142 2507 ne
1171 2479 1219 2507 ex
1249 2479 1375 2507 errore
1403 2472 1618 2506 monstrum
1647 2467 1832 2506 aestime-

48 2530 121 2578 tur
148 2526 353 2576 opinionis.
455 2533 465 2539 ‘

56 2592 73 2597 ²
172 2583 214 2622 Si
244 2584 393 2623 coelum
435 2594 611 2622 emensus
647 2595 771 2622 essem
810 2588 850 2622 et
873 2588 965 2622 -tam
993 2582 1102 2622 firmo
1141 2594 1265 2622 essem
1296 2594 1475 2633 corpore,
1516 2587 1559 2621 ut
1596 2582 1648 2621 ad
1677 2581 1834 2620 Terram

39 2639 303 2688 ,mediandam
333 2642 502 2679 animum
530 2641 728 2681 traducere
757 2653 911 2692 possem
940 2641 1065 2689 facile,
1095 2641 1170 2680 hoc
1199 2646 1445 2692 magistratus
1474 2640 1640 2690 alicujus
1660 2638 1833 2678 subsidio

12 2742 15 2746 ,
59 2709 251 2749 sperarem
280 2712 344 2739 me
376 2698 657 2749 deprehendere
695 2711 811 2750 posse
842 2699 907 2738 vel
936 2701 1018 2738 sine
1049 2710 1122 2750 ope
1152 2699 1272 2747 coeli,
1313 2700 1500 2749 incipiens
1531 2700 1636 2737 enim
1665 2702 1838 2746 tempore

61 2757 223 2805 aestivo,
265 2758 316 2796 ab
351 2757 488 2795 ultima
515 2756 761 2807 NordWegia
801 2758 1036 2796 circumirem
1077 2768 1164 2796 cum
1202 2757 1374 2796 locorum
1404 2758 1536 2806 peritis
1577 2755 1703 2794 ultimi
1739 2765 1835 2793 eon-

25 2836 27 2839 .
61 2819 215 2864 spectus
242 2819 448 2863 montana,
486 2825 638 2864 semper
673 2815 723 2854 ad
760 2815 869 2853 illum
898 2818 1088 2855 transiens
1116 2820 1306 2861 montem,
1348 2826 1463 2863 quem
1499 2825 1547 2853 ex
1583 2814 1711 2862 priore
1739 2823 1835 2851 eon-

27 2906 29 2908 .
59 2873 285 2922 spexissem'
308 2873 626 2911 remotissimum:
664 2873 720 2911 ita
755 2874 876 2912 tribus
914 2874 1091 2912 fortassis
1128 2879 1196 2911 aut
1239 2878 1405 2923 quatuor
1439 2871 1671 2910 stationibus
1701 2881 1835 2909 emen-

25 2930 117 2968 *sis
144 2929 440 2979 NordWegiam,
470 2930 629 2968 totidem
660 2930 843 2978 Daniam,
887 2932 1057 2982 quinque
1092 2931 1157 2969 vel
1187 2942 1255 2969 sex
1285 2930 1513 2977 Saxoniam,
1551 2928 1673 2966 tribus
1702 2928 1835 2967 Bobe-

30 2987 194 3035 niam,
223 2989 339 3026 unica
357 2988 520 3026 fortasse
541 2987 627 3026 sola
645 2986 826 3026 Noricum
844 2987 1027 3040 Ripense,
1056 2989 1231 3039 plurimis
1250 2987 1456 3026 Rhaetiam
1478 2986 1695 3035 alpestrem‚
1725 2986 1836 3035 cujus

65 3043 168 3082 edita
194 3050 391 3094 nequeunt
419 3044 528 3091 adiri,
557 3045 803 3095 paucioribus
832 3047 1059 3097 cisalpinam
1090 3045 1270 3092 Galliam,
1302 3044 1391 3083 inde
1408 3044 1563 3082 Italiam
1592 3048 1632 3082 et
1659 3045 1695 3082 si
1725 3055 1833 3083 com-

31 3122 38 3127 ·
65 3100 177 3141 mode
205 3111 231 3142 a·
255 3102 359 3143 linea
387 3102 536 3143 deflecti
565 3106 710 3154 posset,
740 3104 856 3142 etiam
887 3105 1069 3155 Apuliam
1097 3109 1137 3143 et
1166 3103 1332 3153 denique
1361 3101 1533 3141 Siciliam
1560 3102 1724 3150 metirer,
1757 3112 1836 3139 non
