1994 3276
15 2322 38 2344 J
1 2103 42 2314 wwffiffw
11 1734 18 1741 2

758 89 867 128 Liber
887 89 951 127 IV.
975 89 1094 136 Caput
1115 90 1196 128 vn.
1780 95 1864 146 261

78 210 155 252 boc
181 208 233 251 ad
261 215 473 262 aspectum,
502 207 582 250 ens'
600 209 792 254 rationis?
831 208 1027 260 quomodo
1056 208 1160 249 bunc
1189 211 1317 261 capiet
1345 209 1576 250 elementum
1605 211 1726 260 aeris,
1764 222 1866 260 quo-

79 266 196 318 modo
225 268 395 319 corpus?
423 268 498 308 nisi
526 281 600 308 sua
628 273 791 318 uterque
820 269 965 315 anima,
999 279 1100 317 quae
1131 273 1332 318 aspectum
1359 270 1485 319 primo
1513 280 1583 319 per
1601 280 1645 309 se
1663 270 1865 320 percipiat,

79 325 196 377 modo
225 338 252 365 a
278 338 341 367 me
370 326 488 366 dieto.
546 327 763 366 Flammam
783 325 955 376 aliquam
986 337 1072 365 esse
1091 325 1251 365 vitalem
1281 327 1383 366 hanc
1400 326 1638 375 facultatem,
1666 329 1867 379 incensam

79 387 119 435 in
148 382 263 424 eorde
293 386 439 436 (eoque
468 385 577 432 mori,
607 385 797 424 absumto-
817 385 976 435 pabulo,
1006 395 1095 423 cum
1123 396 1232 423 mens
1261 382 1486 438 perennet),
1516 385 1682 435 probavi
1710 386 1750 423 in
1773 383 1865 436 Opt-

79 443 350 498 Astronomiae
378 448 501 494 parte,
531 442 596 482 fol.
629 444 683 482 26
712 445 775 490 (Π.
801 444 886 487 144)
923 441 1122 482 luculenta
1149 445 1436 493 comparatione
1452 443 1580 482 cordis
1609 443 1772 494 ejusque
1801 455 1866 483 re-

79 502 317 551 ciprocornm
345 506 533 549 motuum,
563 500 730 552 systolen
759 506 799 539 et
828 499 1027 548 diastoles,
1058 511 1146 539 cum
1167 500 1301 540 clausa
1322 501 1518 552 lampade,
1547 503 1586 540 in
1609 513 1688 552 qua
1710 501 1867 543 flamma
1943 553 1945 556 .

2 580 4 583 ·
79 561 131 598 sit
158 558 330 598 fovenda
358 558 468 607 oleo,
501 559 772 605 ventilatione,
803 558 1063 598 effumatiene.

189 615 280 656 Hac
314 617 432 668 igitur
469 618 662 656 essentiae
698 616 782 667 ejus
820 618 1059 667 proprietate
1098 618 1232 656 nititur
1266 617 1462 667 imprimis
1502 611 1730 656 admirabile
1769 616 1867 656 illud

0 698 6 702 -
77 676 272 724 negotium
300 674 596 725 genethliacum.
657 674 753 713 Cum
783 676 884 713 enim
917 675 1046 714 vitalis
1076 674 1251 721 facultas,
1283 676 1441 715 incensa
1471 676 1511 713 in
1531 674 1646 714 corde
1675 675 1868 726 flagrans-

79 743 155 783 que
184 732 369 783 quamdin
399 736 482 772 vita
510 739 703 783 superest,
740 734 792 772 sit
821 732 979 782 quidam
1010 733 1175 773 circulus
1205 733 1408 781 zodiacus,
1446 744 1534 772 cum
1563 734 1751 772 consistat
1781 733 1866 783 ejus

79 792 249 830 essentia
276 792 315 829 in
346 793 504 840 energia
533 798 572 830 et
602 791 723 835 veluti
753 791 860 830 fluxu
889 791 1091 843 flammeo,
1121 791 1211 831 hine
1239 791 1294 839 fit,
1325 796 1369 830 nt
1399 793 1518 830 totius
1542 791 1693 830 zodiaci
1711 792 1866 831 sensilis

78 848 203 898 figura
230 849 367 889 influat
395 851 433 888 in
465 849 582 898 illam,
613 860 745 888 recens
775 861 801 888 a
829 854 942 899 partu
970 852 1180 896 incensam,
1209 850 1327 899 inque
1357 849 1464 888 illam
1494 849 1681 889 inolescat
1710 851 1866 900 penitus
1924 882 1927 885 .

79 904 210 957 (coelo
239 906 332 947 licet
361 913 450 959 post
477 913 612 958 partus
642 912 879 946 momentum
915 909 954 946 in
983 907 1063 946 alia
1092 907 1222 946 omnia
1252 914 1368 947 eunte
1398 912 1436 946 et
1465 907 1783 960 transfigurato),
1826 909 1866 947 in

73 964 153 1015 hac
180 963 271 1004 idea
299 965 457 1005 animali
486 965 618 1005 circuli
646 965 797 1004 zodiaci
836 965 923 1004 loca
953 967 1101 1020 omnia,
1120 968 1268 1016 signet,
1311 978 1413 1016 quae
1442 965 1623 1016 planetae
1660 966 1734 1004 sub
1764 966 1865 1016 fixis,

0 1027 6 1081 [v
79 1033 180 1073 quae
210 1028 328 1072 ortus,
361 1035 533 1071 occasus,
563 1029 633 1062 aut
661 1023 829 1063 medium
860 1023 959 1062 coeli
989 1024 1251 1063 obtinuerunt.
1311 1024 1410 1063 Prae
1436 1023 1596 1073 reliquis
1627 1035 1720 1063 vero
1749 1024 1866 1064 rebus

75 1082 342 1122 astronomicis
371 1082 493 1121 multo
523 1083 693 1121 maxima
721 1081 966 1121 necessitudo
996 1082 1197 1122 intercedit
1227 1082 1437 1122 harmoniis
1466 1082 1632 1121 radiosis
1661 1093 1749 1121 cum
1779 1088 1867 1122 ortu

0 1162 4 1165 >
75 1139 200 1191 primo
229 1145 268 1178 et
295 1139 524 1180 formatione
553 1140 671 1190 hujus
701 1140 833 1179 vitalis
863 1141 901 1178 in
931 1140 1086 1179 homine
1104 1140 1316 1179 facultatis.
1377 1141 1556 1183 Diximus
1577 1141 1691 1189 enim,
1723 1152 1864 1191 qnam-

76 1197 172 1236 libet
199 1198 352 1237 animae
382 1198 607 1238 facultatem
636 1210 722 1238 esse
753 1198 947 1246 circulum,
980 1200 1128 1237 ratione
1158 1200 1369 1246 essentiae,
1403 1203 1447 1237 ut
1476 1200 1666 1246 essentia,
1697 1204 1741 1237 nt
1771 1210 1864 1239 vero

77 1256 160 1304 agit
187 1254 335 1305 aliquid
366 1258 405 1295 in
435 1268 478 1296 se
507 1259 632 1307 ipsam
661 1268 709 1295 ex
738 1257 933 1305 instinctu,
966 1262 1009 1295 ut
1038 1256 1187 1296 scilicet
1208 1262 1411 1306 comparat
1429 1256 1612 1296 circulum
1633 1268 1748 1296 suum
1777 1269 1866 1297 cum

77 1313 253 1364 partibus
290 1314 396 1364 ejus,
435 1326 521 1354 esse
553 1314 778 1354 'harmonias
820 1314 1100 1365 archetypicas.
1161 1314 1252 1361 Jam
1295 1326 1386 1353 vero
1417 1314 1582 1354 facultas
1612 1314 1744 1354 vitalis
1773 1320 1866 1355 tunc

77 1371 214 1422 incipit
242 1383 371 1422 agere,
402 1378 494 1412 tnnc
523 1374 562 1411 in
591 1379 721 1412 actum
749 1372 980 1422 perducitur,
1012 1384 1099 1411 eum
1131 1385 1198 1423 per
1221 1379 1373 1423 partum
1403 1372 1662 1411 inflammatur
1691 1374 1796 1412 intus
1825 1375 1867 1413 in

77 1428 204 1469 cordis
230 1429 429 1480 lampade,
467 1433 523 1471 sic
553 1436 596 1469 ut
624 1432 698 1481 ipsi
728 1442 841 1480 porro
872 1432 922 1469 sit
953 1442 1053 1480 opus
1081 1432 1352 1481 respiratione,
1393 1432 1538 1481 qnippe
1575 1430 1625 1469 ad
1656 1431 1865 1470 fovendam

77 1487 272 1527 flammam
301 1490 418 1528 vitae.
480 1488 645 1538 Quando
675 1490 792 1538 igitur
821 1490 956 1539 incipit
985 1501 1070 1528 esse
1099 1489 1150 1537 id,
1182 1489 1287 1539 qnod
1313 1494 1372 1528 est
1399 1494 1504 1534 tnnc,
1536 1500 1622 1527 cnm
1643 1488 1865 1529 harmonias

75 1544 359 1594 architectatur,
391 1552 483 1586 tunc
503 1549 668 1585 maxime
690 1549 727 1584 in
749 1546 856 1585 illam
875 1547 998 1585 influit
1018 1547 1220 1587 harmonia
1239 1547 1395 1586 radiosa
1413 1546 1656 1597 planetarum
1693 1547 1860 1587 sensilis.

192 1602 302 1644 Haec
331 1602 429 1643 adeo
460 1617 578 1644 causa
607 1611 678 1651 est,
710 1616 777 1643 cur
806 1606 873 1653 qui
903 1611 1114 1643 nascuntur
1143 1606 1216 1644 sub
1237 1611 1390 1656 tempus
1411 1604 1617 1644 multorum
1637 1611 1865 1655 aspectuum

77 1657 404 1711 intersplanetas,
446 1663 473 1699 ii
502 1663 728 1713 plerumque
759 1670 797 1701 et
828 1663 1012 1701 laboriosi
1051 1663 1220 1701 evadant
1260 1669 1298 1701 et
1328 1663 1525 1709 industrii,
1561 1664 1648 1701 sive
1689 1662 1740 1700 ad
1770 1675 1865 1714 opes

78 1718 330 1758 cumulandas
360 1719 449 1758 inde
479 1733 504 1759 a
532 1722 661 1770 pueris
691 1719 917 1767 assuefiant,
960 1722 1045 1759 sive
1074 1732 1201 1760 rerum
1229 1721 1472 1769 publicarum
1508 1720 1772 1760 moderatores
1804 1721 1866 1761 vel

78 1777 160 1815 nati
196 1776 260 1815 vel
290 1777 424 1816 delecti
463 1778 623 1825 fuerint,
654 1790 724 1816 seu
763 1777 928 1827 denique
967 1779 1005 1815 in
1043 1778 1174 1817 studia
1209 1780 1465 1817 incubuerint.
1526 1777 1613 1827 Quo
1654 1780 1694 1815 in
1723 1791 1865 1829 genere

78 1835 183 1872 vitae
211 1835 245 1872 si
274 1837 335 1873 cui
367 1835 501 1873 videor
537 1847 610 1885 ego
647 1836 822 1886 exemplo
859 1847 944 1874 esse
983 1847 1122 1886 posse,
1162 1838 1198 1875 ei
1235 1839 1389 1887 genesis
1418 1847 1528 1875 meae
1567 1837 1746 1875 notitiam
1786 1849 1866 1876 non

78 1891 213 1940 invidi,
258 1892 356 1931 libro
388 1893 435 1932 de
465 1893 589 1932 Stella
617 1893 731 1932 Nova
758 1893 824 1932 fol.
860 1895 913 1932 43
946 1898 1006 1940 (ΙΙ.
1031 1897 1129 1941 646),
1155 1906 1272 1944 quam
1303 1897 1419 1934 etiam
1449 1894 1524 1932 hac
1550 1896 1641 1933 vice
1669 1895 1862 1945 explicare

79 1949 322 1996 commodum
341 1951 467 1990 fuerit.
524 1951 747 1990 Jactantiae
768 1954 910 1990 crimen
929 1963 1006 1990 non
1025 1963 1171 2002 ωσι-οη
1203 1954 1449 1992 criminentur
1470 1952 1562 1991 licet
1581 1953 1620 2000 ii,
1652 1955 1719 2002 qni
1740 1959 1864 1993 totum

78 2007 155 2046 boc
183 2010 401 2058 scriptionis
430 2021 553 2059 genus
574 2010 760 2048 stultitiae
783 2009 978 2057 damnant,
1010 2022 1078 2048 seu
1099 2012 1247 2049 ratione
1268 2023 1338 2049 seu
1360 2012 1464 2049 vitae
1485 2011 1674 2058 instituto,
1706 2011 1862 2061 idiotae,

78 2064 292 2112 semidocti,
323 2067 522 2105 titulorum
551 2073 590 2106 et
618 2067 862 2117 phalerarum
891 2068 941 2106 ad
971 2068 1158 2118 populum
1181 2068 1479 2108 dementandum
1510 2070 1716 2117 institores,
1748 2070 1864 2108 theo-

77 2122 160 2172 logi
191 2125 319 2171 etiam‚
350 2130 393 2163 ut
422 2125 537 2163 Picus
569 2125 752 2175 appellat,
782 2126 948 2175 plebeji3
979 2126 1083 2176 apud
1116 2138 1228 2165 veros
1257 2128 1472 2177 sapientiae
1503 2131 1696 2165 amatores
1727 2127 1882 2176 cujus-v

81 2191 232 2231 cunque
272 2181 415 2220 ordinis
457 2185 598 2222 crimen
638 2183 713 2222 hoc
752 2184 864 2222 facile
895 2184 1018 2230 diluo,
1061 2184 1228 2223 utilitate
1265 2184 1419 2225 lectoris
1449 2186 1546 2231 mei,
1585 2185 1678 2233 quia
1716 2185 1860 2224 nullius

81 2249 207 2288 neque
237 2241 418 2288 genesin,
458 2253 584 2290 neque
623 2243 810 2291 internam
850 2243 968 2280 animi
1000 2242 1292 2292 dispositionem
1331 2254 1455 2291 aeque
1486 2246 1590 2280 certo
1621 2242 1861 2292 exploratam

80 2295 220 2335 habeo,
291 2296 447 2347 Jupiter
484 2300 601 2347 igitur
635 2302 902 2349 nonagesimo⁴
924 2302 1121 2350 proximus
1169 2306 1335 2350 quatuor
1380 2299 1565 2350 gradibus
1611 2306 1863 2349 superaverat

81 2355 221 2392 trinum
251 2353 418 2402 Saturni,
450 2355 517 2394 Sol
548 2362 594 2395 et·
616 2357 749 2396 Venus
775 2358 902 2407 juncti
931 2358 1152 2396 defluebant
1181 2359 1232 2396 ab
1262 2359 1359 2405 isto,
1390 2357 1642 2407 applicabant
1670 2356 1722 2395 ad
1750 2357 1860 2397 illum

11 2411 38 2466 J'
81 2412 285 2460 utrobique
314 2413 526 2460 sextilibus,
558 2414 777 2453 defluebant
806 2422 844 2454 et
873 2428 897 2454 a
927 2415 1115 2465 quadrato
1138 2416 1288 2467 Martis,
1318 2415 1368 2453 ad
1390 2426 1504 2464 quem
1526 2414 1739 2453 Mercurius
1768 2428 1860 2466 pro-

80 2469 182 2508 xime
211 2469 453 2520 applicabat3
492 2472 603 2510 Luna
632 2473 683 2511 ad
711 2473 883 2522 ejusdem
914 2475 1053 2511 trinum
1084 2474 1184 2521 ibat,
1222 2473 1334 2511 oculo
1366 2472 1484 2511 Tauri
1512 2473 1720 2522 proxima,
1743 2475 1860 2512 etiam

12 2523 33 2574 ,ξ’
80 2527 120 2564 in
149 2526 376 2576 latitudine3
409 2529 601 2567 oriebatur
631 2535 762 2569 autem
782 2530 862 2568 250
884 2529 1146 2576 Geminorum,
1178 2530 1417 2570 culminabat
1438 2530 1522 2568 22⁰
1545 2530 1719 2578 Aquarii.
1769 2531 1860 2569 Tri-

19 2579 37 2636 ⁷³.
80 2582 220 2635 plicem
250 2585 590 2635 configurationem
621 2588 703 2636 ejus
734 2588 809 2626 diei
838 2589 1037 2639 partilem,
1069 2588 1246 2627 sextilem
1277 2589 1433 2627 Saturni
1463 2592 1499 2626 et
1530 2587 1652 2635 Solis,
1684 2588 1859 2627 sextilem

0 2667 48 2690 s,
81 2638 195 2687 Jovis
226 2647 264 2680 et
295 2643 468 2690 Veneris,
501 2645 729 2692 quadratum
750 2647 928 2686 Mercurii
959 2652 998 2684 et
1016 2647 1154 2691 Martis
1184 2646 1373 2698 prodebat
1402 2657 1519 2684 aurae
1549 2647 1737 2693 mutati03
1768 2658 1858 2695 nam

0 2693 43 2743 sss:
80 2704 170 2748 post
197 2700 287 2749 gelu
316 2701 464 2739 dierum
494 2702 642 2751 aliquot
672 2715 718 2742 eo
748 2706 833 2754 ipso
864 2704 924 2743 die
955 2710 1064 2754 tepor
1084 2710 1192 2742 ortus·
1220 2705 1386 2754 glaciem
1405 2703 1534 2750 solvit,
1565 2703 1719 2753 pluvias
1741 2703 1857 2744 dedit.

193 2757 329 2806 Neque
361 2763 488 2796 tamen
518 2759 592 2798 hoc
621 2772 696 2799 nno
727 2762 902 2811 exemplo
934 2773 1068 2800 omnes
1098 2761 1380 2811 astrologorum
1411 2761 1652 2810 aphorismos
1679 2760 1856 2801 defensos

83 2818 122 2857 et
141 2815 382 2854 confirmatos
404 2816 506 2862 volo,
537 2828 661 2866 neque
682 2819 789 2857 coelo
810 2821 1040 2858 transscribo
1061 2832 1185 2858 rerum
1207 2820 1460 2857 humanarum
1479 2817 1756 2870 gubernacula,
1782 2820 1857 2858 im-

82 2881 195 2910 mane
225 2878 411 2921 quantum
440 2874 567 2912 adhuc
596 2875 707 2913 abest
736 2876 1004 2927 philosophica
1034 2878 1130 2916 haec
1161 2878 1380 2916 observatio
1413 2876 1461 2926 ab
1492 2875 1560 2913 illa
1580 2875 1756 2923 stultitia,
1786 2889 1855 2917 seu

83 2929 193 2968 malis
224 2931 412 2969 insaniam
444 2931 586 2970 dicere„
642 2932 742 2970 Nam
772 2939 814 2971 ut
842 2935 957 2984 hujus
999 2935 1163 2984 exempli
1195 2935 1359 2982 vestigia
1389 2943 1578 2982 premam,
1620 2934 1711 2970 novi
1742 2933 1855 2973 femi-

84 2995 173 3023 nam
202 2987 336 3025 iisdem
366 3000 463 3037 pene
494 2995 624 3027 natam
655 2992 894 3039 aspectibus,
934 2994 1214 3041 inquietissimo
1245 3002 1337 3029 sane
1368 2991 1542 3038 ingenio,
1573 2989 1641 3027 sed
1671 3001 1748 3038 quo
1778 3004 1855 3031 non

26 3043 54 3092 ζζ
85 3047 232 3084 tantum
260 3044 355 3082 nibil
384 3047 533 3095 proficit
561 3042 600 3085 in
629 3047 749 3086 literis
779 3046 878 3103 (non
907 3051 1042 3088 mirum
1072 3051 1146 3092 hoc
1176 3054 1234 3088 est
1262 3050 1301 3086 in
1331 3048 1515 3104 femina),
1547 3047 1616 3089 sed
1646 3049 1762 3089 etiam
1791 3055 1855 3093 to·—
