1988 3276
124 96 204 135 108
705 95 760 130 De
782 93 996 141 Figurarum
1019 93 1257 132 Harmonicar
1265 106 1327 131 um

234 213 310 252 Pro
339 213 458 252 latere
489 212 754 264 hendecagoni
785 213 1047 254 circumfertur
1066 213 1157 253 talis
1192 213 1418 267 descriptio:
1448 216 1488 253 in
1519 215 1662 255 circulo
1693 216 1744 255 ab
1776 214 1912 268 eodem

120 277 263 322 puncto
296 272 331 309 A
371 271 533 310 ducatur
562 271 665 311 latus
695 273 885 322 tetragoni
918 272 985 311 Ac
1006 271 1067 310 ad
1097 284 1213 312 unam
1243 279 1392 325 partem
1422 275 1760 323 circumferentiae,
1790 276 1913 325 trigo-

601 331 730 369 nicum
774 331 849 369 AD
888 331 937 370 ad
985 333 1238 379 contrariam,
1288 332 1570 382 hexagonicum
1619 332 1709 381 AB,
1752 332 1822 371 AF
1863 332 1913 371 ad

602 393 817 439 utramque,
855 394 894 429 et
914 388 1077 428 duorum
1098 389 1250 428 illorum
1271 390 1598 441 hexagonicorum
1622 390 1788 441 angulus
1809 391 1911 430 ΕΑΒ

602 447 858 486 subtendatur
898 447 976 486 alio
1006 448 1196 498 trigonico
1226 447 1347 487 latere
1379 449 1464 498 BF,
1497 449 1601 499 quod
1630 449 1780 488 secabit
1805 451 1912 499 prius

603 507 832 555 trigonicum
855 506 928 543 AD
960 506 1000 544 in
1034 505 1094 555 (ἒς
1128 505 1290 545 ducatur
1319 496 1436 546 etiam
1466 519 1490 546 a
1517 507 1594 548 fine
1623 508 1853 558 tetragonici
1881 507 1912 547 C

603 564 789 603 diameter
819 563 883 603 ΟΕ
912 576 980 614 per
1009 563 1030 602 I
1057 569 1229 603 centrum
1260 570 1298 603 et
1333 578 1356 604 a
1398 566 1472 604 fine
1515 565 1636 605 altero
1674 565 1850 606 diametri
1880 566 1912 604 E

602 635 670 673 per
700 623 911 662 sectionem
941 623 1215 672 trigonicorum
1255 622 1291 661 G
1330 623 1492 663 ducatur
1520 630 1627 671 recta
1656 623 1740 673 EG,
1776 635 1912 663 secans

603 682 885 731 tetragonicum
913 680 980 719 Ac
1011 682 1050 718 in
1081 680 1142 719 H:
1172 680 1277 720 linea
1308 680 1384 720 GH
1414 683 1513 722 inter
1539 682 1611 722 has
1641 682 1739 722 duas
1769 683 1912 722 sectio-

602 751 672 778 nes
703 738 841 778 dicitur
872 750 956 779 esse
984 737 1089 778 latus
1110 739 1379 790 undecanguli.
1428 741 1498 780 Est
1524 752 1616 780 vero
1638 742 1752 780 nimis
1781 741 1912 791 longa,

603 798 668 837 vel
697 797 921 837 mechanica
953 797 1126 836 docente.
1185 798 1239 836 At
1279 798 1400 837 solers
1431 805 1628 848 geometra
1662 800 1833 850 speciem
1861 800 1913 838 li-

603 868 702 896 neae
733 855 968 904 considerat,
1009 867 1110 905 quae
1152 858 1370 896 necessario
1402 859 1659 897 communicat
1687 857 1836 908 aliquid
1865 869 1912 897 ex

118 920 305 970 trigonico
337 923 375 958 et
405 917 643 968 tetragonico
674 915 879 963 lateribus,
920 915 1168 964 quantumvis
1209 921 1356 954 remoto
1386 915 1520 966 gradu.
1583 917 1703 967 Atqui
1731 927 1912 956 numerus

122 979 184 1025 11,
217 978 360 1027 primus
391 979 585 1023 existens,
629 973 735 1012 nullo
765 973 882 1012 modo
912 971 963 1012 ad
993 972 1064 1011 has
1094 972 1237 1023 figuras
1268 973 1395 1021 ducit,
1434 985 1521 1012 cum
1551 976 1602 1013 sit
1628 976 1785 1025 primus,
1815 974 1912 1013 nihil

119 1048 205 1075 cum
237 1037 261 1074 3
296 1040 334 1075 et
365 1047 451 1074 cum
483 1037 509 1073 4
540 1043 742 1073 commune
773 1031 934 1070 habens.
995 1029 1162 1070 Securus
1192 1033 1309 1081 igitur
1339 1037 1398 1071 est
1416 1037 1625 1083 geometra,
1658 1033 1796 1072 falsam
1827 1044 1912 1073 esse

117 1094 412 1144 descriptionem
445 1099 483 1133 et
512 1096 641 1144 potest
669 1089 782 1130 facile
812 1088 1063 1140 supersedere
1093 1089 1228 1128 labore
1260 1088 1521 1141 computandi.

231 1153 366 1191 Manet
395 1154 513 1203 igitur
541 1163 610 1202 per
641 1161 773 1189 omnes
804 1149 1064 1198 objectiones,
1103 1159 1171 1197 per
1209 1159 1342 1187 omnes
1374 1150 1546 1188 omnium
1575 1149 1810 1189 frustraneos
1841 1161 1909 1190 co-

118 1215 244 1260 natus,
276 1211 400 1249 latera
431 1211 640 1260 figurarum
670 1206 893 1258 hujusmodi
923 1210 1061 1256 suapte
1091 1210 1230 1245 natura
1260 1219 1345 1246 esse
1365 1208 1511 1257 *ignota
1540 1212 1579 1247 et
1608 1208 1815 1248 inscibilia.
1857 1208 1912 1250 Ut

293 363 356 395 rig.
380 360 420 389 18.

117 1269 213 1308 nihil
244 1271 380 1308 mirum
411 1270 472 1318 sit,
505 1268 543 1306 id
575 1266 678 1318 quod
700 1267 738 1303 in
760 1266 971 1315 archetypo
990 1263 1123 1303 mundi
1154 1276 1232 1303 non
1262 1267 1392 1315 potuit
1420 1267 1605 1316 inveniri,
1637 1278 1765 1317 neque
1794 1268 1911 1308 etiam
1968 1284 1971 1289 ·

117 1339 340 1379 expressum
372 1338 456 1367 esse
487 1329 524 1364 in
557 1325 861 1365 conformatione
892 1323 1014 1373 ipsius
1044 1322 1176 1361 mundi
1206 1325 1388 1373 partium.

233 1432 380 1472 XLVI.
413 1430 711 1482 Propositio.
772 1428 902 1468 Sectio
934 1427 1066 1467 circuli
1104 1439 1217 1466 arcus
1248 1428 1513 1480 cujuscunque
1544 1430 1582 1468 in
1613 1431 1795 1482 aequalia
1823 1435 1908 1484 tria,
1972 1448 1988 1479 ,.·

119 1492 311 1541 quinque,
355 1496 501 1542 septem
533 1495 605 1530 etc.
640 1493 678 1527 et
707 1489 746 1526 in
777 1498 1007 1538 quacunque
1038 1487 1207 1535 ratione,
1249 1497 1350 1536 quae
1381 1498 1458 1526 non
1492 1489 1544 1527 sit
1573 1489 1910 1534 antedemonstra-
1969 1485 1988 1519 ·'.

118 1555 242 1588 tarum
273 1552 451 1589 continue
474 1548 608 1599 dupla,
642 1557 718 1586 non
749 1551 810 1586 est
840 1546 888 1586 de
917 1545 1176 1596 possibilitate
1205 1547 1440 1595 geometrica
1468 1546 1549 1596 tali,
1579 1560 1680 1598 quae
1709 1554 1910 1596 scientiam
1986 1555 1988 1562 '

117 1613 354 1700 genergssfflo
378 1673 483 1699 arcus
507 1663 543 1697 in
569 1661 639 1697 duo
665 1665 701 1697 et
725 1663 880 1705 quatuor
904 1665 940 1696 et
964 1662 1045 1695 octo
1072 1663 1160 1702 etc.,
1186 1658 1354 1693 continue
1379 1659 1518 1696 scilicet
1541 1659 1671 1711 dupla,
1696 1668 1911 1712 geometrica

117 1728 204 1753 sane
229 1721 285 1753 est
309 1716 447 1761 fuitque
473 1716 650 1752 hactenus
676 1713 848 1749 adhibita.
896 1713 939 1747 In
963 1712 1032 1747 tria
1056 1709 1231 1756 contingit
1254 1710 1368 1745 secari
1393 1715 1429 1747 et
1444 1715 1560 1749 totum
1577 1715 1748 1754 circulum
1769 1730 1834 1765 per
1848 1721 1910 1757 tri-

117 1782 265 1817 gonum,
301 1775 337 1805 et
362 1769 636 1813 semicirculum,
662 1771 702 1802 ut
725 1766 763 1802 in
786 1766 1010 1811 hexagono,
1033 1768 1070 1800 et
1094 1768 1259 1810 quartam
1282 1768 1443 1809 partem,
1469 1769 1511 1801 ut
1533 1766 1571 1803 in
1595 1768 1842 1817 dodecagono,
1870 1771 1911 1810 *et

117 1824 288 1870 quintam,
314 1827 355 1858 ut
378 1823 415 1858 in
439 1820 803 1867 pentekaedecagono
818 1847 827 1864 ,
852 1823 889 1855 et
913 1828 1036 1855 arcum
1065 1817 1126 1853 135
1143 1818 1170 1862 ⁰,
1196 1820 1237 1851 ut
1261 1815 1298 1850 in
1323 1823 1510 1865 octogono,
1537 1825 1574 1856 et
1597 1832 1719 1858 arcum
1745 1824 1845 1870 1080,
1870 1829 1912 1860 ut

115 1872 152 1908 in
179 1875 372 1920 decagono.
421 1876 462 1911 In
488 1876 645 1920 quinque
670 1883 754 1908 vero
781 1871 955 1916 contingit
980 1869 1094 1906 secari
1119 1868 1282 1905 similiter
1305 1875 1342 1907 et
1357 1877 1474 1908 totum
1497 1873 1681 1919 circulum,
1704 1885 1770 1920 per
1785 1881 1910 1922 penta-

117 1938 265 1974 gonum,
292 1931 328 1962 et
352 1927 631 1971 semicirculum,
657 1929 698 1961 ut
720 1924 757 1959 in
783 1925 987 1968 decagono‚
1020 1927 1056 1957 et
1079 1921 1222 1958 tertiam
1248 1923 1372 1960 circuli
1396 1929 1554 1970 partem,
1589 1930 1630 1962 ut
1651 1925 1690 1962 in
1711 1927 1910 1972 pentekae-

118 1980 312 2023 decagon0‚
338 1984 373 2014 et
397 1990 519 2015 arcum
547 1980 645 2023 150⁰,
672 1982 713 2012 ut
736 1977 772 2011 in
798 1975 993 2019 decagono.
1043 1974 1142 2008 Idem
1165 1984 1289 2010 verum
1316 1981 1371 2012 est
1396 1976 1440 2012 de
1463 1977 1592 2013 horum
1614 1988 1763 2015 arcuum
1787 1981 1910 2018 semis-

117 2033 215 2069 sibus
241 2032 571 2079 quadrantibnsque
605 2036 639 2066 et
677 2028 805 2065 ceteris
830 2028 995 2073 partibus
1020 2026 1264 2072 proportionis
1299 2029 1469 2065 continue
1498 2029 1710 2077 subduplae.
1758 2032 1809 2068 At
1842 2033 1911 2069 hoc

115 2097 187 2121 non
211 2084 253 2120 fit
276 2091 425 2130 propter
449 2084 665 2121 trisectionis
690 2087 727 2118 et
753 2080 1022 2127 quinisectionis
1035 2079 1227 2125 ingenium,
1254 2079 1317 2114 sed
1333 2091 1399 2125 per
1415 2080 1582 2117 accidens
1604 2086 1640 2118 et
1655 2086 1806 2128 propter
1821 2085 1910 2122 alias

116 2137 310 2182 figurarum
334 2139 592 2183 proprietates,
618 2136 663 2172 de
687 2135 816 2183 quibus
841 2134 1029 2169 hactenus.

230 2190 279 2226 At
301 2191 541 2236 promiscuam
565 2189 807 2225 trisectionem
834 2190 897 2222 aut
921 2186 1116 2222 sectionem
1146 2185 1183 2220 in
1208 2185 1279 2221 alia
1302 2198 1517 2233 quacunque
1541 2189 1681 2226 ratione
1713 2190 1911 2236 proposita,

117 2254 208 2290 quae
232 2254 305 2278 non
330 2243 376 2278 sit
400 2243 569 2278 continue
594 2242 716 2287 dupla,
738 2239 996 2285 impossibilem
1021 2249 1111 2281 esse,
1135 2245 1235 2285 patet
1260 2253 1302 2278 ex
1319 2242 1589 2288 comparatione
1605 2241 1812 2280 bisectionis
1827 2254 1910 2290 pos-

117 2295 239 2332 sibilis.
287 2296 329 2331 In
356 2306 398 2331 ea
420 2295 576 2331 medium
601 2295 647 2331 ad
659 2305 779 2330 arcum
805 2298 850 2335 et,
875 2302 981 2337 quem
997 2290 1057 2327 ille
1074 2298 1268 2339 mensurat,
1287 2296 1458 2340 angulum
1473 2293 1717 2341 bisecandum,
1744 2299 1800 2330 est
1816 2294 1910 2331 linea

116 2354 224 2393 recta,
251 2349 424 2384 subtensa
448 2349 564 2394 arcui,
591 2358 682 2394 quae
706 2348 743 2382 in
768 2346 839 2381 duo
864 2343 1028 2390 aequalia
1052 2345 1166 2381 secari
1190 2351 1311 2391 potest
1334 2347 1570 2393 geometrice,
1606 2357 1687 2383 cum
1711 2347 1908 2393 aequalita-

117 2408 188 2438 tem
212 2402 339 2437 harum
363 2402 518 2446 partium
555 2405 726 2447 sequatur
762 2397 959 2444 aequalitas
994 2398 1172 2444 partium:
1188 2410 1293 2436 arcus
1319 2402 1563 2446 cujuscunque
1597 2399 1672 2435 sive
1695 2400 1798 2445 parvi
1834 2399 1908 2436 sive

117 2454 233 2499 magni
256 2458 424 2499 respectu
448 2454 560 2490 totius
586 2453 727 2499 circuli;
753 2463 797 2489 ex
822 2462 893 2497 quo
918 2450 1019 2486 fonte
1043 2454 1078 2486 et
1103 2451 1172 2486 hoc
1197 2457 1270 2498 est,
1298 2453 1394 2500 quod
1418 2454 1455 2487 in
1472 2451 1654 2497 triangulo
1680 2451 1725 2487 ab
1749 2451 1908 2499 aequali-

117 2512 191 2543 tate
215 2507 367 2543 laterum
390 2506 476 2542 licet
499 2506 741 2552 argumentari
765 2505 810 2541 ad
832 2503 1084 2550 aequalitatem
1102 2504 1313 2548 angulorum
1331 2505 1587 2550 oppositorum.
1635 2503 1715 2539 Hoc
1738 2514 1821 2564 gero
1836 2515 1907 2541 me·

119 2560 214 2596 dium
239 2570 306 2595 nos
328 2558 365 2594 in
390 2559 519 2595 ceteris
544 2558 762 2594 sectionibus
789 2556 930 2593 deserit.
978 2555 1070 2590 Nam
1096 2556 1163 2590 etsi
1187 2562 1296 2601 recta,
1323 2557 1421 2592 arcui
1444 2555 1625 2600 subtemen,
1640 2565 1766 2591 secari
1787 2560 1910 2602 potest

117 2615 154 2649 in
178 2619 301 2660 partes
327 2612 502 2658 quotlibet
526 2612 634 2657 idque
659 2610 885 2656 geometrice,
911 2612 950 2644 at
973 2618 1045 2642 non
1069 2608 1149 2643 ideo
1175 2614 1212 2644 et
1235 2610 1504 2654 proportionem
1521 2608 1628 2644 ullam
1645 2607 1802 2652 partium
1825 2607 1908 2644 sub·

118 2674 242 2704 tensae
265 2668 362 2712 (post
386 2666 655 2712 proportionem
680 2662 923 2710 aequalitatis)
950 2661 1113 2705 sequitur
1135 2661 1320 2706 proportio
1342 2661 1498 2706 partium
1523 2669 1650 2704 arcus;
1680 2660 1908 2703 quemadmo-

118 2721 202 2757 dum
227 2730 343 2765 neque
367 2719 405 2754 in
427 2718 608 2762 triangulo
632 2717 719 2753 licet
741 2727 763 2751 a
786 2715 1020 2761 proportione
1043 2713 1193 2749 laterum
1218 2724 1431 2759 quacunque
1457 2715 1610 2758 (praeter
1640 2722 1747 2748 unam
1776 2722 1907 2758 aequa·
1954 2743 1957 2746 .

117 2774 241 2818 litatis)
267 2771 507 2816 argumentari
540 2770 585 2805 ad
616 2769 766 2805 eandem
798 2765 1066 2812 proportionem
1099 2765 1348 2810 oppositorum
1373 2765 1596 2810 angulorum.
1643 2763 1736 2799 Nam
1771 2763 1802 2799 si
1826 2763 1907 2800 sub-

118 2832 220 2860 tensa
247 2835 350 2861 arcus
375 2824 474 2860 verbi
498 2834 607 2860 causa
631 2823 667 2858 in
690 2821 760 2856 tria
783 2817 950 2864 aequalia
979 2821 1140 2861 secetur,
1177 2817 1206 2852 si
1232 2828 1324 2863 quae
1356 2822 1496 2861 secant,
1533 2815 1846 2861 perpendiculares
1869 2815 1907 2851 in

120 2880 326 2914 subtensam
350 2877 502 2921 fuerint,
533 2876 651 2912 media
674 2884 758 2920 pars
784 2881 888 2908 arcus
914 2869 982 2906 erit
1006 2868 1120 2904 minor
1143 2868 1370 2915 lateralibus:
1405 2869 1459 2904 sin
1484 2878 1529 2904 ex
1553 2873 1676 2904 centro
1700 2877 1806 2904 arcus
1830 2867 1906 2903 fue·

119 2930 190 2964 rint
215 2940 380 2974 egressae
406 2929 595 2971 sectrices,
629 2925 746 2963 media
769 2934 851 2970 pars
877 2932 981 2958 arcus
1007 2920 1074 2956 erit
1098 2921 1212 2965 maJ‘or
1235 2921 1456 2958 lateralibus,
1504 2919 1620 2965 Igitur
1652 2921 1746 2956 inter
1770 2919 1904 2956 distan-

119 2982 205 3018 tiam
230 2982 404 3018 infinitam
429 2987 465 3018 et
489 2986 652 3018 centrum
676 2977 798 3014 circuli
820 2980 993 3022 punctum
1017 2978 1090 3017 est,
1117 2985 1161 3009 ex
1186 2985 1256 3020 quo
1281 2974 1431 3011 eductae
1455 2971 1548 3008 duae
1572 2972 1739 3008 sectrices
1762 2976 1800 3008 et
1825 2970 1907 3010 sub-

120 3039 258 3069 tensam
283 3039 320 3070 et
343 3045 465 3076 arcum
489 3034 567 3079 ejus
591 3033 629 3069 in
653 3031 723 3068 tria
746 3028 910 3075 aequalia
934 3031 1106 3063 secarent.
1154 3026 1197 3062 Id
1213 3037 1296 3063 vero
1320 3029 1493 3073 punctum
1511 3034 1653 3071 semper
1667 3028 1768 3062 tanto
1791 3034 1904 3061 remo-

121 3085 191 3122 tius
214 3090 269 3121 est
294 3086 338 3121 ab
363 3097 448 3122 arcu
472 3085 604 3131 circuli,
629 3087 761 3131 quanto
786 3081 900 3116 minor
924 3089 1028 3115 arcus
1053 3078 1176 3115 circuli
1199 3079 1423 3115 trisecandus
1441 3082 1506 3124 est,
1531 3076 1762 3123 proportione
1785 3080 1904 3112 tamen
