1994 3276
751 51 861 90 Liber
883 51 957 90 111..
973 51 1092 101 caput
1113 51 1179 89 111.
1780 59 1870 101 343

70 177 201 227 mm·
221 171 427 220 sublunari:
451 182 523 208 non
548 171 643 209 enim
666 170 792 217 quanti
814 170 888 207 sint
910 172 1030 206 motus
1053 170 1345 218 considerantur,
1382 171 1447 209 sed
1469 176 1626 219 quantos
1640 173 1688 212 <in
1711 173 1790 211 visu
1812 174 1867 213 fa-

70 225 172 266 ciunt
327 236 356 262 ⁸·
891 260 896 263 ·
1779 261 1787 266 ·

185 224 424 318 wm,
471 276 557 313 Tria
581 276 723 315 diversa
745 275 956 314 ostenderat
978 275 1015 312 in
1038 281 1177 312 mente:
1211 275 1514 322 speculationem,
1543 277 1740 325 actionem,
1764 281 1868 319 habi·

71 331 165 381 tum
188 331 228 373 ἱ.
251 332 376 370 „dm
398 330 470 378 tria
493 329 728 367 distribuerat
750 328 859 365 etiam
882 333 996 365 totam
1019 328 1322 365 mathematicam.
1370 329 1477 373 Quod
1495 329 1607 376 igitur
1628 343 1701 371 nou
1724 334 1868 372 tantuin

72 389 282 438 ,monetm-
303 380 601 427 mathematicus,
624 380 688 417 sed
711 380 818 419 etiam
843 385 1015 426 operetur
1038 391 1084 417 ex
1108 385 1187 417 arte
1211 391 1278 417 sua
1307 386 1345 417 et
1369 382 1525 428 denique
1546 385 1781 423 artificiosum
1803 387 1868 424 ha-

72 442 189 481 bim
210 441 279 481 sibi
302 441 501 484 comparet,
533 435 608 480 jam
639 444 748 480 porro
771 433 901 480 probat
933 444 957 469 a
980 432 1194 478 sensilibus,
1232 433 1364 479 quibus
1395 434 1520 480 utitur.
1567 436 1782 483 Argumenti
1814 441 1870 478 vis

7 513 9 515 .
73 486 164 532 ἥξω
186 499 263 533 eat:
290 500 420 529 sensus
444 493 502 524 est
522 498 641 525 rerum
665 490 771 523 extra
793 486 947 523 animam
969 485 1182 523 rationalem
1205 486 1453 530 existentium,
1490 488 1587 526 circa
1608 501 1699 537 quas
1723 503 1868 531 versan-

73 555 133 585 tm,
153 546 316 584 „dom
348 547 387 581 ω,
417 540 665 588 wangionem
702 539 735 576 si
765 549 851 586 ergo
872 539 1041 584 subjecti
1063 538 1307 587 mathematici
1340 539 1575 585 pulchritudo
1611 554 1695 580 sese
1727 549 1869 583 tantum

72 601 167 638 inm
187 597 319 640 mag
342 595 479 640 1u1m'na
503 594 719 638 contineret,
754 602 823 631 nec
847 591 945 628 toras
970 591 1007 628 in
1031 591 1193 629 actiones
1216 596 1252 628 et
1276 590 1421 628 habitus
1445 603 1527 628 sese
1550 595 1747 642 proferret,
1782 602 1875 636 tunc·

73 652 189 699 primo
207 649 462 689 mathematica
483 657 556 683 non
582 650 746 683 uteretur
769 644 934 681 semibus
951 643 1070 690 certis,
1094 644 1225 681 deinde
1250 643 1349 681 nulla
1366 651 1463 682 esset
1479 645 1661 683 distinctio
1677 648 1772 686 inter
1788 660 1870 688 sen-

76 715 149 751 su,
170 713 284 745 mn„
309 699 589 750 mpinquitatis
613 697 660 734 ad
682 698 876 742 rationem,
901 696 1008 733 tertio
1033 696 1070 733 in
1094 695 1287 733 sensilibus
1311 696 1434 733 nullus
1458 702 1556 734 esset
1578 706 1767 746 respectus
1791 703 1871 748 pul-

77 754 304 803 chfitnffijg,
328 758 369 791 nt
393 753 455 799 qui
478 757 535 789 est
558 761 623 788 ens
646 750 808 787 rationis.
855 751 905 786 At
929 754 1013 785 sunt
1035 749 1319 796 praestantiores
1344 749 1442 787 visus
1467 755 1504 786 et
1518 751 1665 788 auditus
1688 758 1727 790 et
1738 755 1871 793 rationi

76 807 284 853 viciniom‚
308 810 348 843 a
370 812 426 842 est
450 814 563 851 penes
586 803 732 839 illorum
755 802 921 848 subjecta
945 808 1133 848 respectus
1156 802 1454 849 pulchritudinis;
1480 803 1636 850 donique
1658 805 1758 842 hisce
1782 806 1871 844 duo-

76 863 145 899 bu.
168 859 336 897 mgibm
359 868 447 904 prae
472 856 602 893 ceteris
628 856 742 892 utitur
763 854 1026 892 mathematice.
1075 854 1172 900 Ergo
1200 852 1291 891 baec
1315 854 1470 891 facultas
1493 854 1742 901 complectitur
1762 859 1871 896 etiam

5 960 7 962 q
75 913 236 951 actiones
259 916 296 951 et
318 909 499 948 exercitia.

189 965 288 1002 Nota
309 963 444 1000 XXIII.
491 961 585 998 Esse
609 971 693 996 vero
717 960 828 997 hosce
853 961 944 998 duos
968 971 1097 997 sensus
1120 960 1252 996 rationi
1277 970 1385 1005 quam
1410 961 1565 1001 mnam
1581 967 1766 1009 cognatos,
1790 977 1872 1011 pro.
1927 987 1934 995 ,

73 1019 138 1056 bat
159 1029 206 1055 ex
229 1023 356 1055 mutua
378 1015 536 1062 ipsarum
560 1013 773 1060 cognatione
790 1012 1050 1058 exercitioque,
1074 1013 1112 1049 in
1130 1023 1202 1059 quo
1223 1012 1416 1058 plurimum
1440 1013 1591 1050 rationis
1614 1014 1764 1063 relucet,
1788 1029 1872 1055 nam

75 1072 114 1108 in
135 1071 207 1108 hnc
230 1068 397 1108 consistit
420 1066 565 1104 illorum
589 1065 774 1111 cognatio,
800 1065 896 1112 quod
917 1062 1047 1110 juvant
1069 1065 1251 1101 rationem*
1269 1065 1375 1110 eique
1398 1065 1631 1104 famulantur.

194 1122 290 1158 Nota
314 1121 445 1157 XXIV.
493 1120 548 1156 De
572 1117 843 1154 mathematices
867 1118 1027 1164 practica
1051 1122 1154 1163 parte
1178 1116 1362 1153 indefinite
1387 1117 1544 1163 dixerat;
1571 1118 1648 1163 jam
1673 1131 1765 1166 quae
1789 1127 1875 1160 sunt

75 1174 286 1222 potissimae
308 1173 489 1220 practicae
512 1171 783 1208 mathematices
808 1171 966 1216 specie-s,
1000 1179 1066 1215 per
1097 1170 1241 1206 eosdem
1267 1180 1395 1206 sensns
1428 1171 1601 1217 explicat,
1634 1173 1765 1217 quibus
1789 1176 1873 1213 hac·

75 1233 182 1266 tenus
206 1236 288 1264 esse
312 1226 452 1272 aliquas
477 1225 513 1260 in
538 1234 669 1269 genere
692 1223 916 1269 probaverat.
966 1223 1073 1259 Visus
1105 1223 1197 1258 enim
1229 1223 1358 1258 rationi
1394 1225 1505 1259 servit
1536 1223 1581 1260 ad
1617 1229 1873 1265 astronomiam

4 1294 7 1298 ·
79 1280 303 1319 discendam.
328 1278 474 1315 auditus
497 1277 542 1313 ad
567 1272 811 1312 harmonicen.

0 1325 9 1341 ⁶
173 1333 271 1369 Nota
291 1332 404 1368 XXV.
453 1331 503 1366 Et
527 1335 681 1375 utraque
704 1327 828 1374 utitur,
851 1332 925 1363 tam
950 1328 1146 1372 geometria
1170 1338 1276 1373 quam
1295 1327 1530 1363 arithmetica.
1576 1329 1669 1365 Nam
1700 1330 1739 1366 in
1762 1335 1878 1368 astro·

78 1386 198 1424 nomia
219 1384 347 1431 figuris
373 1394 465 1430 opus
490 1387 557 1429 est,
584 1381 630 1418 ad
655 1380 806 1417 formam
830 1386 992 1417 motuum
1017 1380 1346 1425 demonstrandam,
1371 1381 1530 1418 numeris
1555 1381 1602 1418 ad
1625 1388 1789 1429 tempora
1811 1384 1876 1420 ali-

78 1436 442 1486 quadiuumermda
488 1435 547 1472 Sic
582 1435 690 1470 etiam
722 1434 758 1470 in
791 1434 999 1470 harmonice
1031 1432 1156 1479 figuris
1187 1432 1302 1469 utitur
1334 1432 1564 1469 Ptolemaeus
1594 1435 1641 1471 ad
1674 1435 1872 1471 sectionem

2 1507 9 1515 -·
77 1489 234 1527 chordae
257 1489 484 1534 canonicam,
516 1498 582 1534 ego
607 1497 692 1522 vero
716 1485 841 1522 iisdem
868 1490 950 1520 utor
978 1484 1092 1520 multo
1118 1485 1291 1530 maxime3
1324 1486 1482 1522 numeris
1507 1497 1591 1523 vero
1622 1488 1761 1534 indiget
1793 1499 1874 1534 pro·
1944 1496 1947 1499 ’

2 1527 7 1542 ¹
78 1542 299 1587 portionum,
329 1540 390 1586 qui
414 1539 668 1575 consonantias
702 1544 738 1574 et
762 1543 882 1575 cetera
906 1537 1115 1572 harmonica
1146 1536 1334 1572 intervalla
1358 1536 1525 1582 gignunt,
1557 1539 1656 1575 varia
1688 1545 1726 1576 et
1754 1540 1874 1576 multi·

0 1579 27 1646 ,Ῐῆ
77 1593 165 1641 plen
184 1593 353 1630 tramtio
377 1592 633 1628 arithmeticae.

0 1651 18 1696 ‘fv
191 1651 290 1688 Nota
312 1651 442 1686 XXVI.
491 1649 732 1686 consobrinas
757 1649 917 1694 appellat
941 1648 1199 1684 astronomiam
1223 1652 1260 1683 et
1283 1647 1525 1693 harmoniam,
1556 1650 1643 1694 quia
1665 1653 1798 1687 matres
1822 1652 1876 1698 ip.

6 1726 19 1751 ,3-
79 1715 222 1749 m,
250 1693 349 1740 illirss
378 1703 476 1738 visus
500 1706 537 1737 et
560 1701 669 1746 hujus
694 1700 854 1743 auditus,
891 1710 1034 1735 sorores
1069 1704 1175 1743 sunt;
1210 1709 1354 1736 sorores
1385 1705 1505 1736 autem
1534 1701 1634 1737 visus
1658 1707 1695 1738 et
1718 1702 1876 1750 auditus,

4 1760 20 1805 ’ᾖ
81 1756 167 1803 quia
190 1766 415 1795 communem
438 1760 588 1791 matrem
612 1754 749 1790 habent
771 1753 966 1794 rationem,
989 1751 1047 1787 vel
1071 1751 1157 1797 quia
1180 1751 1284 1787 ambo
1309 1757 1394 1787 sunt
1417 1752 1491 1795 sub¹
1508 1763 1641 1798 genere
1664 1765 1806 1792 sensus.

5 1837 26 1868 ὲ
196 1815 295 1858 Nota
317 1813 467 1850 XXVII.
515 1812 701 1848 Educatas
725 1811 776 1848 ait
798 1822 821 1846 a
844 1809 1060 1854 nutricibus,
1094 1821 1140 1846 ex
1164 1810 1379 1854 cognatione
1404 1821 1471 1846 sna
1494 1812 1667 1856 proximis
1679 1811 1702 1855 ‚'‘
1717 1813 1877 1860 intellige

84 1878 108 1904 a
131 1865 329 1914 geometria
352 1870 389 1901 et
413 1864 639 1901 arithmetica
662 1868 700 1900 et
723 1867 913 1908 utramque
938 1862 1082 1907 quidem
1099 1864 1144 1899 ab
1162 1868 1325 1909 utraque,
1350 1864 1464 1908 magis
1482 1869 1603 1900 tamen
1619 1867 1876 1903 astronomiam

0 1918 24 1958 Q,
81 1932 105 1958 a
127 1920 333 1967 geometria,
359 1918 404 1954 ob
431 1918 634 1961 schemata,
668 1915 783 1962 magis
808 1915 1040 1952 harmonicen
1065 1916 1110 1951 ab
1136 1916 1377 1959 arithmetica,
1409 1918 1454 1953 ob
1478 1917 1730 1963 proportiones
1754 1930 1878 1955 nume-

81 1983 218 2018 rorum,
256 1975 293 2008 et
323 1971 409 2017 quia
438 1967 694 2005 consonantias
719 1967 947 2003 Ptolemaeus
973 1967 1165 2013 investigat
1196 1979 1262 2013 per
1285 1979 1455 2006 numeros
1489 1970 1713 2014 abstractos,
1751 1976 1878 2008 contra

6 2039 10 2043 ·
32 2057 41 2064 ,,
87 2030 194 2073 qnam
218 2034 297 2070 ego.
344 2022 514 2058 Proxima
538 2022 646 2057 etiam
671 2026 727 2056 est
750 2020 947 2065 geometria
970 2021 1063 2056 visui
1086 2020 1122 2056 in
1147 2021 1373 2066 cognatione,
1399 2022 1483 2066 quia
1497 2021 1680 2057 schemata
1697 2023 1775 2058 solo
1799 2023 1878 2060 visu

84 2076 344 2123 percipiuntur,
366 2085 440 2110 non
467 2073 610 2118 auditu3
635 2072 800 2118 proxima
825 2077 881 2108 est
904 2072 1129 2108 arithmetica
1152 2072 1302 2117 auditui,
1328 2074 1413 2118 quia
1437 2084 1604 2110 numerus
1624 2085 1696 2109 non
1713 2075 1879 2120 expedite

14 2128 35 2172 3.
84 2130 166 2167 visu
187 2130 406 2176 percipitur,
442 2128 514 2163 nisi
538 2137 669 2173 parvus
693 2127 757 2170 sit,
782 2130 820 2161 at
843 2126 1042 2171 percipitur
1066 2124 1233 2170 expedite
1257 2135 1323 2170 per
1346 2126 1524 2170 auditum,
1559 2131 1710 2172 propter
1737 2137 1879 2163 succes-

17 2172 34 2228 sjj
85 2183 206 2219 nones
233 2181 470 2226 temporarias
499 2179 699 2221 sonituum,
736 2177 782 2212 ad
806 2178 1090 2213 numerationem
1114 2178 1207 2212 enim
1232 2178 1428 2223 requiritur
1458 2182 1602 2223 tempus
1633 2183 1670 2213 et
1693 2179 1876 2221 memoria,

86 2234 216 2280 Aptior
238 2240 296 2270 est
317 2234 446 2269 horum
476 2242 646 2268 sensnum
671 2231 854 2266 distinctio
878 2242 923 2266 ex
948 2231 1192 2276 subjectorum
1218 2229 1440 2266 differentiis.
1487 2231 1580 2265 Nam
1609 2231 1708 2267 visus
1737 2231 1878 2276 subjec-

85 2293 163 2325 tum
186 2288 226 2323 in
246 2297 322 2324 esse
345 2291 527 2329 versatur,
554 2284 697 2321 auditus
722 2284 758 2319 in
781 2285 872 2328 fieri.
922 2285 1139 2328 Propterea,
1167 2293 1259 2326 quae
1284 2282 1466 2326 videntur,
1500 2287 1678 2327 quatenus
1702 2282 1878 2327 videntur,

88 2351 134 2377 eg
152 2344 240 2377 gunt
264 2344 301 2377 et
323 2337 360 2374 in
383 2341 563 2374 momento
590 2342 687 2380 sunt,
712 2346 804 2380 quae
828 2346 913 2372 vero
938 2336 1144 2377 audiuntur,
1174 2345 1217 2370 ea
1241 2334 1413 2381 temporis
1437 2338 1593 2370 tractum
1616 2335 1814 2380 requirunt,
1837 2340 1878 2370 ut

86 2392 192 2437 fiant,
215 2396 252 2428 et
274 2390 364 2426 lucis
388 2388 543 2425 effluxus
569 2394 625 2424 est
647 2387 685 2423 in
709 2394 902 2426 momento.
927 2388 1006 2423 soni
1022 2388 1058 2422 in
1075 2392 1246 2431 tempore.
1295 2388 1421 2430 Itaque
1439 2384 1560 2430 fulgur
1582 2385 1759 2430 fragorem
1775 2396 1879 2432 prae-
1944 2423 1950 2428 ,

26 2444 51 2493 gs.
90 2444 240 2480 vertitur
263 2442 473 2484 ineffluxu,
498 2441 567 2477 etsi
589 2441 625 2476 in
650 2440 748 2475 fonte
772 2440 844 2475 sint
868 2440 985 2476 simul.
1035 2440 1122 2475 Cum
1146 2439 1255 2483 igitur
1284 2439 1390 2474 etiam
1422 2440 1621 2475 numeratio
1650 2444 1794 2484 tempus
1823 2449 1878 2474 re-

25 2493 54 2540 ff
91 2495 222 2540 quirat,
246 2505 318 2530 non
343 2494 459 2529 minus
483 2494 590 2539 qnam
614 2503 735 2534 sonus,
759 2492 833 2527 sive
853 2491 927 2536 jam
952 2491 1124 2526 audibilia
1149 2501 1386 2533 numeremus,
1410 2491 1484 2525 sive
1502 2491 1671 2536 visibilia,
1697 2492 1780 2527 hinc
1804 2501 1878 2526 mo-

40 2545 53 2589 j‘
90 2551 247 2583 mentum
271 2545 417 2592 aliquod
440 2544 578 2580 accedit
602 2544 649 2579 ad
672 2543 920 2590 cognationem
945 2543 1089 2578 auditus
1113 2554 1194 2579 cum
1219 2542 1453 2578 arithmetica.

206 2598 257 2635 Ut
280 2603 400 2635 autem
425 2594 607 2642 appareat,
634 2596 811 2642 quomodo
836 2595 1005 2631 distincta
1029 2595 1102 2631 sint
1124 2595 1161 2631 in
1186 2595 1286 2631 hisce
1309 2594 1439 2630 mentis
1463 2593 1713 2630 affectionibus
1740 2595 1879 2631 theoria

92 2655 129 2687 et
149 2647 292 2698 praxis.
328 2651 466 2687 animus
497 2649 543 2684 ad
567 2650 797 2694 geometriam
825 2649 1019 2694 praecipue
1054 2652 1109 2682 est
1140 2646 1412 2683 convertendus.
1460 2646 1503 2681 In
1540 2656 1583 2681 ea
1613 2646 1878 2691 propositiones

38 2702 54 2744 ’,ς
90 2704 274 2749 pertinent
298 2704 344 2740 ad
368 2701 623 2748 speculativam
647 2706 805 2745 partem,
839 2711 921 2736 nam
944 2700 1099 2736 formant
1133 2704 1346 2744 conceptum
1374 2699 1624 2734 theoreticam.
1670 2700 1878 2744 Apparatus

92 2762 137 2792 etr
154 2756 320 2792 formatio
353 2754 544 2790 schematis
576 2763 622 2787 ex
649 2753 905 2797 propositionis
935 2752 1159 2798 praescripto
1193 2757 1230 2786 et
1261 2750 1427 2787 deductio
1451 2750 1767 2785 demonstrationis
1793 2755 1879 2787 sunt

27 2804 65 2851 ‘ff
90 2806 334 2845 mdimentum
347 2806 554 2842 manuariae
570 2805 919 2849 repraesentationis.
952 2805 1047 2840 Usus
1065 2815 1148 2838 vero
1165 2801 1430 2848 propositionis,
1455 2806 1495 2836 ut
1506 2801 1582 2844 jam
1599 2800 1876 2848 demonstratae,
1919 2809 1923 2813 ’

90 2860 141 2896 nd
165 2860 237 2896 alia
259 2866 368 2904 atque
391 2858 462 2894 alia
485 2856 720 2902 expedienda,
743 2856 820 2892 vice
843 2856 1038 2894 habitualis
1057 2855 1225 2897 ,exercitii
1249 2858 1343 2890 sunt.
1385 2853 1434 2888 Et
1450 2851 1602 2896 amplius
1626 2852 1663 2888 in
1688 2853 1783 2888 omni
1806 2854 1877 2900 syl-

90 2911 258 2958 logismo,
283 2911 494 2956 praesertim
517 2908 786 2952 mathematico,
810 2908 925 2953 major
948 2909 1146 2954 propositio
1171 2907 1282 2942 vicem
1307 2903 1563 2950 speculationis
1588 2904 1679 2948 obit,
1704 2910 1760 2941 est
1783 2906 1877 2943 enim

98 2964 144 3011 de
165 2964 364 3007 abstracto,
397 2963 512 2998 minor
535 2962 648 2996 vicem
672 2960 843 3004 actionis,
874 2961 958 3005 quia
982 2960 1158 2996 subsumit
1182 2958 1326 3003 aliquod
1350 2954 1561 3007 plerumque
1585 2961 1811 3002 concretum,
1835 2963 1878 2995 ut

35 3021 71 3071 „2
88 3025 206 3067 ⁴sonos
231 3015 289 3050 vel
312 3012 464 3051 chordas
488 3013 545 3049 vel
568 3011 688 3048 radios
713 3018 750 3046 et
774 3011 902 3047 similia
925 3011 963 3048 in
985 3011 1239 3058 propositionis
1265 3009 1426 3054 subjecto
1441 3009 1570 3055 posita,
1595 3009 1723 3054 quibus
1748 3010 1875 3049 tribuit
