1994 3276
115 81 199 120 440
261 80 264 81 ⁷
470 56 480 63 ἐ
742 77 962 123 Appendicis
987 77 1287 114 Harmonicorum

115 198 238 236 bilivi.
297 197 428 236 Etiam
458 196 650 236 medicum
681 201 720 235 te
751 193 1006 246 oblivisceris,
1040 198 1107 247 qui
1137 198 1267 237 nullos
1298 196 1453 239 morbos
1483 200 1571 245 nisi,
1590 198 1640 238 ab
1671 200 1801 241 anima
1821 210 1914 250 pese-

117 258 216 294 sima
248 260 286 294 et
317 256 514 294 malevola
544 256 697 294 causari
735 257 878 305 garris,
910 257 1022 305 quasi
1055 268 1132 295 non
1151 258 1382 296 creberrima
1409 258 1459 295 sit
1488 257 1760 306 alimentorum
1785 257 1913 308 culpa.

118 315 224 352 Dum
255 325 348 352 vero
382 313 557 364 explodis
589 325 749 353 eausam
778 313 905 352 fluxus
947 320 985 352 et
1015 315 1183 352 refluxus
1214 317 1349 364 maris,
1390 310 1683 365 respirationem
1714 327 1784 356 seu
1813 316 1915 356 reci-

116 374 382 423 procationem
413 372 579 418 Terrae,
611 371 739 421 qualis
771 374 808 409 in
840 373 1026 422 piscibus,
1059 373 1189 423 prodis
1231 381 1268 412 te
1301 385 1376 412 non
1407 386 1493 414 esse
1522 379 1783 424 geometram„
1831 373 1917 421 Nes,

121 443 319 480 quaquam
360 431 484 480 major
524 430 567 468 fit
603 430 727 469 moles
765 436 954 469 attractae
993 443 1136 480 aquae,
1182 444 1299 482 quam
1339 437 1399 471 est
1428 431 1579 473 Terrae.
1603 443 1762 483 corpus.
1819 431 1914 473 Esto

118 491 243 536 enim,
283 494 325 527 ut
356 494 440 528 tota
471 491 574 527 intus
605 488 721 539 plena
751 490 801 527 sit
832 500 947 538 aqua,
994 501 1071 527 non
1104 501 1202 540 opus
1234 490 1395 529 habebit
1435 490 1486 528 ad
1517 489 1713 535 defluxum
1745 501 1913 534 causan-

116 548 205 585 dum
255 547 342 597 plus
368 547 578 586 attrahere
627 559 695 597 per
737 549 1039 585 contractionem
1089 550 1256 598 partium
1298 549 1517 599 aliquarum
1555 548 1752 596 mollium,
1797 560 1916 598 quam

117 610 307 655 quantum
348 606 464 644 efficit
507 617 718 660 paucorum
759 605 902 655 pedum
941 605 1127 655 altitudo,
1172 618 1259 645 cum
1302 607 1452 656 reliqua
1484 607 1732 657 profunditas
1774 611 1921 657 aequet,

120 665 203 703 900
235 664 427 703 milliaria.
490 664 532 702 Si
575 669 715 702 testam
757 669 838 702 tute
883 665 967 713 ipse
1011 665 1106 703 sacis
1137 664 1297 703 Terram
1321 671 1410 704 2aut
1451 665 1569 704 ollam
1613 665 1914 716 aquaplenam,

117 723 307 772 quantulo
340 724 466 760 minus
498 723 569 761 erit
599 722 669 760 illa
700 723 769 760 tibi
801 722 1052 769 miraculosa,
1092 735 1208 772 quam
1240 725 1272 761 si
1303 723 1481 763 cochlear
1518 735 1638 763 unum
1666 729 1784 773 atque
1815 723 1916 762 alte-

119 793 204 819 rum
236 782 390 820 hauriat
421 780 599 830 amplius.
662 780 719 818 Ex
750 792 836 819 meo
868 780 933 818 sol.
954 782 1062 819 255.
1107 782 1407 832 ut‘plerumque
1437 794 1638 833 perperam
1667 782 1817 831 allegas
1847 793 1916 820 su-

118 841 268 888 misque
301 839 375 878 hoc
405 841 648 889 potissimum
680 839 998 888 impugnandum,
1033 839 1136 888 quod
1168 843 1336 880 animam
1358 840 1502 879 Terrae
1525 840 1688 880 dixerim
1707 841 1915 889 flammam,

118 899 331 936 sorbitione
362 899 525 936 marium
557 897 784 944 fovendam,
818 909 905 936 cum
943 910 1016 946 ego
1047 899 1285 948 scripserim,
1312 899 1481 950 flamma
1512 898 1712 949 quaedam
1745 910 1825 938 esse
1854 901 1918 938 vi—

116 956 244 1004 detur,
278 958 333 994 ita
360 968 457 996 rvero
489 956 684 1005 loquimur
715 955 762 994 de
794 967 852 1003 eo,
886 956 989 1005 quod
1021 963 1078 994 est
1108 957 1233 996 simile
1261 958 1452 997 flammae.
1514 956 1577 996 Sic
1607 959 1738 997 anima
1758 957 1917 1008 plantae

119 1007 187 1052 est
208 1014 365 1053 flamma
396 1014 608 1064 quaedam,
653 1014 777 1052 tendit
821 1016 920 1052 enim
951 1026 1122 1064 sursum3
1169 1017 1223 1054 sic
1254 1017 1292 1053 in
1323 1016 1490 1054 hominis
1520 1016 1634 1055 corde
1671 1021 1730 1055 est
1760 1009 1917 1055 lucerna

118 1074 331 1123 quaedam,
380 1072 586 1111 ventilatur
625 1074 727 1111 enim
767 1078 805 1111 et
845 1072 1003 1111 effumat
1047 1079 1119 1111 etc.
1181 1073 1427 1124 Quamquam
1473 1085 1550 1112 non
1591 1073 1707 1113 valde
1753 1086 1914 1125 pugnas,

118 1131 341 1170 recordatus
373 1131 540 1170 Archaei
572 1132 628 1169 tui
658 1130 906 1169 Paracelsici.
965 1131 1062 1181 Ego,
1096 1133 1146 1169 mi
1168 1132 1351 1179 Roberte,
1383 1132 1431 1171 de
1452 1133 1656 1172 vocabulis
1675 1143 1750 1173 non
1767 1144 1915 1182 pugno.

118 1190 160 1228 Si
199 1191 269 1229 tibi
310 1202 387 1228 non
426 1189 555 1240 placet
593 1201 669 1228 vox
707 1190 836 1228 anima
868 1189 1032 1235 Terrae,
1077 1202 1146 1240 per
1176 1203 1236 1230 me
1276 1191 1346 1229 tibi
1386 1191 1533 1229 licebit*
1559 1191 1665 1231 illam
1699 1190 1917 1237 Archaeum
1969 1205 1976 1210 ·

119 1248 262 1287 Terrae
296 1248 443 1296 dicere,
489 1260 604 1297 quem
634 1249 773 1285 mirum
815 1259 892 1293 non
924 1246 1068 1286 dudum
1113 1249 1184 1287 abs
1215 1254 1253 1287 te
1284 1249 1511 1300 productum
1557 1250 1593 1286 in
1637 1250 1916 1299 superioribus,

120 1319 206 1345 cum
239 1309 319 1346 ae'ri
352 1307 614 1346 circumstanti
648 1307 777 1344 omnia
808 1307 1016 1353 tribueres,
1060 1318 1160 1356 quae
1192 1307 1254 1345 vel
1286 1308 1349 1345 hic
1378 1309 1462 1356 ipse
1497 1308 1693 1346 Archaeus
1731 1319 1754 1345 a
1783 1307 1916 1346 Theo·

118 1365 278 1415 phrasto
321 1377 392 1404 suo
425 1365 649 1415 peragenda
679 1366 841 1414 aceepit.
903 1364 963 1402 De
994 1367 1208 1414 geometria
1242 1367 1279 1402 in
1311 1373 1438 1404 mente
1474 1366 1546 1404 Dei
1585 1378 1733 1404 mecum
1764 1370 1807 1405 tu
1837 1378 1916 1406 non

118 1435 284 1474 pugnas,
316 1425 381 1474 qui
413 1435 512 1474 pene
544 1435 591 1462 ex
622 1434 708 1461 meo
741 1435 806 1461 ore
836 1422 1019 1472 loqueris,
1052 1429 1158 1461 ratus
1191 1429 1229 1462 te
1261 1429 1394 1462 contra
1415 1437 1475 1462 ine
1499 1426 1687 1474 excipere.
1748 1422 1915 1465 Senten-

119 1484 212 1520 tiam
242 1494 368 1521 meam
400 1482 576 1520 ultimam
608 1481 655 1520 de
688 1481 908 1519 charactere
940 1480 1091 1520 zodiaci
1122 1481 1258 1519 laudas
1291 1487 1328 1520 et
1356 1483 1562 1532 approbas,
1595 1482 1718 1520 solum
1751 1484 1916 1531 priorem

121 1541 243 1579 habes
276 1541 360 1590 ejus
392 1541 684 1590 impressionem
727 1540 764 1577 in
798 1542 925 1578 aerem
964 1544 1001 1577 et
1033 1545 1161 1578 cetera
1195 1546 1262 1579 tuo
1294 1551 1411 1579 more.
1475 1540 1663 1589 Adeoque
1701 1542 1771 1590 qui
1799 1552 1916 1589 supra

120 1599 284 1647 dixeras,
317 1602 445 1637 ae'rem
478 1598 568 1637 dare
600 1598 742 1650 Terrae
775 1600 914 1645 vitam,
962 1609 1064 1637 nunc
1095 1599 1251 1648 insuper
1281 1598 1409 1637 locum
1450 1600 1485 1637 ei
1517 1598 1586 1637 das
1629 1600 1729 1636 intra
1758 1598 1916 1642 Terram

119 1659 236 1695 etiam
267 1662 305 1695 et
335 1657 443 1695 illum
476 1669 562 1695 cum
593 1668 680 1695 mea
711 1656 853 1694 Terrae
885 1657 1014 1694 anima
1045 1657 1117 1695 sub
1150 1656 1251 1694 idem
1283 1668 1425 1706 genus,
1455 1658 1556 1706 ignis
1588 1656 1755 1703 scilicet,
1786 1657 1914 1705 refers,

120 1718 247 1754 a'c‘rem
280 1727 457 1754 asserens
489 1716 588 1753 intra
620 1715 778 1754 Terram
810 1727 894 1753 esse
913 1715 1057 1763 rignem
1093 1720 1346 1763 contractum.
1409 1715 1582 1763 Benigne
1611 1715 1793 1761 dimittor,
1823 1727 1916 1765 gra-

119 1775 194 1812 tias
226 1785 320 1824 ago,
365 1773 462 1811 nihil
492 1773 586 1812 mihi
618 1785 730 1823 porro
775 1775 889 1823 eripis
921 1774 993 1811 nisi
1025 1775 1200 1821 nomina,
1244 1785 1323 1811 rem
1353 1773 1552 1823 relinquis.
1616 1773 1692 1812 Cur
1730 1774 1846 1822 igitur,
1877 1774 1916 1810 in

123 1833 374 1871 conclusione
405 1832 522 1882 hujus
552 1832 627 1870 loci
659 1844 811 1882 paeana
844 1834 949 1869 canis
989 1843 1105 1882 super
1135 1844 1195 1870 me
1227 1831 1484 1882 triumphato,
1531 1830 1708 1880 adeoque
1739 1837 1778 1869 et
1807 1830 1916 1869 salsis

120 1901 184 1928 me
212 1891 439 1929 >criminibus
473 1902 631 1929 oneras:
679 1902 814 1929 omnes
843 1902 906 1928 me
942 1895 1108 1938 praeter
1147 1902 1210 1928 me
1239 1891 1372 1938 ipsum
1412 1889 1706 1930 condemnare?
1748 1888 1926 1938 deniquev

121 1949 240 1987 verba
281 1961 369 1987 mea
411 1949 457 1987 dc
498 1950 660 1987 materia
699 1949 788 1987 libri
818 1948 890 1986 III.
930 1950 1109 1987 sonantia
1155 1955 1222 1986 tuo
1262 1948 1463 1986 commodo
1498 1946 1604 1986 velut
1637 1947 1683 1986 de
1714 1946 1812 1986 libro
1844 1946 1914 1986 IV.

121 2006 225 2046 dicta
256 2009 398 2056 repetis
432 2013 469 2045 et
500 2007 708 2058 explodis?

239 2065 358 2104 Libro
391 2077 477 2103 meo
509 2065 558 2106 V
590 2067 756 2115 primum
786 2075 862 2102 non
895 2076 1029 2129 censes
1062 2036 1297 2102 audiendam
1326 2064 1548 2102 suasionem
1579 2074 1724 2110 meam,
1770 2067 1812 2100 ut
1840 2074 1913 2101 ve-

121 2128 221 2162 teres
254 2122 491 2174 hypotheses
524 2125 652 2161 animo
685 2123 896 2172 ejiciamus.
955 2123 1170 2161 Neminem
1189 2134 1298 2172 cogo,
1331 2121 1399 2161 sed
1429 2122 1504 2160 hoc
1526 2127 1669 2160 certum
1691 2121 1817 2160 habe·
1848 2121 1914 2170 qui

122 2182 186 2219 hic
217 2182 311 2219 mihi
352 2194 426 2224 non
459 2187 588 2232 paret,
635 2183 665 2220 is
698 2181 898 2231 voluptate
942 2181 1010 2218 illa
1047 2192 1122 2219 non
1154 2182 1343 2230 potietur,
1389 2191 1489 2229 quae
1526 2180 1669 2218 hauriri
1699 2183 1830 2230 potest
1866 2191 1921 2227 ex,

120 2240 454 2290 speculationibus
492 2240 579 2277 libri
614 2239 661 2277 V.
721 2239 872 2288 Negas,
917 2240 1012 2277 meis
1054 2240 1204 2288 scriptis
1246 2238 1431 2276 hactenus
1464 2238 1661 2282 effectum,
1706 2242 1749 2277 ut
1777 2237 1914 2290 Ptole-

122 2311 274 2336 maeum
305 2299 462 2348 rejicere
493 2299 632 2349 possis.
693 2297 869 2347 Ignosce,
902 2299 936 2335 si
966 2301 1004 2335 te
1034 2308 1110 2334 uon
1137 2297 1249 2346 juvo,
1282 2307 1359 2334 non
1390 2296 1559 2346 explicas
1586 2298 1699 2344 enim,
1731 2307 1810 2345 qua
1839 2306 1913 2344 po-

122 2358 312 2394 tissimum
354 2359 390 2394 in
430 2369 469 2395 re
511 2357 684 2394 haereas.
746 2355 935 2405 Nuspiam
975 2366 1066 2393 vero
1110 2354 1250 2393 clarius
1292 2354 1432 2404 probas
1463 2357 1595 2393 coetui.
1625 2360 1684 2393 tot
1714 2354 1913 2397 doctorum

123 2415 497 2462 mathematicorum,
529 2420 567 2452 te
599 2415 876 2452 astronomiam
897 2415 1085 2463 ignorare,
1120 2425 1235 2462 quam
1257 2412 1330 2460 hic,
1364 2413 1427 2450 ubi
1452 2418 1619 2451 veterem
1639 2413 1914 2454 astronomiam

123 2480 257 2512 contra
279 2485 411 2512 omnes
434 2473 637 2512 modernos
669 2471 835 2521 extollis,
867 2485 892 2510 a
922 2471 1150 2511 certitudine
1172 2471 1447 2520 praedictionis
1473 2477 1647 2510 motuum
1679 2469 1798 2520 (quae
1828 2481 1914 2508 cre-

123 2532 191 2569 bro
225 2534 269 2581 2,
315 2534 358 2583 3,
391 2533 438 2579 4,
472 2531 495 2569 5
527 2530 670 2580 gradus
700 2542 861 2580 peccare
892 2530 1013 2569 oculis
1045 2529 1359 2580 deprehenditur)
1391 2535 1508 2578 atque
1543 2529 1769 2568 certitudine
1801 2540 1914 2577 prae-

123 2589 310 2628 dictorum
351 2589 688 2640 astrologicorum,
736 2599 835 2637 quae
873 2593 963 2626 sunt
1005 2588 1051 2625 de
1096 2588 1232 2624 suturis
1276 2588 1606 2637 contingentibus,
1652 2585 1913 2626 commendas.

122 2648 258 2697 Neque
290 2653 417 2686 tamen
449 2647 544 2684 mihi
574 2648 650 2684 tuis
682 2646 862 2696 epithetis
894 2657 990 2696 opus
1022 2650 1100 2693 est,
1138 2650 1180 2682 ut
1210 2643 1421 2683 doctrinam
1442 2645 1657 2684 Ptolemaei
1677 2657 1740 2683 ore
1772 2646 1913 2683 immo-

124 2705 232 2744 desto
269 2703 454 2754 spuriam
494 2704 697 2756 appellem.
759 2703 898 2752 Itaque
940 2704 1032 2753 quia
1064 2704 1100 2739 in
1133 2704 1356 2740 suasionum
1398 2705 1679 2742 contentionem
1711 2702 1913 2741 descendi-

123 2775 229 2812 mus,
275 2763 420 2802 suadeo
461 2775 533 2813 ego
577 2762 805 2810 lectoribus,
847 2761 1025 2799 Clavium
1056 2762 1185 2810 potius
1216 2761 1394 2808 audiant,
1428 2763 1677 2800 exercitatum
1708 2760 1911 2809 innssPtole-

124 2823 247 2860 maica
288 2823 523 2859 astronomia
567 2821 880 2859 mathematicum
922 2817 1001 2871 (qui
1044 2818 1200 2865 suadet,
1249 2819 1344 2858 alias
1377 2831 1607 2868 quaeramus
1648 2815 1910 2869 hypotheses),

125 2890 239 2926 quam
271 2886 308 2918 te
340 2879 564 2927 Robcrtum,
598 2878 834 2917 mathemata
863 2878 961 2915 inter
1000 2877 1153 2914 umbras
1185 2882 1223 2915 et
1238 2877 1511 2927 phantasmata
1532 2877 1789 2927 abjicientem,
1821 2874 1911 2912 dum

125 2937 263 2975 suades
296 2938 535 2976 Ptoleinaica
579 2939 753 2976 retinere.
814 2935 875 2973 De
918 2936 1046 2984 quiete
1085 2935 1148 2973 vel
1179 2941 1287 2974 motu
1315 2935 1418 2974 Solis
1456 2947 1532 2973 non
1564 2941 1645 2977 erat
1688 2934 1796 2972 locus
1829 2932 1910 2970 dis-

125 2995 285 3043 putandi
321 2997 360 3032 in
392 2995 656 3039 Harmonicis,
697 2994 817 3032 labet
857 2993 952 3031 haec
982 3004 1041 3030 res
1078 2992 1260 3031 idoneum
1302 3005 1414 3031 suum
1453 2994 1580 3031 locum
1617 2994 1718 3042 Epit.
1753 2991 1908 3030 Astron.

125 3051 223 3089 libro
261 3053 343 3102 IV,
386 3055 454 3091 ubi
491 3054 665 3094 invenies
709 3051 814 3103 quod
853 3062 966 3102 agas,
1013 3051 1047 3088 si
1087 3051 1253 3090 refutare
1293 3050 1543 3089 fundamenta
1578 3051 1648 3089 illa
1689 3050 1909 3087 tentaveris.
