1988 3276
121 105 176 177 42
630 134 818 181 Epistolae
842 134 991 181 Kepleri
1013 134 1234 181 aliorumque
1257 137 1403 172 mutuae

120 259 158 294 te
187 254 263 294 hoc
293 266 430 306 agere,
473 258 517 293 ut
546 253 729 294 editionis
772 266 842 294 seu
871 255 970 295 bene
994 253 1215 296 adornatae
1243 253 1399 295 laudem
1437 265 1511 295 seur
1535 255 1637 296 male
1680 254 1835 306 culpam
1865 267 1912 294 ex

119 319 230 364 parte
260 314 299 352 in
329 325 391 353 me
421 314 615 363 recipiam.
677 312 764 363 Quo
795 314 1009 364 supposito,
1037 314 1120 364 jam
1149 313 1247 353 illud
1277 325 1433 364 quoque
1463 315 1648 364 sequitur,
1684 315 1718 353 si
1746 315 1913 353 maxime

119 372 304 412 librorum
334 373 524 411 sarcinam
553 373 706 421 misero,
737 384 799 411 me
828 372 992 412 fortasse
1022 373 1131 412 brevi
1162 373 1269 412 illam
1305 376 1559 422 recepturum.
1617 373 1792 412 Petieras
1820 371 1914 426 lite-

119 432 171 470 ris
200 431 394 481 prioribus
423 441 552 469 meum
583 430 632 470 de
662 432 839 470 versione
864 431 1068 480 judicium.
1129 431 1259 481 Hujus
1289 430 1478 481 postulati
1497 430 1551 469 M.
1574 431 1699 470 Tuam
1730 442 1778 469 ex
1803 435 1912 481 parte

119 494 338 540 compotem
367 489 494 528 facere
524 490 652 528 visum
682 494 742 528 est
773 489 924 545 duabus
954 490 1087 540 primis
1117 490 1272 539 paginis
1302 490 1549 537 transmissis,
1581 490 1619 528 in
1650 489 1791 539 quibus
1812 489 1912 528 Por-

118 548 246 599 phyrii
276 559 413 587 sensus
445 546 597 586 videtur
626 549 724 587 meis
754 546 1090 587 emendationibus
1119 548 1219 587 bene
1251 552 1290 588 et
1319 547 1422 587 clare
1453 559 1678 598 expressus3
1709 549 1912 597 antiquam

119 617 212 645 vero
243 606 474 653 versionem,
506 618 623 656 quam
653 608 933 654 transmiseras,
966 606 1082 645 facile
1113 617 1159 645 ex
1188 605 1310 645 literis
1336 617 1538 656 agnosces.
1597 605 1804 646 Judicabis
1835 607 1912 656 igi-

118 670 189 712 tur,
221 677 312 703 num
344 665 562 712 existimes,
591 666 829 704 necessarias
859 664 941 704 fore
971 663 1195 714 hujusmodi
1226 663 1515 704 emendationes
1546 675 1615 715 per
1642 669 1767 704 totum
1797 675 1912 715 opus,

119 722 290 762 Graecas
319 724 484 773 paginas
513 722 607 761 mihi
639 722 926 773 quodammodo
957 724 1094 773 religio
1123 723 1195 761 fuit
1225 734 1441 772 excerpere,
1474 734 1573 776 quae
1597 724 1832 774 pertinerent
1861 722 1913 762 ad

117 781 365 821 collationem
396 783 629 821 versionum.
682 781 825 820 Addidi
855 786 968 820 notas
1000 793 1115 820 unam
1146 786 1264 832 atque
1295 781 1470 830 alteram,
1502 793 1550 821 ex
1580 782 1722 831 quibus
1752 781 1828 821 hoc
1854 781 1912 821 Te

116 839 208 879 volo
239 840 441 889 colligere,
474 839 563 878 illas
593 841 744 879 initium
775 839 970 890 quoddam
1002 852 1087 879 esse
1118 839 1593 880 commentatiunculam
1632 839 1682 879 ad
1714 851 1912 879 commen-

117 899 219 938 taria
238 898 446 949 Porphyrii
477 910 601 948 aeque
633 904 749 949 atque
778 898 1006 946 Ptolemaei,
1040 910 1202 948 quarum
1232 910 1393 948 scopum
1424 898 1527 938 hunc
1557 909 1641 938 esse
1671 909 1742 949 par
1772 902 1842 944 est,
1868 899 1912 937 ut

114 961 205 1008 post
234 961 423 996 mutatam
466 958 635 995 musices
671 958 811 996 faciem
851 956 1016 1006 intelligi
1058 969 1083 996 a
1111 959 1252 996 nostris
1283 957 1505 996 hominibus
1546 958 1719 1007 possint,
1756 968 1857 1007 quae
1886 969 1912 997 a

118 1016 329 1064 veteribus,
360 1014 534 1054 nondum
563 1021 658 1054 nata
686 1015 872 1055 moderna
902 1016 1068 1064 musica,
1100 1015 1164 1055 hic
1194 1016 1338 1065 scripta
1366 1021 1468 1055 sunt.

230 1073 318 1123 Qua
347 1074 387 1111 in
407 1085 448 1113 re
480 1075 675 1124 egregiam
707 1086 864 1125 operam
894 1075 1083 1124 praestari
1112 1079 1352 1131 posse‘puto
1384 1086 1409 1113 a
1439 1073 1559 1113 Setho
1590 1073 1784 1122 Calvisio,
1815 1084 1911 1112 can-

114 1136 196 1171 tore
217 1129 429 1183 Lipsiensi,
463 1134 551 1182 qui,
583 1144 630 1171 ex
662 1144 739 1182 quo
768 1132 1002 1182 penultimas
1032 1133 1137 1171 Tuas
1168 1134 1312 1182 accepi,
1347 1133 1501 1183 scripsit
1529 1131 1581 1171 ad
1609 1143 1671 1171 me
1701 1131 1814 1181 ultro,
1844 1143 1910 1172 se-

114 1195 226 1229 cutus
258 1192 502 1230 occasionem
541 1192 580 1228 in
619 1191 753 1230 libello
793 1203 879 1230 meo
912 1191 959 1230 de
990 1190 1113 1231 Stella
1152 1191 1386 1241 praebitam,
1428 1191 1496 1230 ubi
1532 1190 1758 1230 harmonica
1787 1190 1911 1230 obiter

114 1248 236 1287 trado.
295 1249 429 1287 Edidit
469 1249 535 1288 ille
577 1249 986 1288 commentatiunculas
1028 1249 1176 1299 aliquot
1215 1249 1408 1300 perbellas
1449 1248 1500 1288 ad
1536 1249 1637 1288 hanc
1677 1261 1757 1287 rem
1795 1260 1911 1299 spec-

115 1311 266 1355 tantes,
298 1309 371 1346 etsi
401 1308 543 1346 fatetur
573 1308 611 1345 in
643 1308 775 1356 literis,
808 1320 849 1347 se
878 1313 1052 1347 veterum
1083 1308 1266 1347 terminos
1293 1319 1370 1347 non
1393 1319 1527 1348 omnes
1547 1306 1778 1357 intelligere.
1828 1307 1909 1346 Ta-

113 1365 170 1405 les
201 1370 332 1404 tamen
358 1365 492 1415 judico
525 1366 608 1415 ejus
639 1366 811 1413 libellos,
843 1371 886 1405 ut
915 1366 1211 1414 mathematico,
1252 1367 1319 1416 qui
1349 1377 1427 1406 non
1457 1368 1509 1405 sit
1539 1377 1586 1405 ex
1616 1366 1790 1417 professo
1820 1378 1910 1404 mu-

114 1425 238 1472 sicus,
281 1425 366 1463 vice
397 1425 583 1464 scientiae
613 1424 811 1464 musicalis
841 1424 1052 1464 hodiernae
1090 1436 1174 1464 esse
1203 1426 1377 1475 possint,
1423 1428 1611 1474 quantum
1641 1436 1689 1464 ea
1723 1435 1821 1475 opus
1851 1428 1911 1464 est

115 1482 165 1522 ad
197 1482 449 1533 explicandos
481 1487 519 1522 et
549 1482 831 1533 comparandos
862 1488 1035 1523 veterum
1066 1482 1113 1522 de
1143 1483 1345 1522 harmonia
1374 1483 1505 1522 libros.

230 1540 345 1590 Quod
376 1541 548 1581 ordinem
579 1543 717 1581 attinet
747 1541 940 1590 editionis,
971 1542 1050 1580 fere
1078 1542 1116 1579 in
1149 1544 1342 1581 sententia
1372 1553 1521 1589 maneo,
1556 1539 1774 1586 Ptolemaei
1803 1538 1910 1578 Har-

114 1600 268 1638 monica
306 1611 392 1638 cum
422 1600 629 1651 Porphyrii
671 1602 954 1639 commentariis
993 1600 1277 1649 graeco-latine
1313 1602 1369 1638 sic
1401 1598 1672 1650 exprimenda,
1713 1604 1756 1638 ut
1791 1598 1910 1638 facies

112 1657 398 1709 respondeant,
437 1660 628 1709 appositis
657 1658 836 1709 pauculis
866 1658 1088 1708 huJusmodi
1121 1660 1243 1706 notis,
1285 1658 1336 1697 ad
1367 1659 1696 1708 comparationem
1724 1658 1910 1708 pristinae

113 1720 152 1755 et
181 1716 391 1756 modernae
422 1718 591 1756 musicae
621 1717 865 1764 facientibus,
897 1716 947 1755 ad
978 1718 1194 1767 marginem
1223 1716 1289 1756 vel
1317 1716 1367 1756 ad
1389 1717 1553 1765 calcem,
1586 1727 1791 1766 quousque
1809 1715 1909 1754 Por-

112 1774 273 1826 phyrius
304 1780 595 1824 commentatur,
626 1776 701 1815 hac
731 1777 924 1821 cautione,
941 1781 999 1814 ¹ut
1028 1776 1095 1814 ubi
1116 1775 1356 1826 Porphyrius
1386 1776 1591 1815 abbreviat
1611 1779 1759 1815 textum
1779 1774 1908 1814 verbis

113 1848 174 1873 και,
204 1847 253 1872 τα
284 1831 384 1883 ἑξης,
423 1834 478 1873 ibi
510 1836 659 1884 integer
696 1839 863 1884 ponatur
893 1834 1111 1881 Ptplemaei
1147 1839 1294 1882 textus,
1337 1845 1461 1883 usque
1503 1834 1552 1872 ad
1592 1832 1670 1872 loci
1709 1834 1909 1883 sequentis

111 1891 263 1929 initium
303 1903 327 1930 a
356 1892 574 1943 Porphyrio
612 1893 769 1931 factum.
831 1891 1055 1942 Comparari
1091 1897 1220 1942 potest
1257 1893 1386 1931 versio
1418 1891 1614 1942 Gogavini
1651 1902 1738 1929 cum
1767 1892 1911 1940 scripto

112 1950 151 1986 in
189 1949 405 1988 Ptolemaei
445 1954 567 1989 textu.
628 1949 706 1990 Ubi
750 1949 892 1989 desinit
933 1952 1182 1989 commentari
1219 1950 1458 2001 Porphyrius
1498 1948 1587 2001 (nisi
1628 1948 1726 1989 forte
1767 1949 1911 1989 alicubi

111 2011 238 2046 totum
266 2007 473 2059 Porphyrii
504 2013 762 2048 commentum
792 2008 1051 2056 inveniatur),
1084 2008 1264 2057 equidem
1294 2008 1503 2058 expediret,
1543 2011 1657 2047 notas
1686 2007 1830 2047 latinas
1859 2007 1911 2046 ad

111 2065 329 2105 Ptolemaei
359 2070 505 2105 textum
536 2079 621 2106 esse
652 2068 899 2117 copiosiores,
932 2071 971 2105 et
999 2067 1173 2105 fortassis
1206 2068 1265 2114 ei,
1298 2067 1363 2116 qui
1393 2066 1599 2117 Porphyrii
1634 2067 1910 2106 commentaria

116 2125 343 2163 continuata
385 2124 573 2164 hactenus
615 2124 819 2175 diligenter
848 2124 1073 2175 perpendit,
1117 2136 1194 2164 non
1226 2125 1396 2163 futurum
1426 2131 1485 2164 est
1525 2123 1679 2164 difficile
1710 2124 1838 2164 dicere
1868 2126 1909 2162 in

112 2183 367 2232 sequentibus
399 2194 458 2230 ea,
490 2195 590 2233 quae
620 2189 710 2222 sunt
740 2188 1000 2222 consentanea
1021 2183 1297 2234 Porphyrianis
1327 2182 1662 2233 praecedentibus,
1717 2182 1908 2223 Absoluto

113 2245 198 2280 toto
229 2241 468 2289 Ptolemaeo,
501 2243 645 2292 poterit
675 2242 859 2290 subjungi
891 2246 1149 2280 commentum
1170 2242 1367 2280 Barlaami
1397 2237 1586 2280 monachi
1608 2242 1647 2278 in
1668 2243 1742 2282 tria
1771 2242 1908 2281 ultima
1964 2261 1972 2270 ·

114 2301 256 2350 capita,
290 2299 402 2349 cujus
433 2302 652 2339 versionem
682 2305 804 2338 totam
835 2300 899 2338 hic
928 2301 1159 2339 transmitto.
1208 2299 1253 2338 In
1286 2299 1437 2339 Graeco
1468 2299 1564 2338 folia
1593 2305 1683 2338 sunt
1717 2302 1781 2339 17.
1830 2299 1907 2338 Ce-

112 2362 206 2405 tera,
237 2363 281 2396 ut
310 2359 501 2407 prioribus
531 2359 679 2409 scripsi,
712 2369 813 2406 quae
845 2357 966 2397 codex
997 2357 1061 2396 ille
1091 2358 1221 2405 habet,
1263 2357 1313 2397 ad
1343 2358 1580 2397 Harmonica
1610 2370 1687 2398 non
1717 2362 1905 2408 spectant.

110 2415 161 2454 Et
191 2417 285 2466 quia
315 2416 497 2455 Barlaam
526 2417 582 2455 ibi
614 2417 765 2464 desinit,
799 2417 868 2455 ubi
897 2418 1063 2455 maxime
1094 2421 1275 2466 coeperat
1303 2416 1449 2456 dicere:
1485 2416 1665 2466 „videbo,
1695 2418 1730 2456 si
1759 2417 1905 2467 possim

110 2474 221 2512 illum
263 2472 455 2513 defectum
492 2475 722 2525 supplere“:
762 2474 930 2513 mirabili
969 2475 1114 2525 quippe
1151 2475 1249 2522 fato,
1290 2476 1515 2524 priusquam
1554 2474 1740 2514 vidissem
1768 2473 1905 2514 Ptole-

111 2544 288 2580 maeum,
327 2534 384 2570 uti
415 2534 552 2583 scripsi
590 2541 679 2572 ante
709 2532 852 2571 multos
882 2544 1026 2580 annos,
1067 2544 1220 2571 omnem
1251 2532 1525 2583 propemodum
1555 2533 1771 2573 Ptolemaei
1798 2532 1906 2572 Har-

111 2592 350 2630 monicorum
381 2602 571 2630 summam
602 2590 824 2640 complexus
857 2602 940 2629 sum
970 2592 1147 2630 instituta
1174 2591 1380 2640 scriptione
1417 2590 1464 2631 de
1493 2591 1727 2631 Harmonice
1756 2590 1903 2640 mundi,

112 2649 238 2688 divisa
267 2649 306 2686 in
335 2642 488 2687 libellos
522 2651 566 2697 5,
605 2661 766 2698 quorum
807 2650 930 2698 primo
973 2660 1113 2688 causae
1148 2649 1434 2689 harmoniarum
1468 2651 1508 2687 in
1537 2650 1750 2700 geometria
1779 2661 1903 2699 quae-

109 2712 264 2754 runtur,
296 2706 466 2746 secundo
498 2707 667 2747 definitio
699 2706 861 2745 traditur
890 2708 1083 2746 rationum
1113 2707 1421 2746 harmonicarum
1459 2710 1498 2746 in
1528 2709 1743 2757 abstracte,
1789 2709 1902 2746 tertio

112 2765 326 2805 ostenditur
354 2766 546 2804 rationum
576 2766 884 2804 harmonicarum
915 2765 1072 2804 effectus
1103 2767 1141 2802 in
1163 2766 1337 2814 vocibus,
1370 2778 1470 2817 quae
1489 2767 1651 2805 materia
1669 2770 1728 2804 cst
1756 2765 1826 2804 lib.
1846 2766 1900 2806 H.

111 2828 150 2861 et
186 2823 217 2861 Ι.
250 2823 476 2862 Ptolemaei.
545 2823 691 2873 Quarto
733 2823 866 2862 libello
909 2823 1122 2861 ostenditur
1162 2825 1354 2862 rationum
1393 2825 1699 2864 harmonicarum
1742 2824 1900 2863 effectus

111 2882 150 2917 in
183 2883 406 2930 operatione
437 2881 627 2930 siderum,
668 2893 767 2931 quae
797 2883 959 2919 materia
998 2893 1023 2919 a
1052 2881 1277 2921 Ptolemaeo
1311 2883 1475 2922 traditur
1503 2882 1571 2921 lib.
1602 2881 1683 2929 III,
1730 2883 1899 2920 1—13.

113 2937 258 2986 Quinto
280 2939 411 2979 libello
443 2940 604 2979 ostendo
635 2940 828 2978 rationum
858 2939 1167 2977 harmonicarum
1188 2941 1467 2990 applicationes
1489 2939 1540 2978 ad
1568 2945 1697 2978 motus
1717 2939 1897 2979 siderum.

112 2995 241 3045 Atque
277 2996 377 3036 hanc
416 2999 615 3037 materiam
645 2996 909 3044 Ptolemaeus,
954 2998 1160 3046 interprete
1190 2998 1417 3047 Barlaamo,
1458 2997 1607 3037 tradere
1650 2997 1776 3037 voluit
1809 3009 1896 3047 cap.

114 3051 180 3100 14,
217 3054 280 3099 15,
313 3057 405 3104 quia
435 3057 572 3106 capitis
598 3057 662 3094 14.
694 3056 892 3105 inscriptio
922 3056 1113 3104 promittit
1133 3059 1459 3106 comparationem
1481 3055 1708 3096 chordarum
1736 3055 1896 3105 perfecti

111 3112 332 3161 systematis
362 3115 558 3154 stabilium
590 3126 677 3156 cum
704 3114 879 3168 sphaeris
909 3113 1054 3163 mundi,
1087 3125 1171 3168 cap.
1199 3115 1263 3155 15.
1294 3126 1388 3156 vero
1417 3115 1605 3165 promittit
1635 3114 1895 3164 comparatio-
