<?xml version="1.0" encoding="UTF-8"?>
<!DOCTYPE html PUBLIC "-//W3C//DTD XHTML 1.0 Transitional//EN"
    "http://www.w3.org/TR/xhtml1/DTD/xhtml1-transitional.dtd">
<html xmlns="http://www.w3.org/1999/xhtml" xml:lang="en" lang="en">
 <head>
  <title>
</title>
<meta http-equiv="Content-Type" content="text/html;charset=utf-8" />
  <meta name='ocr-system' content='tesseract 3.04.00' />
  <meta name='ocr-capabilities' content='ocr_page ocr_carea ocr_par ocr_line ocrx_word'/>
</head>
<body>
  <div class='ocr_page' id='page_1' title='image "./operaomniaedidit05kepluoft_0482.png"; bbox 0 0 1994 3276; ppageno 0'>
   <div class='ocr_carea' id='block_1_1' title="bbox 145 61 1309 119">
    <p class='ocr_par' dir='ltr' id='par_1_1' title="bbox 145 61 1309 119">
     <span class='ocr_line' id='line_1_1' title="bbox 145 61 1309 119; baseline -0.003 -7"><span class='ocrx_word' id='word_1_1' title='bbox 145 75 229 114; x_wconf 85' lang='lat'>464</span> <span class='ocrx_word' id='word_1_2' title='bbox 392 61 400 65; x_wconf 83' lang='grc'><strong>’</strong></span> <span class='ocrx_word' id='word_1_3' title='bbox 766 72 988 119; x_wconf 75' lang='lat' dir='ltr'>Appendicis</span> <span class='ocrx_word' id='word_1_4' title='bbox 1010 72 1309 110; x_wconf 79' lang='lat' dir='ltr'>Harmonicorum</span> 
     </span>
    </p>
   </div>
   <div class='ocr_carea' id='block_1_2' title="bbox 86 189 1981 3102">
    <p class='ocr_par' dir='ltr' id='par_1_2' title="bbox 131 189 1981 1110">
     <span class='ocr_line' id='line_1_2' title="bbox 142 189 1943 244; baseline 0.004 -16"><span class='ocrx_word' id='word_1_5' title='bbox 142 189 388 229; x_wconf 87' lang='lat' dir='ltr'>Mierocosmi</span> <span class='ocrx_word' id='word_1_6' title='bbox 420 190 577 239; x_wconf 79' lang='lat' dir='ltr'>scribis,</span> <span class='ocrx_word' id='word_1_7' title='bbox 618 192 652 230; x_wconf 87' lang='lat' dir='ltr'>si</span> <span class='ocrx_word' id='word_1_8' title='bbox 693 203 771 230; x_wconf 89' lang='lat' dir='ltr'>non</span> <span class='ocrx_word' id='word_1_9' title='bbox 812 192 903 231; x_wconf 88' lang='lat' dir='ltr'>licet</span> <span class='ocrx_word' id='word_1_10' title='bbox 930 195 1107 232; x_wconf 82' lang='lat' dir='ltr'>scrutari</span> <span class='ocrx_word' id='word_1_11' title='bbox 1134 200 1283 233; x_wconf 83' lang='lat' dir='ltr'>secreta</span> <span class='ocrx_word' id='word_1_12' title='bbox 1321 199 1519 244; x_wconf 82' lang='lat' dir='ltr'>naturae,</span> <span class='ocrx_word' id='word_1_13' title='bbox 1558 204 1634 234; x_wconf 83' lang='lat' dir='ltr'>nec</span> <span class='ocrx_word' id='word_1_14' title='bbox 1674 193 1943 236; x_wconf 77' lang='lat' dir='ltr'>instrumento</span> 
     </span>
     <span class='ocr_line' id='line_1_3' title="bbox 141 250 1942 304; baseline 0.004 -17"><span class='ocrx_word' id='word_1_15' title='bbox 141 251 366 299; x_wconf 67' lang='lat' dir='ltr'>cuicunque</span> <span class='ocrx_word' id='word_1_16' title='bbox 407 250 579 288; x_wconf 79' lang='lat' dir='ltr'>tribuere</span> <span class='ocrx_word' id='word_1_17' title='bbox 623 252 813 300; x_wconf 76' lang='lat' dir='ltr'>mysteria</span> <span class='ocrx_word' id='word_1_18' title='bbox 851 253 1042 290; x_wconf 83' lang='lat' dir='ltr'><em>momenti</em></span> <span class='ocrx_word' id='word_1_19' title='bbox 1083 253 1277 302; x_wconf 83' lang='lat' dir='ltr'>alicujus,</span> <span class='ocrx_word' id='word_1_20' title='bbox 1319 264 1391 292; x_wconf 84' lang='lat' dir='ltr'>nec</span> <span class='ocrx_word' id='word_1_21' title='bbox 1431 256 1670 293; x_wconf 85' lang='lat' dir='ltr'>auctoritate</span> <span class='ocrx_word' id='word_1_22' title='bbox 1711 257 1942 304; x_wconf 77' lang='lat' dir='ltr'>sapientum</span> 
     </span>
     <span class='ocr_line' id='line_1_4' title="bbox 143 303 1943 361; baseline 0.004 -16"><span class='ocrx_word' id='word_1_23' title='bbox 143 308 242 346; x_wconf 85' lang='lat' dir='ltr'>duce</span> <span class='ocrx_word' id='word_1_24' title='bbox 272 307 321 345; x_wconf 87' lang='lat' dir='ltr'>ad</span> <span class='ocrx_word' id='word_1_25' title='bbox 355 319 493 346; x_wconf 82' lang='lat' dir='ltr'>causas</span> <span class='ocrx_word' id='word_1_26' title='bbox 524 320 650 346; x_wconf 72' lang='lat' dir='ltr'>rerum</span> <span class='ocrx_word' id='word_1_27' title='bbox 683 310 786 347; x_wconf 89' lang='lat' dir='ltr'>viam</span> <span class='ocrx_word' id='word_1_28' title='bbox 818 309 975 348; x_wconf 88' lang='lat' dir='ltr'>tendere</span> <span class='ocrx_word' id='word_1_29' title='bbox 1006 316 1229 360; x_wconf 89' lang='lat' dir='ltr'>propterea,</span> <span class='ocrx_word' id='word_1_30' title='bbox 1276 303 1369 361; x_wconf 79' lang='lat' dir='ltr'>quia</span> <span class='ocrx_word' id='word_1_31' title='bbox 1399 311 1454 349; x_wconf 87' lang='lat' dir='ltr'>illi</span> <span class='ocrx_word' id='word_1_32' title='bbox 1493 324 1518 351; x_wconf 84' lang='lat' dir='ltr'>a</span> <span class='ocrx_word' id='word_1_33' title='bbox 1547 314 1630 351; x_wconf 80' lang='lat' dir='ltr'>veri</span> <span class='ocrx_word' id='word_1_34' title='bbox 1665 313 1737 351; x_wconf 89' lang='lat' dir='ltr'>Dei</span> <span class='ocrx_word' id='word_1_35' title='bbox 1767 313 1943 352; x_wconf 82' lang='lat' dir='ltr'>revelata</span> 
     </span>
     <span class='ocr_line' id='line_1_5' title="bbox 146 366 1981 423; baseline 0.003 -19"><span class='ocrx_word' id='word_1_36' title='bbox 146 367 366 415; x_wconf 80' lang='lat' dir='ltr'>cognitione</span> <span class='ocrx_word' id='word_1_37' title='bbox 398 367 503 405; x_wconf 88' lang='lat' dir='ltr'>suere</span> <span class='ocrx_word' id='word_1_38' title='bbox 535 366 764 416; x_wconf 75' lang='lat' dir='ltr'>longiores?</span> <span class='ocrx_word' id='word_1_39' title='bbox 825 367 902 406; x_wconf 89' lang='lat' dir='ltr'>Cur</span> <span class='ocrx_word' id='word_1_40' title='bbox 933 380 1024 417; x_wconf 87' lang='lat' dir='ltr'>ergo</span> <span class='ocrx_word' id='word_1_41' title='bbox 1056 375 1099 406; x_wconf 92' lang='lat' dir='ltr'>tu</span> <span class='ocrx_word' id='word_1_42' title='bbox 1123 369 1417 419; x_wconf 88' lang='lat' dir='ltr'>Trismegistum</span> <span class='ocrx_word' id='word_1_43' title='bbox 1449 372 1635 420; x_wconf 83' lang='lat' dir='ltr'>sequeris,</span> <span class='ocrx_word' id='word_1_44' title='bbox 1666 373 1699 409; x_wconf 89' lang='lat' dir='ltr'>si</span> <span class='ocrx_word' id='word_1_45' title='bbox 1730 370 1825 409; x_wconf 88' lang='lat' dir='ltr'>mihi</span> <span class='ocrx_word' id='word_1_46' title='bbox 1847 371 1941 410; x_wconf 85' lang='lat' dir='ltr'>Pla·</span> <span class='ocrx_word' id='word_1_47' title='bbox 1977 420 1981 423; x_wconf 10' lang='grc' dir='ltr'>χ</span> 
     </span>
     <span class='ocr_line' id='line_1_6' title="bbox 139 424 1939 479; baseline 0.003 -17"><span class='ocrx_word' id='word_1_48' title='bbox 139 426 244 463; x_wconf 88' lang='lat' dir='ltr'>tonis</span> <span class='ocrx_word' id='word_1_49' title='bbox 279 424 476 463; x_wconf 84' lang='lat' dir='ltr'>interdicis</span> <span class='ocrx_word' id='word_1_50' title='bbox 509 425 795 464; x_wconf 76' lang='lat' dir='ltr'>contubernio?</span> <span class='ocrx_word' id='word_1_51' title='bbox 856 426 934 465; x_wconf 79' lang='lat' dir='ltr'>Cur</span> <span class='ocrx_word' id='word_1_52' title='bbox 963 425 1233 466; x_wconf 83' lang='lat' dir='ltr'>Jamblichum</span> <span class='ocrx_word' id='word_1_53' title='bbox 1272 428 1342 466; x_wconf 88' lang='lat' dir='ltr'>tibi</span> <span class='ocrx_word' id='word_1_54' title='bbox 1375 428 1710 479; x_wconf 86' lang='lat' dir='ltr'>I’orphyriumque</span> <span class='ocrx_word' id='word_1_55' title='bbox 1741 429 1835 468; x_wconf 91' lang='lat' dir='ltr'>licet</span> <span class='ocrx_word' id='word_1_56' title='bbox 1877 430 1939 468; x_wconf 82' lang='lat' dir='ltr'>al-</span> 
     </span>
     <span class='ocr_line' id='line_1_7' title="bbox 140 482 1939 532; baseline 0.003 -11"><span class='ocrx_word' id='word_1_57' title='bbox 140 484 287 532; x_wconf 87' lang='lat' dir='ltr'>legare,</span> <span class='ocrx_word' id='word_1_58' title='bbox 321 482 566 522; x_wconf 80' lang='lat' dir='ltr'>Christianae</span> <span class='ocrx_word' id='word_1_59' title='bbox 598 483 796 523; x_wconf 89' lang='lat' dir='ltr'>doctrinae</span> <span class='ocrx_word' id='word_1_60' title='bbox 829 484 973 532; x_wconf 88' lang='lat' dir='ltr'>hostes,</span> <span class='ocrx_word' id='word_1_61' title='bbox 1006 486 1101 523; x_wconf 91' lang='lat' dir='ltr'>mihi</span> <span class='ocrx_word' id='word_1_62' title='bbox 1123 485 1304 524; x_wconf 89' lang='lat' dir='ltr'>Proclum</span> <span class='ocrx_word' id='word_1_63' title='bbox 1335 492 1403 524; x_wconf 85' lang='lat' dir='ltr'>aut</span> <span class='ocrx_word' id='word_1_64' title='bbox 1426 487 1689 527; x_wconf 74' lang='lat' dir='ltr'>Aristarchum</span> <span class='ocrx_word' id='word_1_65' title='bbox 1721 488 1939 527; x_wconf 80' lang='lat' dir='ltr'>nonlicet?</span> 
     </span>
     <span class='ocr_line' id='line_1_8' title="bbox 145 541 1937 593; baseline 0.002 -13"><span class='ocrx_word' id='word_1_66' title='bbox 145 541 221 580; x_wconf 86' lang='lat' dir='ltr'>Sed</span> <span class='ocrx_word' id='word_1_67' title='bbox 254 543 356 580; x_wconf 89' lang='lat' dir='ltr'>enim</span> <span class='ocrx_word' id='word_1_68' title='bbox 387 553 527 579; x_wconf 89' lang='lat' dir='ltr'>coecus</span> <span class='ocrx_word' id='word_1_69' title='bbox 560 554 633 592; x_wconf 84' lang='lat' dir='ltr'>ego</span> <span class='ocrx_word' id='word_1_70' title='bbox 663 541 813 593; x_wconf 87' lang='lat' dir='ltr'>palpito</span> <span class='ocrx_word' id='word_1_71' title='bbox 846 545 883 580; x_wconf 91' lang='lat' dir='ltr'>in</span> <span class='ocrx_word' id='word_1_72' title='bbox 914 549 1028 582; x_wconf 84' lang='lat' dir='ltr'>vasto</span> <span class='ocrx_word' id='word_1_73' title='bbox 1059 544 1133 582; x_wconf 88' lang='lat' dir='ltr'>hoc</span> <span class='ocrx_word' id='word_1_74' title='bbox 1165 546 1351 582; x_wconf 87' lang='lat' dir='ltr'>orationis</span> <span class='ocrx_word' id='word_1_75' title='bbox 1382 550 1472 583; x_wconf 90' lang='lat' dir='ltr'>tuae</span> <span class='ocrx_word' id='word_1_76' title='bbox 1504 546 1727 593; x_wconf 85' lang='lat' dir='ltr'>coenaculo,</span> <span class='ocrx_word' id='word_1_77' title='bbox 1776 558 1848 585; x_wconf 89' lang='lat' dir='ltr'>nec</span> <span class='ocrx_word' id='word_1_78' title='bbox 1868 548 1937 585; x_wconf 90' lang='lat' dir='ltr'>ubi</span> 
     </span>
     <span class='ocr_line' id='line_1_9' title="bbox 139 600 1938 654; baseline 0.003 -16"><span class='ocrx_word' id='word_1_79' title='bbox 139 608 178 638; x_wconf 91' lang='lat' dir='ltr'>te</span> <span class='ocrx_word' id='word_1_80' title='bbox 210 600 371 638; x_wconf 89' lang='lat' dir='ltr'>obvium</span> <span class='ocrx_word' id='word_1_81' title='bbox 402 601 580 648; x_wconf 87' lang='lat' dir='ltr'>habeam,</span> <span class='ocrx_word' id='word_1_82' title='bbox 614 600 760 639; x_wconf 86' lang='lat' dir='ltr'>divino.</span> <span class='ocrx_word' id='word_1_83' title='bbox 821 601 998 640; x_wconf 84' lang='lat' dir='ltr'>Tandem</span> <span class='ocrx_word' id='word_1_84' title='bbox 1030 604 1200 641; x_wconf 88' lang='lat' dir='ltr'>occurris</span> <span class='ocrx_word' id='word_1_85' title='bbox 1238 609 1276 641; x_wconf 92' lang='lat' dir='ltr'>et</span> <span class='ocrx_word' id='word_1_86' title='bbox 1306 603 1409 642; x_wconf 82' lang='lat' dir='ltr'>seris.</span> <span class='ocrx_word' id='word_1_87' title='bbox 1470 602 1656 652; x_wconf 78' lang='lat' dir='ltr'>Sapienti</span> <span class='ocrx_word' id='word_1_88' title='bbox 1695 605 1824 654; x_wconf 86' lang='lat' dir='ltr'>inquis</span> <span class='ocrx_word' id='word_1_89' title='bbox 1853 616 1938 644; x_wconf 83' lang='lat' dir='ltr'>non</span> 
     </span>
     <span class='ocr_line' id='line_1_10' title="bbox 134 658 1934 710; baseline 0.003 -15"><span class='ocrx_word' id='word_1_90' title='bbox 134 658 368 705; x_wconf 83' lang='lat' dir='ltr'>mundano,</span> <span class='ocrx_word' id='word_1_91' title='bbox 408 659 475 696; x_wconf 88' lang='lat' dir='ltr'>sed</span> <span class='ocrx_word' id='word_1_92' title='bbox 516 659 759 709; x_wconf 71' lang='lat' dir='ltr'>theo-sophico</span> <span class='ocrx_word' id='word_1_93' title='bbox 796 660 895 698; x_wconf 83' lang='lat' dir='ltr'>data</span> <span class='ocrx_word' id='word_1_94' title='bbox 938 665 992 698; x_wconf 86' lang='lat' dir='ltr'>est</span> <span class='ocrx_word' id='word_1_95' title='bbox 1033 663 1205 710; x_wconf 77' lang='lat' dir='ltr'>coynitio</span> <span class='ocrx_word' id='word_1_96' title='bbox 1242 666 1349 699; x_wconf 84' lang='lat' dir='ltr'>certa</span> <span class='ocrx_word' id='word_1_97' title='bbox 1390 662 1653 701; x_wconf 79' lang='lat' dir='ltr'>institutionis</span> <span class='ocrx_word' id='word_1_98' title='bbox 1690 663 1837 701; x_wconf 83' lang='lat' dir='ltr'>mundi</span> <span class='ocrx_word' id='word_1_99' title='bbox 1865 668 1934 702; x_wconf 84' lang='lat' dir='ltr'>etc.</span> 
     </span>
     <span class='ocr_line' id='line_1_11' title="bbox 137 717 1933 769; baseline 0.003 -15"><span class='ocrx_word' id='word_1_100' title='bbox 137 717 199 755; x_wconf 84' lang='lat' dir='ltr'>Tu</span> <span class='ocrx_word' id='word_1_101' title='bbox 231 718 411 754; x_wconf 89' lang='lat' dir='ltr'>nimirum</span> <span class='ocrx_word' id='word_1_102' title='bbox 441 717 683 769; x_wconf 80' lang='lat' dir='ltr'>theosophus</span> <span class='ocrx_word' id='word_1_103' title='bbox 711 729 764 766; x_wconf 91' lang='lat' dir='ltr'>es,</span> <span class='ocrx_word' id='word_1_104' title='bbox 798 718 866 755; x_wconf 85' lang='lat' dir='ltr'>alii</span> <span class='ocrx_word' id='word_1_105' title='bbox 898 719 1165 769; x_wconf 89' lang='lat' dir='ltr'>cosmosophi‚</span> <span class='ocrx_word' id='word_1_106' title='bbox 1203 724 1246 757; x_wconf 88' lang='lat' dir='ltr'>tu</span> <span class='ocrx_word' id='word_1_107' title='bbox 1277 722 1518 769; x_wconf 81' lang='lat' dir='ltr'>quantitates</span> <span class='ocrx_word' id='word_1_108' title='bbox 1549 720 1766 760; x_wconf 82' lang='lat' dir='ltr'>invisibiles</span> <span class='ocrx_word' id='word_1_109' title='bbox 1800 717 1933 769; x_wconf 83' lang='lat' dir='ltr'>calles,</span> 
     </span>
     <span class='ocr_line' id='line_1_12' title="bbox 137 776 1934 831; baseline 0.004 -19"><span class='ocrx_word' id='word_1_110' title='bbox 137 781 178 813; x_wconf 93' lang='lat' dir='ltr'>tu</span> <span class='ocrx_word' id='word_1_111' title='bbox 211 786 393 814; x_wconf 86' lang='lat' dir='ltr'>numeros</span> <span class='ocrx_word' id='word_1_112' title='bbox 427 787 503 814; x_wconf 91' lang='lat' dir='ltr'>non</span> <span class='ocrx_word' id='word_1_113' title='bbox 537 776 810 823; x_wconf 79' lang='lat' dir='ltr'>numerandos,</span> <span class='ocrx_word' id='word_1_114' title='bbox 844 784 885 815; x_wconf 89' lang='lat' dir='ltr'>tu</span> <span class='ocrx_word' id='word_1_115' title='bbox 906 777 1037 816; x_wconf 84' lang='lat' dir='ltr'>Solem</span> <span class='ocrx_word' id='word_1_116' title='bbox 1068 778 1324 828; x_wconf 87' lang='lat' dir='ltr'>spiritualem,</span> <span class='ocrx_word' id='word_1_117' title='bbox 1356 783 1396 815; x_wconf 90' lang='lat' dir='ltr'>tu</span> <span class='ocrx_word' id='word_1_118' title='bbox 1419 778 1598 828; x_wconf 79' lang='lat' dir='ltr'>planetas</span> <span class='ocrx_word' id='word_1_119' title='bbox 1629 776 1934 831; x_wconf 66' lang='grc' dir='ltr'><strong><em>αὐτοπλανητας,</em></strong></span> 
     </span>
     <span class='ocr_line' id='line_1_13' title="bbox 133 833 1932 887; baseline 0.003 -15"><span class='ocrx_word' id='word_1_120' title='bbox 133 833 220 872; x_wconf 88' lang='lat' dir='ltr'>sola</span> <span class='ocrx_word' id='word_1_121' title='bbox 249 838 377 872; x_wconf 89' lang='lat' dir='ltr'>mente</span> <span class='ocrx_word' id='word_1_122' title='bbox 409 835 640 883; x_wconf 89' lang='lat' dir='ltr'>cernendos,</span> <span class='ocrx_word' id='word_1_123' title='bbox 675 846 749 884; x_wconf 86' lang='lat' dir='ltr'>ego</span> <span class='ocrx_word' id='word_1_124' title='bbox 780 837 953 884; x_wconf 87' lang='lat' dir='ltr'>spurios,</span> <span class='ocrx_word' id='word_1_125' title='bbox 989 841 1028 874; x_wconf 87' lang='lat' dir='ltr'>tu</span> <span class='ocrx_word' id='word_1_126' title='bbox 1063 847 1194 874; x_wconf 86' lang='lat' dir='ltr'>veram</span> <span class='ocrx_word' id='word_1_127' title='bbox 1224 836 1476 885; x_wconf 82' lang='lat' dir='ltr'>astrologiam</span> <span class='ocrx_word' id='word_1_128' title='bbox 1508 836 1636 885; x_wconf 84' lang='lat' dir='ltr'>elicis,</span> <span class='ocrx_word' id='word_1_129' title='bbox 1670 848 1744 887; x_wconf 89' lang='lat' dir='ltr'>ego</span> <span class='ocrx_word' id='word_1_130' title='bbox 1775 837 1932 877; x_wconf 86' lang='lat' dir='ltr'>adulte-</span> 
     </span>
     <span class='ocr_line' id='line_1_14' title="bbox 134 894 1931 946; baseline 0.004 -18"><span class='ocrx_word' id='word_1_131' title='bbox 134 894 258 930; x_wconf 88' lang='lat' dir='ltr'>rinam</span> <span class='ocrx_word' id='word_1_132' title='bbox 288 904 469 940; x_wconf 87' lang='lat' dir='ltr'>exerceo,</span> <span class='ocrx_word' id='word_1_133' title='bbox 503 897 546 931; x_wconf 89' lang='lat' dir='ltr'>tu</span> <span class='ocrx_word' id='word_1_134' title='bbox 579 905 671 932; x_wconf 88' lang='lat' dir='ltr'>vera</span> <span class='ocrx_word' id='word_1_135' title='bbox 701 894 836 932; x_wconf 81' lang='lat' dir='ltr'>frueris</span> <span class='ocrx_word' id='word_1_136' title='bbox 869 896 997 932; x_wconf 85' lang='lat' dir='ltr'>anima</span> <span class='ocrx_word' id='word_1_137' title='bbox 1029 894 1254 932; x_wconf 81' lang='lat' dir='ltr'>harmoniae</span> <span class='ocrx_word' id='word_1_138' title='bbox 1285 895 1527 942; x_wconf 86' lang='lat' dir='ltr'>mundanae,</span> <span class='ocrx_word' id='word_1_139' title='bbox 1570 907 1658 934; x_wconf 88' lang='lat' dir='ltr'>mea</span> <span class='ocrx_word' id='word_1_140' title='bbox 1688 900 1748 934; x_wconf 85' lang='lat' dir='ltr'>est</span> <span class='ocrx_word' id='word_1_141' title='bbox 1777 897 1931 946; x_wconf 76' lang='lat' dir='ltr'>imayi-</span> 
     </span>
     <span class='ocr_line' id='line_1_15' title="bbox 131 950 1932 1003; baseline 0.003 -15"><span class='ocrx_word' id='word_1_142' title='bbox 131 953 269 998; x_wconf 82' lang='lat' dir='ltr'>naria,</span> <span class='ocrx_word' id='word_1_143' title='bbox 302 956 343 989; x_wconf 92' lang='lat' dir='ltr'>tu</span> <span class='ocrx_word' id='word_1_144' title='bbox 374 950 582 1001; x_wconf 78' lang='lat' dir='ltr'>splendore</span> <span class='ocrx_word' id='word_1_145' title='bbox 610 953 833 1001; x_wconf 76' lang='lat' dir='ltr'>sapientiae</span> <span class='ocrx_word' id='word_1_146' title='bbox 859 955 1186 1001; x_wconf 76' lang='lat' dir='ltr'>praesentissimo</span> <span class='ocrx_word' id='word_1_147' title='bbox 1207 954 1476 1002; x_wconf 76' lang='lat' dir='ltr'>illuminaris,</span> <span class='ocrx_word' id='word_1_148' title='bbox 1507 953 1606 991; x_wconf 78' lang='lat' dir='ltr'>mihi</span> <span class='ocrx_word' id='word_1_149' title='bbox 1634 955 1836 1003; x_wconf 78' lang='lat' dir='ltr'>sapientia</span> <span class='ocrx_word' id='word_1_150' title='bbox 1856 957 1932 993; x_wconf 84' lang='lat' dir='ltr'>ista</span> 
     </span>
     <span class='ocr_line' id='line_1_16' title="bbox 131 1007 1926 1063; baseline 0.003 -16"><span class='ocrx_word' id='word_1_151' title='bbox 131 1015 186 1047; x_wconf 82' lang='lat' dir='ltr'>est</span> <span class='ocrx_word' id='word_1_152' title='bbox 215 1011 432 1059; x_wconf 75' lang='lat' dir='ltr'>ine-oynita.</span> <span class='ocrx_word' id='word_1_153' title='bbox 494 1007 684 1058; x_wconf 88' lang='lat' dir='ltr'>Omnino,</span> <span class='ocrx_word' id='word_1_154' title='bbox 727 1010 917 1059; x_wconf 83' lang='lat' dir='ltr'>Roberte,</span> <span class='ocrx_word' id='word_1_155' title='bbox 962 1011 1254 1050; x_wconf 87' lang='lat' dir='ltr'>conclusionum</span> <span class='ocrx_word' id='word_1_156' title='bbox 1283 1016 1438 1050; x_wconf 87' lang='lat' dir='ltr'>tuarum</span> <span class='ocrx_word' id='word_1_157' title='bbox 1479 1011 1649 1062; x_wconf 86' lang='lat' dir='ltr'>undique</span> <span class='ocrx_word' id='word_1_158' title='bbox 1685 1016 1723 1052; x_wconf 83' lang='lat' dir='ltr'>et</span> <span class='ocrx_word' id='word_1_159' title='bbox 1755 1012 1926 1063; x_wconf 88' lang='lat' dir='ltr'>undique</span> 
     </span>
     <span class='ocr_line' id='line_1_17' title="bbox 132 1068 931 1112; baseline 0.001 -6"><span class='ocrx_word' id='word_1_160' title='bbox 132 1069 188 1106; x_wconf 87' lang='lat' dir='ltr'>sic</span> <span class='ocrx_word' id='word_1_161' title='bbox 219 1070 315 1106; x_wconf 83' lang='lat' dir='ltr'>satis</span> <span class='ocrx_word' id='word_1_162' title='bbox 345 1074 425 1112; x_wconf 89' lang='lat' dir='ltr'>est,</span> <span class='ocrx_word' id='word_1_163' title='bbox 459 1073 502 1110; x_wconf 85' lang='lat' dir='ltr'>ut</span> <span class='ocrx_word' id='word_1_164' title='bbox 533 1068 688 1107; x_wconf 89' lang='lat' dir='ltr'>abunde</span> <span class='ocrx_word' id='word_1_165' title='bbox 720 1070 836 1107; x_wconf 89' lang='lat' dir='ltr'>etiam</span> <span class='ocrx_word' id='word_1_166' title='bbox 868 1071 931 1108; x_wconf 85' lang='lat' dir='ltr'>sit.</span> 
     </span>
    </p>

    <p class='ocr_par' dir='ltr' id='par_1_3' title="bbox 128 1126 1930 1527">
     <span class='ocr_line' id='line_1_18' title="bbox 251 1126 1929 1178; baseline 0.002 -14"><span class='ocrx_word' id='word_1_167' title='bbox 251 1126 363 1164; x_wconf 89' lang='lat' dir='ltr'>Illam</span> <span class='ocrx_word' id='word_1_168' title='bbox 394 1128 525 1176; x_wconf 88' lang='lat' dir='ltr'>potius</span> <span class='ocrx_word' id='word_1_169' title='bbox 556 1128 742 1165; x_wconf 87' lang='lat' dir='ltr'>orationis</span> <span class='ocrx_word' id='word_1_170' title='bbox 774 1133 863 1166; x_wconf 90' lang='lat' dir='ltr'>tuae</span> <span class='ocrx_word' id='word_1_171' title='bbox 894 1134 1063 1177; x_wconf 85' lang='lat' dir='ltr'>partem,</span> <span class='ocrx_word' id='word_1_172' title='bbox 1110 1140 1211 1178; x_wconf 88' lang='lat' dir='ltr'>quae</span> <span class='ocrx_word' id='word_1_173' title='bbox 1243 1127 1381 1167; x_wconf 89' lang='lat' dir='ltr'>laudes</span> <span class='ocrx_word' id='word_1_174' title='bbox 1413 1129 1585 1167; x_wconf 89' lang='lat' dir='ltr'>continet</span> <span class='ocrx_word' id='word_1_175' title='bbox 1619 1130 1836 1178; x_wconf 84' lang='lat' dir='ltr'>sapientiae</span> <span class='ocrx_word' id='word_1_176' title='bbox 1867 1128 1929 1167; x_wconf 90' lang='lat' dir='ltr'>di-</span> 
     </span>
     <span class='ocr_line' id='line_1_19' title="bbox 135 1184 1929 1237; baseline 0.002 -16"><span class='ocrx_word' id='word_1_177' title='bbox 135 1185 260 1232; x_wconf 84' lang='lat' dir='ltr'>vinae,</span> <span class='ocrx_word' id='word_1_178' title='bbox 293 1184 579 1223; x_wconf 88' lang='lat' dir='ltr'>consideremus</span> <span class='ocrx_word' id='word_1_179' title='bbox 611 1185 764 1223; x_wconf 89' lang='lat' dir='ltr'>devotis</span> <span class='ocrx_word' id='word_1_180' title='bbox 795 1187 934 1225; x_wconf 87' lang='lat' dir='ltr'>animis</span> <span class='ocrx_word' id='word_1_181' title='bbox 967 1192 1006 1226; x_wconf 87' lang='lat' dir='ltr'>et</span> <span class='ocrx_word' id='word_1_182' title='bbox 1035 1187 1085 1226; x_wconf 86' lang='lat' dir='ltr'>ab</span> <span class='ocrx_word' id='word_1_183' title='bbox 1117 1187 1184 1225; x_wconf 85' lang='lat' dir='ltr'>illa</span> <span class='ocrx_word' id='word_1_184' title='bbox 1215 1198 1414 1237; x_wconf 87' lang='lat' dir='ltr'>speremus</span> <span class='ocrx_word' id='word_1_185' title='bbox 1446 1186 1669 1236; x_wconf 86' lang='lat' dir='ltr'>illuminari,</span> <span class='ocrx_word' id='word_1_186' title='bbox 1700 1187 1820 1226; x_wconf 85' lang='lat' dir='ltr'>etiam</span> <span class='ocrx_word' id='word_1_187' title='bbox 1843 1198 1929 1226; x_wconf 91' lang='lat' dir='ltr'>cum</span> 
     </span>
     <span class='ocr_line' id='line_1_20' title="bbox 133 1240 1930 1295; baseline 0.002 -15"><span class='ocrx_word' id='word_1_188' title='bbox 133 1243 327 1282; x_wconf 83' lang='lat' dir='ltr'>naturalia</span> <span class='ocrx_word' id='word_1_189' title='bbox 355 1245 558 1292; x_wconf 85' lang='lat' dir='ltr'>rimamur,</span> <span class='ocrx_word' id='word_1_190' title='bbox 600 1243 707 1293; x_wconf 89' lang='lat' dir='ltr'>quod</span> <span class='ocrx_word' id='word_1_191' title='bbox 743 1255 815 1282; x_wconf 88' lang='lat' dir='ltr'>nos</span> <span class='ocrx_word' id='word_1_192' title='bbox 854 1250 962 1283; x_wconf 83' lang='lat' dir='ltr'>tanto</span> <span class='ocrx_word' id='word_1_193' title='bbox 994 1246 1154 1295; x_wconf 90' lang='lat' dir='ltr'>propius</span> <span class='ocrx_word' id='word_1_194' title='bbox 1194 1240 1467 1295; x_wconf 81' lang='lat' dir='ltr'>assequemur,</span> <span class='ocrx_word' id='word_1_195' title='bbox 1515 1250 1660 1294; x_wconf 87' lang='lat' dir='ltr'>quanto</span> <span class='ocrx_word' id='word_1_196' title='bbox 1700 1246 1930 1285; x_wconf 86' lang='lat' dir='ltr'>remotiores</span> 
     </span>
     <span class='ocr_line' id='line_1_21' title="bbox 133 1302 1930 1354; baseline 0.002 -16"><span class='ocrx_word' id='word_1_197' title='bbox 133 1303 311 1351; x_wconf 89' lang='lat' dir='ltr'>utrinque</span> <span class='ocrx_word' id='word_1_198' title='bbox 352 1303 401 1340; x_wconf 84' lang='lat' dir='ltr'>ab</span> <span class='ocrx_word' id='word_1_199' title='bbox 441 1302 703 1341; x_wconf 86' lang='lat' dir='ltr'>aemulatione</span> <span class='ocrx_word' id='word_1_200' title='bbox 745 1303 942 1341; x_wconf 79' lang='lat' dir='ltr'>fuerimus.</span> <span class='ocrx_word' id='word_1_201' title='bbox 1004 1304 1106 1342; x_wconf 90' lang='lat' dir='ltr'>Illud</span> <span class='ocrx_word' id='word_1_202' title='bbox 1136 1304 1263 1342; x_wconf 90' lang='lat' dir='ltr'>solum</span> <span class='ocrx_word' id='word_1_203' title='bbox 1299 1310 1336 1342; x_wconf 90' lang='lat' dir='ltr'>te</span> <span class='ocrx_word' id='word_1_204' title='bbox 1367 1305 1555 1342; x_wconf 89' lang='lat' dir='ltr'>monitum</span> <span class='ocrx_word' id='word_1_205' title='bbox 1588 1304 1697 1351; x_wconf 77' lang='lat' dir='ltr'>volo,</span> <span class='ocrx_word' id='word_1_206' title='bbox 1741 1305 1774 1342; x_wconf 86' lang='lat' dir='ltr'>si</span> <span class='ocrx_word' id='word_1_207' title='bbox 1805 1305 1930 1354; x_wconf 89' lang='lat' dir='ltr'>prima</span> 
     </span>
     <span class='ocr_line' id='line_1_22' title="bbox 131 1359 1929 1414; baseline 0.002 -17"><span class='ocrx_word' id='word_1_208' title='bbox 131 1360 194 1413; x_wconf 83' lang='lat' dir='ltr'>(ex</span> <span class='ocrx_word' id='word_1_209' title='bbox 224 1361 378 1411; x_wconf 85' lang='lat' dir='ltr'>analysi</span> <span class='ocrx_word' id='word_1_210' title='bbox 415 1359 496 1412; x_wconf 82' lang='lat'>12.)</span> <span class='ocrx_word' id='word_1_211' title='bbox 538 1361 684 1399; x_wconf 88' lang='lat' dir='ltr'>ultimis</span> <span class='ocrx_word' id='word_1_212' title='bbox 729 1372 971 1411; x_wconf 90' lang='lat' dir='ltr'>comparem,</span> <span class='ocrx_word' id='word_1_213' title='bbox 1019 1362 1140 1400; x_wconf 90' lang='lat' dir='ltr'>videri</span> <span class='ocrx_word' id='word_1_214' title='bbox 1184 1363 1277 1400; x_wconf 87' lang='lat' dir='ltr'>mihi</span> <span class='ocrx_word' id='word_1_215' title='bbox 1320 1362 1420 1400; x_wconf 88' lang='lat' dir='ltr'>hane</span> <span class='ocrx_word' id='word_1_216' title='bbox 1457 1363 1689 1414; x_wconf 85' lang='lat' dir='ltr'>sapientiam</span> <span class='ocrx_word' id='word_1_217' title='bbox 1729 1373 1754 1400; x_wconf 87' lang='lat' dir='ltr'>a</span> <span class='ocrx_word' id='word_1_218' title='bbox 1795 1369 1831 1400; x_wconf 93' lang='lat' dir='ltr'>te</span> <span class='ocrx_word' id='word_1_219' title='bbox 1871 1363 1929 1401; x_wconf 89' lang='lat' dir='ltr'>sic</span> 
     </span>
     <span class='ocr_line' id='line_1_23' title="bbox 131 1418 1929 1482; baseline 0.002 -26"><span class='ocrx_word' id='word_1_220' title='bbox 131 1418 331 1456; x_wconf 78' lang='lat' dir='ltr'>confusam</span> <span class='ocrx_word' id='word_1_221' title='bbox 375 1430 462 1457; x_wconf 89' lang='lat' dir='ltr'>cum</span> <span class='ocrx_word' id='word_1_222' title='bbox 502 1420 708 1466; x_wconf 84' lang='lat' dir='ltr'>creaturis,</span> <span class='ocrx_word' id='word_1_223' title='bbox 751 1426 794 1457; x_wconf 88' lang='lat' dir='ltr'>ut</span> <span class='ocrx_word' id='word_1_224' title='bbox 824 1422 1016 1470; x_wconf 89' lang='lat' dir='ltr'>nesciam,</span> <span class='ocrx_word' id='word_1_225' title='bbox 1059 1420 1216 1470; x_wconf 86' lang='lat' dir='ltr'>quando</span> <span class='ocrx_word' id='word_1_226' title='bbox 1256 1426 1427 1459; x_wconf 86' lang='lat' dir='ltr'>creatam</span> <span class='ocrx_word' id='word_1_227' title='bbox 1464 1418 1754 1482; x_wconf 80' lang='lat' dir='ltr'>subintelligere</span> <span class='ocrx_word' id='word_1_228' title='bbox 1788 1419 1929 1469; x_wconf 84' lang='lat' dir='ltr'>jubeat</span> 
     </span>
     <span class='ocr_line' id='line_1_24' title="bbox 128 1477 830 1527; baseline 0.003 -13"><span class='ocrx_word' id='word_1_229' title='bbox 128 1478 291 1526; x_wconf 87' lang='lat' dir='ltr'>sapienti</span> <span class='ocrx_word' id='word_1_230' title='bbox 297 1489 394 1525; x_wconf 56' lang='lat' dir='ltr'>nm,</span> <span class='ocrx_word' id='word_1_231' title='bbox 409 1477 565 1527; x_wconf 86' lang='lat' dir='ltr'>quando</span> <span class='ocrx_word' id='word_1_232' title='bbox 597 1478 830 1516; x_wconf 82' lang='lat' dir='ltr'>creatricem.</span> 
     </span>
    </p>

    <p class='ocr_par' dir='ltr' id='par_1_4' title="bbox 121 1535 1927 2100">
     <span class='ocr_line' id='line_1_25' title="bbox 245 1535 1927 1586; baseline 0.001 -13.007"><span class='ocrx_word' id='word_1_233' title='bbox 245 1536 341 1573; x_wconf 85' lang='lat' dir='ltr'>Sine</span> <span class='ocrx_word' id='word_1_234' title='bbox 370 1538 518 1585; x_wconf 84' lang='lat' dir='ltr'>spiritu</span> <span class='ocrx_word' id='word_1_235' title='bbox 549 1536 628 1574; x_wconf 87' lang='lat' dir='ltr'>Dei</span> <span class='ocrx_word' id='word_1_236' title='bbox 667 1541 784 1574; x_wconf 84' lang='lat' dir='ltr'>tanta</span> <span class='ocrx_word' id='word_1_237' title='bbox 821 1541 998 1574; x_wconf 82' lang='lat' dir='ltr'>naturae</span> <span class='ocrx_word' id='word_1_238' title='bbox 1027 1542 1174 1574; x_wconf 81' lang='lat' dir='ltr'>secreta</span> <span class='ocrx_word' id='word_1_239' title='bbox 1205 1548 1407 1586; x_wconf 81' lang='lat' dir='ltr'>operaque</span> <span class='ocrx_word' id='word_1_240' title='bbox 1439 1536 1518 1574; x_wconf 84' lang='lat' dir='ltr'>Dei</span> <span class='ocrx_word' id='word_1_241' title='bbox 1557 1535 1808 1575; x_wconf 76' lang='lat' dir='ltr'>admiranda</span> <span class='ocrx_word' id='word_1_242' title='bbox 1836 1548 1927 1586; x_wconf 64' lang='lat' dir='ltr'>spe-</span> 
     </span>
     <span class='ocr_line' id='line_1_26' title="bbox 127 1594 1925 1642; baseline 0.002 -11"><span class='ocrx_word' id='word_1_243' title='bbox 127 1594 259 1632; x_wconf 75' lang='lat' dir='ltr'>culari</span> <span class='ocrx_word' id='word_1_244' title='bbox 299 1596 464 1632; x_wconf 84' lang='lat' dir='ltr'>insania</span> <span class='ocrx_word' id='word_1_245' title='bbox 505 1600 559 1632; x_wconf 86' lang='lat' dir='ltr'>est</span> <span class='ocrx_word' id='word_1_246' title='bbox 589 1596 793 1642; x_wconf 73' lang='lat' dir='ltr'>maxima,</span> <span class='ocrx_word' id='word_1_247' title='bbox 837 1595 972 1634; x_wconf 84' lang='lat' dir='ltr'>fateor.</span> <span class='ocrx_word' id='word_1_248' title='bbox 1033 1597 1087 1632; x_wconf 92' lang='lat' dir='ltr'>At</span> <span class='ocrx_word' id='word_1_249' title='bbox 1123 1596 1208 1633; x_wconf 87' lang='lat' dir='ltr'>sive</span> <span class='ocrx_word' id='word_1_250' title='bbox 1245 1601 1287 1633; x_wconf 93' lang='lat' dir='ltr'>tu</span> <span class='ocrx_word' id='word_1_251' title='bbox 1327 1595 1374 1633; x_wconf 91' lang='lat' dir='ltr'>de</span> <span class='ocrx_word' id='word_1_252' title='bbox 1406 1596 1659 1633; x_wconf 87' lang='lat' dir='ltr'>conversione</span> <span class='ocrx_word' id='word_1_253' title='bbox 1698 1595 1839 1633; x_wconf 89' lang='lat' dir='ltr'>mentis</span> <span class='ocrx_word' id='word_1_254' title='bbox 1876 1595 1925 1634; x_wconf 84' lang='lat' dir='ltr'>ad</span> 
     </span>
     <span class='ocr_line' id='line_1_27' title="bbox 127 1652 1923 1704; baseline 0.001 -14"><span class='ocrx_word' id='word_1_255' title='bbox 127 1653 255 1691; x_wconf 92' lang='lat' dir='ltr'>Deum</span> <span class='ocrx_word' id='word_1_256' title='bbox 292 1652 482 1702; x_wconf 87' lang='lat' dir='ltr'>loquaris,</span> <span class='ocrx_word' id='word_1_257' title='bbox 529 1653 661 1692; x_wconf 88' lang='lat' dir='ltr'>desine</span> <span class='ocrx_word' id='word_1_258' title='bbox 705 1664 852 1702; x_wconf 89' lang='lat' dir='ltr'>quaeso</span> <span class='ocrx_word' id='word_1_259' title='bbox 891 1653 1137 1704; x_wconf 86' lang='lat' dir='ltr'>profanitatis</span> <span class='ocrx_word' id='word_1_260' title='bbox 1169 1653 1426 1692; x_wconf 82' lang='lat' dir='ltr'>condemnare</span> <span class='ocrx_word' id='word_1_261' title='bbox 1463 1659 1655 1692; x_wconf 88' lang='lat' dir='ltr'>secretum</span> <span class='ocrx_word' id='word_1_262' title='bbox 1692 1663 1842 1701; x_wconf 89' lang='lat' dir='ltr'>meum,</span> <span class='ocrx_word' id='word_1_263' title='bbox 1885 1654 1923 1691; x_wconf 89' lang='lat' dir='ltr'>in</span> 
     </span>
     <span class='ocr_line' id='line_1_28' title="bbox 129 1710 1923 1762; baseline 0.001 -13"><span class='ocrx_word' id='word_1_264' title='bbox 129 1710 234 1760; x_wconf 91' lang='lat' dir='ltr'>quod</span> <span class='ocrx_word' id='word_1_265' title='bbox 275 1711 383 1749; x_wconf 89' lang='lat' dir='ltr'>solus</span> <span class='ocrx_word' id='word_1_266' title='bbox 417 1711 522 1750; x_wconf 87' lang='lat' dir='ltr'>Deus</span> <span class='ocrx_word' id='word_1_267' title='bbox 562 1713 740 1762; x_wconf 85' lang='lat' dir='ltr'>inspicit,</span> <span class='ocrx_word' id='word_1_268' title='bbox 780 1713 864 1751; x_wconf 88' lang='lat' dir='ltr'>sive</span> <span class='ocrx_word' id='word_1_269' title='bbox 908 1712 955 1750; x_wconf 90' lang='lat' dir='ltr'>de</span> <span class='ocrx_word' id='word_1_270' title='bbox 996 1710 1220 1762; x_wconf 89' lang='lat' dir='ltr'>impletione</span> <span class='ocrx_word' id='word_1_271' title='bbox 1251 1713 1392 1750; x_wconf 89' lang='lat' dir='ltr'>mentis</span> <span class='ocrx_word' id='word_1_272' title='bbox 1434 1724 1458 1749; x_wconf 89' lang='lat' dir='ltr'>a</span> <span class='ocrx_word' id='word_1_273' title='bbox 1490 1711 1622 1750; x_wconf 88' lang='lat' dir='ltr'>divino</span> <span class='ocrx_word' id='word_1_274' title='bbox 1653 1713 1832 1752; x_wconf 89' lang='lat' dir='ltr'>numine:</span> <span class='ocrx_word' id='word_1_275' title='bbox 1876 1723 1923 1750; x_wconf 84' lang='lat' dir='ltr'>ex</span> 
     </span>
     <span class='ocr_line' id='line_1_29' title="bbox 130 1769 1923 1820; baseline 0 -12"><span class='ocrx_word' id='word_1_276' title='bbox 130 1769 268 1808; x_wconf 84' lang='lat' dir='ltr'>effectu</span> <span class='ocrx_word' id='word_1_277' title='bbox 300 1781 458 1808; x_wconf 86' lang='lat' dir='ltr'>causam</span> <span class='ocrx_word' id='word_1_278' title='bbox 497 1777 652 1808; x_wconf 89' lang='lat' dir='ltr'>censeto</span> <span class='ocrx_word' id='word_1_279' title='bbox 685 1776 747 1817; x_wconf 90' lang='lat' dir='ltr'>et,</span> <span class='ocrx_word' id='word_1_280' title='bbox 788 1772 822 1808; x_wconf 88' lang='lat' dir='ltr'>si</span> <span class='ocrx_word' id='word_1_281' title='bbox 865 1782 957 1808; x_wconf 88' lang='lat' dir='ltr'>vera</span> <span class='ocrx_word' id='word_1_282' title='bbox 988 1770 1035 1809; x_wconf 90' lang='lat' dir='ltr'>de</span> <span class='ocrx_word' id='word_1_283' title='bbox 1067 1771 1250 1820; x_wconf 89' lang='lat' dir='ltr'>operibus</span> <span class='ocrx_word' id='word_1_284' title='bbox 1280 1770 1355 1808; x_wconf 89' lang='lat' dir='ltr'>Dei</span> <span class='ocrx_word' id='word_1_285' title='bbox 1386 1771 1538 1819; x_wconf 78' lang='lat' dir='ltr'>profero</span> <span class='ocrx_word' id='word_1_286' title='bbox 1584 1770 1685 1808; x_wconf 87' lang='lat' dir='ltr'>circa</span> <span class='ocrx_word' id='word_1_287' title='bbox 1713 1769 1923 1808; x_wconf 81' lang='lat' dir='ltr'>stellarum</span> 
     </span>
     <span class='ocr_line' id='line_1_30' title="bbox 124 1828 1921 1879; baseline 0 -13"><span class='ocrx_word' id='word_1_288' title='bbox 124 1829 337 1878; x_wconf 82' lang='lat' dir='ltr'>positiones</span> <span class='ocrx_word' id='word_1_289' title='bbox 367 1833 403 1866; x_wconf 87' lang='lat' dir='ltr'>et</span> <span class='ocrx_word' id='word_1_290' title='bbox 431 1834 615 1867; x_wconf 84' lang='lat' dir='ltr'>motuum</span> <span class='ocrx_word' id='word_1_291' title='bbox 647 1831 843 1877; x_wconf 85' lang='lat' dir='ltr'>rationes,</span> <span class='ocrx_word' id='word_1_292' title='bbox 887 1840 1054 1878; x_wconf 86' lang='lat' dir='ltr'>agnosce</span> <span class='ocrx_word' id='word_1_293' title='bbox 1085 1836 1197 1879; x_wconf 86' lang='lat' dir='ltr'>grato</span> <span class='ocrx_word' id='word_1_294' title='bbox 1228 1829 1357 1866; x_wconf 88' lang='lat' dir='ltr'>animo</span> <span class='ocrx_word' id='word_1_295' title='bbox 1391 1829 1553 1878; x_wconf 87' lang='lat' dir='ltr'>digitum</span> <span class='ocrx_word' id='word_1_296' title='bbox 1584 1828 1683 1875; x_wconf 91' lang='lat' dir='ltr'>Dei,</span> <span class='ocrx_word' id='word_1_297' title='bbox 1725 1839 1796 1867; x_wconf 87' lang='lat' dir='ltr'>nec</span> <span class='ocrx_word' id='word_1_298' title='bbox 1826 1828 1921 1866; x_wconf 83' lang='lat' dir='ltr'>mihi</span> 
     </span>
     <span class='ocr_line' id='line_1_31' title="bbox 123 1886 1919 1936; baseline 0.001 -13"><span class='ocrx_word' id='word_1_299' title='bbox 123 1886 199 1924; x_wconf 89' lang='lat' dir='ltr'>hoc</span> <span class='ocrx_word' id='word_1_300' title='bbox 233 1887 485 1935; x_wconf 87' lang='lat' dir='ltr'>imputaveris</span> <span class='ocrx_word' id='word_1_301' title='bbox 516 1888 741 1936; x_wconf 81' lang='lat' dir='ltr'>impietatis,</span> <span class='ocrx_word' id='word_1_302' title='bbox 773 1886 878 1936; x_wconf 88' lang='lat' dir='ltr'>quod</span> <span class='ocrx_word' id='word_1_303' title='bbox 910 1887 1109 1926; x_wconf 89' lang='lat' dir='ltr'>oraculum</span> <span class='ocrx_word' id='word_1_304' title='bbox 1131 1887 1308 1925; x_wconf 89' lang='lat' dir='ltr'>damnem</span> <span class='ocrx_word' id='word_1_305' title='bbox 1330 1887 1600 1936; x_wconf 87' lang='lat' dir='ltr'>apostolicum,</span> <span class='ocrx_word' id='word_1_306' title='bbox 1632 1897 1750 1924; x_wconf 88' lang='lat' dir='ltr'>omne</span> <span class='ocrx_word' id='word_1_307' title='bbox 1768 1886 1919 1924; x_wconf 87' lang='lat' dir='ltr'>donum</span> 
     </span>
     <span class='ocr_line' id='line_1_32' title="bbox 121 1943 1920 1995; baseline 0.001 -14"><span class='ocrx_word' id='word_1_308' title='bbox 121 1945 343 1994; x_wconf 78' lang='lat' dir='ltr'>perfectum</span> <span class='ocrx_word' id='word_1_309' title='bbox 389 1945 557 1995; x_wconf 79' lang='lat' dir='ltr'>desuper</span> <span class='ocrx_word' id='word_1_310' title='bbox 601 1957 627 1982; x_wconf 90' lang='lat' dir='ltr'>a</span> <span class='ocrx_word' id='word_1_311' title='bbox 667 1951 785 1995; x_wconf 76' lang='lat' dir='ltr'>patre</span> <span class='ocrx_word' id='word_1_312' title='bbox 828 1946 1060 1992; x_wconf 85' lang='lat' dir='ltr'>luminum‚·</span> <span class='ocrx_word' id='word_1_313' title='bbox 1103 1947 1163 1983; x_wconf 90' lang='lat' dir='ltr'>sin</span> <span class='ocrx_word' id='word_1_314' title='bbox 1200 1945 1344 1983; x_wconf 90' lang='lat' dir='ltr'>alicubi</span> <span class='ocrx_word' id='word_1_315' title='bbox 1387 1945 1566 1982; x_wconf 84' lang='lat' dir='ltr'>salsitatis</span> <span class='ocrx_word' id='word_1_316' title='bbox 1606 1955 1694 1983; x_wconf 88' lang='lat' dir='ltr'>mea</span> <span class='ocrx_word' id='word_1_317' title='bbox 1735 1943 1920 1995; x_wconf 81' lang='lat' dir='ltr'>dogmata</span> 
     </span>
     <span class='ocr_line' id='line_1_33' title="bbox 123 2001 1919 2053; baseline 0.001 -13"><span class='ocrx_word' id='word_1_318' title='bbox 123 2013 335 2051; x_wconf 81' lang='lat' dir='ltr'>coarguere</span> <span class='ocrx_word' id='word_1_319' title='bbox 364 2009 489 2052; x_wconf 84' lang='lat' dir='ltr'>potes,</span> <span class='ocrx_word' id='word_1_320' title='bbox 522 2003 560 2041; x_wconf 92' lang='lat' dir='ltr'>id</span> <span class='ocrx_word' id='word_1_321' title='bbox 593 2005 719 2053; x_wconf 90' lang='lat' dir='ltr'>ipsum</span> <span class='ocrx_word' id='word_1_322' title='bbox 751 2015 824 2052; x_wconf 85' lang='lat' dir='ltr'>age</span> <span class='ocrx_word' id='word_1_323' title='bbox 855 2003 1014 2042; x_wconf 86' lang='lat' dir='ltr'>honoris</span> <span class='ocrx_word' id='word_1_324' title='bbox 1033 2003 1155 2041; x_wconf 87' lang='lat' dir='ltr'>divini</span> <span class='ocrx_word' id='word_1_325' title='bbox 1186 2002 1315 2041; x_wconf 90' lang='lat' dir='ltr'>studio</span> <span class='ocrx_word' id='word_1_326' title='bbox 1342 2010 1471 2041; x_wconf 81' lang='lat' dir='ltr'>mente</span> <span class='ocrx_word' id='word_1_327' title='bbox 1493 2001 1714 2052; x_wconf 81' lang='lat' dir='ltr'>tranquilla,</span> <span class='ocrx_word' id='word_1_328' title='bbox 1746 2005 1919 2053; x_wconf 85' lang='lat' dir='ltr'>seposito</span> 
     </span>
     <span class='ocr_line' id='line_1_34' title="bbox 124 2062 537 2100; baseline 0.005 -2"><span class='ocrx_word' id='word_1_329' title='bbox 124 2062 381 2099; x_wconf 85' lang='lat' dir='ltr'>contentionis</span> <span class='ocrx_word' id='word_1_330' title='bbox 413 2067 537 2100; x_wconf 84' lang='lat' dir='ltr'>aestu.</span> 
     </span>
    </p>

    <p class='ocr_par' dir='ltr' id='par_1_5' title="bbox 117 2118 1919 2636">
     <span class='ocr_line' id='line_1_35' title="bbox 237 2118 1919 2169; baseline 0 -13"><span class='ocrx_word' id='word_1_331' title='bbox 237 2119 462 2168; x_wconf 74' lang='lat' dir='ltr'>Intelliyere</span> <span class='ocrx_word' id='word_1_332' title='bbox 480 2131 544 2158; x_wconf 85' lang='lat' dir='ltr'>me</span> <span class='ocrx_word' id='word_1_333' title='bbox 571 2119 805 2158; x_wconf 79' lang='lat' dir='ltr'>divinorum</span> <span class='ocrx_word' id='word_1_334' title='bbox 835 2131 1000 2169; x_wconf 81' lang='lat' dir='ltr'>operum</span> <span class='ocrx_word' id='word_1_335' title='bbox 1022 2124 1216 2158; x_wconf 80' lang='lat' dir='ltr'>ornatum</span> <span class='ocrx_word' id='word_1_336' title='bbox 1235 2119 1518 2157; x_wconf 79' lang='lat' dir='ltr'>harmonicum</span> <span class='ocrx_word' id='word_1_337' title='bbox 1550 2129 1723 2168; x_wconf 81' lang='lat' dir='ltr'>eumque</span> <span class='ocrx_word' id='word_1_338' title='bbox 1752 2118 1919 2158; x_wconf 86' lang='lat' dir='ltr'>demon-</span> 
     </span>
     <span class='ocr_line' id='line_1_36' title="bbox 119 2177 1915 2227; baseline 0 -13"><span class='ocrx_word' id='word_1_339' title='bbox 119 2182 262 2214; x_wconf 81' lang='lat' dir='ltr'>strasse</span> <span class='ocrx_word' id='word_1_340' title='bbox 287 2179 503 2227; x_wconf 76' lang='lat' dir='ltr'>principiis</span> <span class='ocrx_word' id='word_1_341' title='bbox 531 2179 777 2227; x_wconf 73' lang='lat' dir='ltr'>yeometricis</span> <span class='ocrx_word' id='word_1_342' title='bbox 806 2178 926 2226; x_wconf 80' lang='lat' dir='ltr'>vulyo</span> <span class='ocrx_word' id='word_1_343' title='bbox 955 2180 1010 2215; x_wconf 81' lang='lat' dir='ltr'>sic</span> <span class='ocrx_word' id='word_1_344' title='bbox 1039 2178 1162 2225; x_wconf 69' lang='lat' dir='ltr'>dicti-9,</span> <span class='ocrx_word' id='word_1_345' title='bbox 1196 2177 1267 2215; x_wconf 89' lang='lat' dir='ltr'>etsi</span> <span class='ocrx_word' id='word_1_346' title='bbox 1302 2189 1378 2216; x_wconf 90' lang='lat' dir='ltr'>non</span> <span class='ocrx_word' id='word_1_347' title='bbox 1407 2177 1527 2226; x_wconf 86' lang='lat' dir='ltr'>jacto,</span> <span class='ocrx_word' id='word_1_348' title='bbox 1560 2183 1603 2214; x_wconf 92' lang='lat' dir='ltr'>ut</span> <span class='ocrx_word' id='word_1_349' title='bbox 1622 2188 1683 2214; x_wconf 91' lang='lat' dir='ltr'>me</span> <span class='ocrx_word' id='word_1_350' title='bbox 1715 2182 1915 2226; x_wconf 85' lang='lat' dir='ltr'>ostentem,</span> 
     </span>
     <span class='ocr_line' id='line_1_37' title="bbox 121 2234 1917 2285; baseline 0.001 -13"><span class='ocrx_word' id='word_1_351' title='bbox 121 2242 158 2273; x_wconf 87' lang='lat' dir='ltr'>te</span> <span class='ocrx_word' id='word_1_352' title='bbox 196 2235 428 2285; x_wconf 87' lang='lat' dir='ltr'>deprimam,</span> <span class='ocrx_word' id='word_1_353' title='bbox 461 2235 703 2274; x_wconf 84' lang='lat' dir='ltr'>dissimulare</span> <span class='ocrx_word' id='word_1_354' title='bbox 736 2241 864 2273; x_wconf 89' lang='lat' dir='ltr'>tamen</span> <span class='ocrx_word' id='word_1_355' title='bbox 895 2247 971 2272; x_wconf 86' lang='lat' dir='ltr'>non</span> <span class='ocrx_word' id='word_1_356' title='bbox 1006 2235 1143 2282; x_wconf 89' lang='lat' dir='ltr'>debui,</span> <span class='ocrx_word' id='word_1_357' title='bbox 1184 2247 1232 2274; x_wconf 90' lang='lat' dir='ltr'>ne</span> <span class='ocrx_word' id='word_1_358' title='bbox 1263 2236 1302 2272; x_wconf 89' lang='lat' dir='ltr'>in</span> <span class='ocrx_word' id='word_1_359' title='bbox 1334 2235 1461 2274; x_wconf 86' lang='lat' dir='ltr'>Deum</span> <span class='ocrx_word' id='word_1_360' title='bbox 1494 2235 1688 2284; x_wconf 86' lang='lat' dir='ltr'>ingratus,</span> <span class='ocrx_word' id='word_1_361' title='bbox 1719 2236 1758 2272; x_wconf 91' lang='lat' dir='ltr'>in</span> <span class='ocrx_word' id='word_1_362' title='bbox 1789 2234 1917 2273; x_wconf 89' lang='lat' dir='ltr'>hono—</span> 
     </span>
     <span class='ocr_line' id='line_1_38' title="bbox 119 2293 1908 2343; baseline 0.001 -13"><span class='ocrx_word' id='word_1_363' title='bbox 119 2305 197 2331; x_wconf 86' lang='lat' dir='ltr'>rem</span> <span class='ocrx_word' id='word_1_364' title='bbox 237 2294 321 2343; x_wconf 89' lang='lat' dir='ltr'>ejus</span> <span class='ocrx_word' id='word_1_365' title='bbox 363 2294 547 2343; x_wconf 83' lang='lat' dir='ltr'>injurius,</span> <span class='ocrx_word' id='word_1_366' title='bbox 589 2296 627 2331; x_wconf 90' lang='lat' dir='ltr'>in</span> <span class='ocrx_word' id='word_1_367' title='bbox 659 2294 823 2332; x_wconf 88' lang='lat' dir='ltr'>lectores</span> <span class='ocrx_word' id='word_1_368' title='bbox 855 2295 1089 2343; x_wconf 86' lang='lat' dir='ltr'>(proximum</span> <span class='ocrx_word' id='word_1_369' title='bbox 1131 2293 1278 2341; x_wconf 91' lang='lat' dir='ltr'>meum)</span> <span class='ocrx_word' id='word_1_370' title='bbox 1309 2293 1546 2331; x_wconf 87' lang='lat' dir='ltr'>inofficiosus</span> <span class='ocrx_word' id='word_1_371' title='bbox 1588 2305 1787 2343; x_wconf 79' lang='lat' dir='ltr'>coarguat.</span> <span class='ocrx_word' id='word_1_372' title='bbox 1850 2293 1908 2342; x_wconf 83' lang='lat' dir='ltr'>Si,</span> 
     </span>
     <span class='ocr_line' id='line_1_39' title="bbox 117 2352 1916 2403; baseline 0.001 -14"><span class='ocrx_word' id='word_1_373' title='bbox 117 2357 164 2389; x_wconf 81' lang='lat' dir='ltr'>ut</span> <span class='ocrx_word' id='word_1_374' title='bbox 203 2353 500 2391; x_wconf 79' lang='lat' dir='ltr'>inventionibus</span> <span class='ocrx_word' id='word_1_375' title='bbox 541 2355 637 2391; x_wconf 83' lang='lat' dir='ltr'>meis</span> <span class='ocrx_word' id='word_1_376' title='bbox 669 2354 817 2403; x_wconf 80' lang='lat' dir='ltr'>faciem</span> <span class='ocrx_word' id='word_1_377' title='bbox 855 2352 1160 2402; x_wconf 79' lang='lat' dir='ltr'>splendidiorem</span> <span class='ocrx_word' id='word_1_378' title='bbox 1197 2352 1417 2399; x_wconf 79' lang='lat' dir='ltr'>conciliem,</span> <span class='ocrx_word' id='word_1_379' title='bbox 1461 2353 1725 2400; x_wconf 76' lang='lat' dir='ltr'>antiquorum</span> <span class='ocrx_word' id='word_1_380' title='bbox 1765 2353 1916 2400; x_wconf 82' lang='lat' dir='ltr'>scripta</span> 
     </span>
     <span class='ocr_line' id='line_1_40' title="bbox 118 2409 1912 2462; baseline 0 -14"><span class='ocrx_word' id='word_1_381' title='bbox 118 2410 286 2458; x_wconf 88' lang='lat' dir='ltr'>damno,</span> <span class='ocrx_word' id='word_1_382' title='bbox 330 2411 470 2449; x_wconf 87' lang='lat' dir='ltr'>damno</span> <span class='ocrx_word' id='word_1_383' title='bbox 512 2413 594 2462; x_wconf 88' lang='lat' dir='ltr'>ipse</span> <span class='ocrx_word' id='word_1_384' title='bbox 638 2422 699 2449; x_wconf 93' lang='lat' dir='ltr'>me</span> <span class='ocrx_word' id='word_1_385' title='bbox 742 2413 886 2461; x_wconf 79' lang='lat' dir='ltr'>ipsum3</span> <span class='ocrx_word' id='word_1_386' title='bbox 932 2412 991 2448; x_wconf 87' lang='lat' dir='ltr'>sin</span> <span class='ocrx_word' id='word_1_387' title='bbox 1035 2412 1177 2448; x_wconf 75' lang='lat' dir='ltr'>veritas</span> <span class='ocrx_word' id='word_1_388' title='bbox 1216 2415 1254 2447; x_wconf 88' lang='lat' dir='ltr'>et</span> <span class='ocrx_word' id='word_1_389' title='bbox 1294 2411 1476 2448; x_wconf 86' lang='lat' dir='ltr'>creatoris</span> <span class='ocrx_word' id='word_1_390' title='bbox 1508 2409 1630 2448; x_wconf 92' lang='lat' dir='ltr'>honor</span> <span class='ocrx_word' id='word_1_391' title='bbox 1668 2410 1797 2459; x_wconf 88' lang='lat' dir='ltr'>potior</span> <span class='ocrx_word' id='word_1_392' title='bbox 1827 2421 1912 2448; x_wconf 89' lang='lat' dir='ltr'>esse</span> 
     </span>
     <span class='ocr_line' id='line_1_41' title="bbox 119 2467 1912 2519; baseline -0.001 -13"><span class='ocrx_word' id='word_1_393' title='bbox 119 2468 236 2506; x_wconf 90' lang='lat' dir='ltr'>debet</span> <span class='ocrx_word' id='word_1_394' title='bbox 266 2469 411 2508; x_wconf 89' lang='lat' dir='ltr'>honore</span> <span class='ocrx_word' id='word_1_395' title='bbox 445 2474 638 2517; x_wconf 84' lang='lat' dir='ltr'>veterum,</span> <span class='ocrx_word' id='word_1_396' title='bbox 672 2480 784 2507; x_wconf 86' lang='lat' dir='ltr'>nemo</span> <span class='ocrx_word' id='word_1_397' title='bbox 816 2480 864 2507; x_wconf 89' lang='lat' dir='ltr'>ex</span> <span class='ocrx_word' id='word_1_398' title='bbox 895 2480 985 2507; x_wconf 91' lang='lat' dir='ltr'>vere</span> <span class='ocrx_word' id='word_1_399' title='bbox 1017 2474 1055 2507; x_wconf 90' lang='lat' dir='ltr'>et</span> <span class='ocrx_word' id='word_1_400' title='bbox 1085 2469 1256 2517; x_wconf 85' lang='lat' dir='ltr'>legitime</span> <span class='ocrx_word' id='word_1_401' title='bbox 1288 2468 1654 2519; x_wconf 87' lang='lat' dir='ltr'>philosophantibus</span> <span class='ocrx_word' id='word_1_402' title='bbox 1691 2468 1740 2506; x_wconf 89' lang='lat' dir='ltr'>ab</span> <span class='ocrx_word' id='word_1_403' title='bbox 1772 2467 1912 2517; x_wconf 88' lang='lat' dir='ltr'>hujus-</span> 
     </span>
     <span class='ocr_line' id='line_1_42' title="bbox 118 2526 1912 2576; baseline 0 -12"><span class='ocrx_word' id='word_1_404' title='bbox 118 2526 222 2564; x_wconf 89' lang='lat' dir='ltr'>modi</span> <span class='ocrx_word' id='word_1_405' title='bbox 255 2527 457 2565; x_wconf 86' lang='lat' dir='ltr'>calumniis</span> <span class='ocrx_word' id='word_1_406' title='bbox 489 2534 594 2566; x_wconf 86' lang='lat' dir='ltr'>tutus</span> <span class='ocrx_word' id='word_1_407' title='bbox 626 2530 696 2566; x_wconf 87' lang='lat' dir='ltr'>erit</span> <span class='ocrx_word' id='word_1_408' title='bbox 718 2538 899 2576; x_wconf 85' lang='lat' dir='ltr'>unquam.</span> <span class='ocrx_word' id='word_1_409' title='bbox 952 2526 1080 2575; x_wconf 84' lang='lat' dir='ltr'>Quare</span> <span class='ocrx_word' id='word_1_410' title='bbox 1101 2533 1142 2565; x_wconf 86' lang='lat' dir='ltr'>tu</span> <span class='ocrx_word' id='word_1_411' title='bbox 1178 2527 1304 2564; x_wconf 88' lang='lat' dir='ltr'>missis</span> <span class='ocrx_word' id='word_1_412' title='bbox 1328 2527 1671 2564; x_wconf 86' lang='lat' dir='ltr'>obtrectationibus</span> <span class='ocrx_word' id='word_1_413' title='bbox 1702 2537 1818 2576; x_wconf 86' lang='lat' dir='ltr'>perge</span> <span class='ocrx_word' id='word_1_414' title='bbox 1838 2537 1912 2576; x_wconf 89' lang='lat' dir='ltr'>po-</span> 
     </span>
     <span class='ocr_line' id='line_1_43' title="bbox 118 2584 1908 2636; baseline 0.001 -14"><span class='ocrx_word' id='word_1_415' title='bbox 118 2586 195 2622; x_wconf 88' lang='lat' dir='ltr'>tius</span> <span class='ocrx_word' id='word_1_416' title='bbox 216 2597 354 2624; x_wconf 85' lang='lat' dir='ltr'>aureas</span> <span class='ocrx_word' id='word_1_417' title='bbox 379 2586 522 2624; x_wconf 82' lang='lat' dir='ltr'>dictare</span> <span class='ocrx_word' id='word_1_418' title='bbox 545 2586 768 2632; x_wconf 83' lang='lat' dir='ltr'>sententias,</span> <span class='ocrx_word' id='word_1_419' title='bbox 802 2591 843 2622; x_wconf 90' lang='lat' dir='ltr'>ut</span> <span class='ocrx_word' id='word_1_420' title='bbox 865 2585 1095 2636; x_wconf 88' lang='lat' dir='ltr'>applausore</span> <span class='ocrx_word' id='word_1_421' title='bbox 1118 2597 1178 2623; x_wconf 87' lang='lat' dir='ltr'>me</span> <span class='ocrx_word' id='word_1_422' title='bbox 1209 2586 1338 2633; x_wconf 88' lang='lat' dir='ltr'>potius</span> <span class='ocrx_word' id='word_1_423' title='bbox 1361 2591 1483 2629; x_wconf 77' lang='lat' dir='ltr'>utare,</span> <span class='ocrx_word' id='word_1_424' title='bbox 1514 2596 1632 2634; x_wconf 89' lang='lat' dir='ltr'>quam</span> <span class='ocrx_word' id='word_1_425' title='bbox 1653 2584 1908 2623; x_wconf 78' lang='lat' dir='ltr'>confutatore.</span> 
     </span>
    </p>

    <p class='ocr_par' dir='ltr' id='par_1_6' title="bbox 86 2642 1961 3102">
     <span class='ocr_line' id='line_1_44' title="bbox 234 2642 1961 2692; baseline 0 -12"><span class='ocrx_word' id='word_1_426' title='bbox 234 2643 301 2682; x_wconf 85' lang='lat' dir='ltr'>Est</span> <span class='ocrx_word' id='word_1_427' title='bbox 333 2645 439 2682; x_wconf 88' lang='lat' dir='ltr'>Deus</span> <span class='ocrx_word' id='word_1_428' title='bbox 465 2645 637 2692; x_wconf 78' lang='lat' dir='ltr'>propior</span> <span class='ocrx_word' id='word_1_429' title='bbox 665 2643 794 2690; x_wconf 85' lang='lat' dir='ltr'>stellis,</span> <span class='ocrx_word' id='word_1_430' title='bbox 826 2655 911 2681; x_wconf 90' lang='lat' dir='ltr'>non</span> <span class='ocrx_word' id='word_1_431' title='bbox 940 2642 1157 2692; x_wconf 74' lang='lat' dir='ltr'>impeditur</span> <span class='ocrx_word' id='word_1_432' title='bbox 1187 2655 1214 2680; x_wconf 85' lang='lat' dir='ltr'>a</span> <span class='ocrx_word' id='word_1_433' title='bbox 1243 2643 1381 2690; x_wconf 84' lang='lat' dir='ltr'>stellis,</span> <span class='ocrx_word' id='word_1_434' title='bbox 1414 2655 1502 2681; x_wconf 85' lang='lat' dir='ltr'>cum</span> <span class='ocrx_word' id='word_1_435' title='bbox 1532 2643 1617 2680; x_wconf 84' lang='lat' dir='ltr'>vult</span> <span class='ocrx_word' id='word_1_436' title='bbox 1646 2643 1800 2691; x_wconf 86' lang='lat' dir='ltr'>punire,</span> <span class='ocrx_word' id='word_1_437' title='bbox 1831 2653 1909 2680; x_wconf 88' lang='lat' dir='ltr'>uon</span> <span class='ocrx_word' id='word_1_438' title='bbox 1958 2671 1961 2675; x_wconf 84' lang='grc'>.</span> 
     </span>
     <span class='ocr_line' id='line_1_45' title="bbox 118 2699 1908 2753; baseline 0.001 -17"><span class='ocrx_word' id='word_1_439' title='bbox 118 2699 265 2750; x_wconf 87' lang='lat' dir='ltr'>indiget</span> <span class='ocrx_word' id='word_1_440' title='bbox 303 2702 623 2749; x_wconf 78' lang='lat' dir='ltr'>radiationibus,</span> <span class='ocrx_word' id='word_1_441' title='bbox 665 2713 750 2739; x_wconf 89' lang='lat' dir='ltr'>cum</span> <span class='ocrx_word' id='word_1_442' title='bbox 790 2701 1037 2747; x_wconf 70' lang='lat' dir='ltr'>benefacere,</span> <span class='ocrx_word' id='word_1_443' title='bbox 1078 2713 1192 2739; x_wconf 82' lang='lat' dir='ltr'>coeca</span> <span class='ocrx_word' id='word_1_444' title='bbox 1232 2705 1286 2738; x_wconf 85' lang='lat' dir='ltr'>est</span> <span class='ocrx_word' id='word_1_445' title='bbox 1324 2702 1408 2738; x_wconf 82' lang='lat' dir='ltr'>sine</span> <span class='ocrx_word' id='word_1_446' title='bbox 1438 2703 1522 2749; x_wconf 79' lang='lat' dir='ltr'>ejus</span> <span class='ocrx_word' id='word_1_447' title='bbox 1551 2702 1784 2753; x_wconf 76' lang='lat' dir='ltr'>praesentia</span> <span class='ocrx_word' id='word_1_448' title='bbox 1822 2711 1908 2739; x_wconf 87' lang='lat' dir='ltr'>cum</span> 
     </span>
     <span class='ocr_line' id='line_1_46' title="bbox 117 2758 1943 2811; baseline 0.001 -17"><span class='ocrx_word' id='word_1_449' title='bbox 117 2765 254 2797; x_wconf 86' lang='lat' dir='ltr'>natura</span> <span class='ocrx_word' id='word_1_450' title='bbox 286 2761 387 2811; x_wconf 90' lang='lat' dir='ltr'>ipsa,</span> <span class='ocrx_word' id='word_1_451' title='bbox 420 2767 501 2799; x_wconf 89' lang='lat' dir='ltr'>turn</span> <span class='ocrx_word' id='word_1_452' title='bbox 533 2760 616 2809; x_wconf 84' lang='lat' dir='ltr'>ejus</span> <span class='ocrx_word' id='word_1_453' title='bbox 648 2761 780 2806; x_wconf 84' lang='lat' dir='ltr'>simia,</span> <span class='ocrx_word' id='word_1_454' title='bbox 821 2760 927 2797; x_wconf 87' lang='lat' dir='ltr'>coeci</span> <span class='ocrx_word' id='word_1_455' title='bbox 958 2759 1041 2795; x_wconf 87' lang='lat' dir='ltr'>sine</span> <span class='ocrx_word' id='word_1_456' title='bbox 1073 2759 1147 2796; x_wconf 85' lang='lat' dir='ltr'>hac</span> <span class='ocrx_word' id='word_1_457' title='bbox 1178 2760 1380 2809; x_wconf 82' lang='lat' dir='ltr'>scriptores</span> <span class='ocrx_word' id='word_1_458' title='bbox 1413 2765 1489 2796; x_wconf 81' lang='lat' dir='ltr'>tarn</span> <span class='ocrx_word' id='word_1_459' title='bbox 1521 2758 1748 2805; x_wconf 89' lang='lat' dir='ltr'>Hermetici‚</span> <span class='ocrx_word' id='word_1_460' title='bbox 1790 2769 1907 2810; x_wconf 89' lang='lat' dir='ltr'>quam</span> <span class='ocrx_word' id='word_1_461' title='bbox 1936 2774 1943 2777; x_wconf 57' lang='lat'>&gt;</span> 
     </span>
     <span class='ocr_line' id='line_1_47' title="bbox 86 2814 1905 2867; baseline 0.001 -15"><span class='ocrx_word' id='word_1_462' title='bbox 86 2817 389 2864; x_wconf 47' lang='lat' dir='ltr'>‚mathematici</span> <span class='ocrx_word' id='word_1_463' title='bbox 450 2818 587 2867; x_wconf 90' lang='lat' dir='ltr'>Neque</span> <span class='ocrx_word' id='word_1_464' title='bbox 620 2823 747 2856; x_wconf 89' lang='lat' dir='ltr'>tamen</span> <span class='ocrx_word' id='word_1_465' title='bbox 779 2829 826 2855; x_wconf 88' lang='lat' dir='ltr'>ex</span> <span class='ocrx_word' id='word_1_466' title='bbox 857 2817 917 2854; x_wconf 90' lang='lat' dir='ltr'>his</span> <span class='ocrx_word' id='word_1_467' title='bbox 949 2818 1126 2855; x_wconf 89' lang='lat' dir='ltr'>omnibus</span> <span class='ocrx_word' id='word_1_468' title='bbox 1158 2819 1344 2866; x_wconf 88' lang='lat' dir='ltr'>sequitur,</span> <span class='ocrx_word' id='word_1_469' title='bbox 1380 2818 1556 2855; x_wconf 90' lang='lat' dir='ltr'>inutilem</span> <span class='ocrx_word' id='word_1_470' title='bbox 1588 2828 1611 2855; x_wconf 87' lang='lat' dir='ltr'>a</span> <span class='ocrx_word' id='word_1_471' title='bbox 1641 2827 1701 2854; x_wconf 89' lang='lat' dir='ltr'>me</span> <span class='ocrx_word' id='word_1_472' title='bbox 1727 2814 1905 2854; x_wconf 87' lang='lat' dir='ltr'>colloca—</span> 
     </span>
     <span class='ocr_line' id='line_1_48' title="bbox 115 2874 1904 2927; baseline 0 -17"><span class='ocrx_word' id='word_1_473' title='bbox 115 2879 193 2912; x_wconf 89' lang='lat' dir='ltr'>tam</span> <span class='ocrx_word' id='word_1_474' title='bbox 225 2887 309 2914; x_wconf 88' lang='lat' dir='ltr'>esse</span> <span class='ocrx_word' id='word_1_475' title='bbox 342 2888 498 2926; x_wconf 85' lang='lat' dir='ltr'>operam</span> <span class='ocrx_word' id='word_1_476' title='bbox 541 2878 578 2913; x_wconf 92' lang='lat' dir='ltr'>in</span> <span class='ocrx_word' id='word_1_477' title='bbox 608 2874 824 2927; x_wconf 88' lang='lat' dir='ltr'>supplenda</span> <span class='ocrx_word' id='word_1_478' title='bbox 854 2875 1028 2912; x_wconf 86' lang='lat' dir='ltr'>doctrina</span> <span class='ocrx_word' id='word_1_479' title='bbox 1073 2875 1374 2924; x_wconf 86' lang='lat' dir='ltr'>meteorologica</span> <span class='ocrx_word' id='word_1_480' title='bbox 1406 2874 1650 2921; x_wconf 87' lang='lat' dir='ltr'>Aristotelis,</span> <span class='ocrx_word' id='word_1_481' title='bbox 1695 2875 1732 2911; x_wconf 90' lang='lat' dir='ltr'>in</span> <span class='ocrx_word' id='word_1_482' title='bbox 1762 2885 1904 2922; x_wconf 90' lang='lat' dir='ltr'>perve-</span> 
     </span>
     <span class='ocr_line' id='line_1_49' title="bbox 113 2931 1902 2982; baseline 0 -15"><span class='ocrx_word' id='word_1_483' title='bbox 113 2933 302 2980; x_wconf 85' lang='lat' dir='ltr'>stigandis</span> <span class='ocrx_word' id='word_1_484' title='bbox 343 2936 471 2973; x_wconf 88' lang='lat' dir='ltr'>causis</span> <span class='ocrx_word' id='word_1_485' title='bbox 513 2937 814 2973; x_wconf 90' lang='lat' dir='ltr'>commotionum</span> <span class='ocrx_word' id='word_1_486' title='bbox 855 2932 1116 2982; x_wconf 83' lang='lat' dir='ltr'>naturalibus3</span> <span class='ocrx_word' id='word_1_487' title='bbox 1161 2944 1237 2970; x_wconf 89' lang='lat' dir='ltr'>non</span> <span class='ocrx_word' id='word_1_488' title='bbox 1281 2933 1369 2972; x_wconf 92' lang='lat' dir='ltr'>ideo</span> <span class='ocrx_word' id='word_1_489' title='bbox 1408 2932 1516 2971; x_wconf 86' lang='lat' dir='ltr'>nulla</span> <span class='ocrx_word' id='word_1_490' title='bbox 1560 2937 1619 2971; x_wconf 87' lang='lat' dir='ltr'>est</span> <span class='ocrx_word' id='word_1_491' title='bbox 1663 2931 1723 2969; x_wconf 86' lang='lat' dir='ltr'>vel</span> <span class='ocrx_word' id='word_1_492' title='bbox 1769 2931 1902 2968; x_wconf 90' lang='lat' dir='ltr'>muudi</span> 
     </span>
     <span class='ocr_line' id='line_1_50' title="bbox 114 2990 1900 3038; baseline 0.001 -12"><span class='ocrx_word' id='word_1_493' title='bbox 114 2992 232 3028; x_wconf 87' lang='lat' dir='ltr'>totius</span> <span class='ocrx_word' id='word_1_494' title='bbox 276 2992 337 3029; x_wconf 88' lang='lat' dir='ltr'>vel</span> <span class='ocrx_word' id='word_1_495' title='bbox 376 2998 537 3031; x_wconf 88' lang='lat' dir='ltr'>naturae</span> <span class='ocrx_word' id='word_1_496' title='bbox 576 2993 796 3030; x_wconf 83' lang='lat' dir='ltr'>sublunaris</span> <span class='ocrx_word' id='word_1_497' title='bbox 834 2992 981 3038; x_wconf 87' lang='lat' dir='ltr'>anima,</span> <span class='ocrx_word' id='word_1_498' title='bbox 1026 3003 1101 3029; x_wconf 88' lang='lat' dir='ltr'>non</span> <span class='ocrx_word' id='word_1_499' title='bbox 1144 2991 1231 3029; x_wconf 90' lang='lat' dir='ltr'>ideo</span> <span class='ocrx_word' id='word_1_500' title='bbox 1269 2995 1427 3029; x_wconf 85' lang='lat' dir='ltr'>evanuit</span> <span class='ocrx_word' id='word_1_501' title='bbox 1469 3002 1545 3028; x_wconf 87' lang='lat' dir='ltr'>vox</span> <span class='ocrx_word' id='word_1_502' title='bbox 1587 2991 1661 3028; x_wconf 88' lang='lat' dir='ltr'>Dei</span> <span class='ocrx_word' id='word_1_503' title='bbox 1705 2990 1900 3038; x_wconf 87' lang='lat' dir='ltr'>creatoris,</span> 
     </span>
     <span class='ocr_line' id='line_1_51' title="bbox 113 3048 1900 3102; baseline 0.001 -16"><span class='ocrx_word' id='word_1_504' title='bbox 113 3058 199 3086; x_wconf 88' lang='lat' dir='ltr'>cum</span> <span class='ocrx_word' id='word_1_505' title='bbox 231 3049 327 3087; x_wconf 89' lang='lat' dir='ltr'>dixit</span> <span class='ocrx_word' id='word_1_506' title='bbox 360 3051 584 3101; x_wconf 77' lang='lat' dir='ltr'>„producat</span> <span class='ocrx_word' id='word_1_507' title='bbox 622 3052 772 3089; x_wconf 84' lang='lat' dir='ltr'>terra“.</span> <span class='ocrx_word' id='word_1_508' title='bbox 837 3048 965 3098; x_wconf 84' lang='lat' dir='ltr'>Quare</span> <span class='ocrx_word' id='word_1_509' title='bbox 1007 3051 1107 3088; x_wconf 86' lang='lat' dir='ltr'>male</span> <span class='ocrx_word' id='word_1_510' title='bbox 1139 3055 1180 3087; x_wconf 91' lang='lat' dir='ltr'>tu</span> <span class='ocrx_word' id='word_1_511' title='bbox 1212 3049 1414 3102; x_wconf 80' lang='lat' dir='ltr'>concludis</span> <span class='ocrx_word' id='word_1_512' title='bbox 1452 3049 1523 3088; x_wconf 82' lang='lat' dir='ltr'>hoc</span> <span class='ocrx_word' id='word_1_513' title='bbox 1561 3061 1586 3087; x_wconf 88' lang='lat' dir='ltr'>a</span> <span class='ocrx_word' id='word_1_514' title='bbox 1615 3059 1675 3085; x_wconf 91' lang='lat' dir='ltr'>me</span> <span class='ocrx_word' id='word_1_515' title='bbox 1708 3051 1900 3087; x_wconf 84' lang='lat' dir='ltr'>assertum</span> 
     </span>
    </p>
   </div>
  </div>
 </body>
</html>
