1994 3276
754 110 930 151 mmv.
959 111 1162 160 ΜΠ·
1760 121 1844 162 sir

55 232 144 270 edre
168 237 208 271 et
228 232 361 271 sosias.
408 231 699 268 Consentaneum
718 229 830 277 igitm·
851 233 921 274 est,
945 221 1054 266 etiarn
1075 228 1265 276 physieam
1287 229 1559 276 inscriptionem
1581 232 1616 269 ei
1641 238 1846 294 competere

54 280 124 323 nes
144 284 255 332 plne
275 282 527 321 tetraedricam
550 293 619 319 nec
638 282 747 329 plane
770 280 1084 327 dodecaedrieam,
1107 281 1173 317 sed
1195 282 1340 326 generis
1362 282 1585 331 intermedii;
1621 291 1663 321 ut
1686 286 1772 332 quia
1794 291 1847 322 te·

54 337 223 374 traedroa
241 336 363 385 ,ἡὴ
384 336 589 383 pertingere
610 334 734 372 debuit
757 333 803 370 ad
819 344 999 370 summurn
1021 332 1131 378 orbis,
1156 333 1410 370 dodecaedron
1433 346 1506 371 non
1530 338 1721 383 attingere,
1745 342 1846 374 certo

55 389 192 436 spatio:
210 389 290 436 jara
311 389 404 426 haec
426 388 593 424 aculeata
614 386 733 434 figura
755 386 931 423 lateribus
954 385 1106 422 inversis
1128 385 1224 421 inter
1239 386 1397 431 spatium
1418 387 1669 425 icosiedricum
1692 395 1731 426 et
1753 390 1849 425 inter

57 441 156 479 orbis
177 440 341 502 inscripti
363 452 540 478 summm
565 446 647 484 stet,
670 440 833 499 proxime
856 439 951 475 hanc
972 437 1213 474 summmtem
1236 439 1429 483 attingens,
1452 440 1484 475 si
1506 445 1626 476 tamen
1650 442 1756 478 etiarn
1778 441 1850 478 ista

59 493 210 540 figura
197 498 236 534 rja
247 493 461 530 aodetatem
483 493 702 538 reliquarum
713 491 873 538 quinque
885 489 1119 528 adsciscendo.
1130 490 1198 526 fuit
1209 490 1380 536 legesque
1392 491 1494 538 istae,
1517 493 1697 530 stantibus
1710 493 1849 539 legibus

56 545 211 592 maran,
234 545 384 583 tolerari
407 550 612 592 potuerunt.
635 545 713 582 Ιιιιο
737 544 825 590 qujd
848 543 929 580 dico
952 543 1099 579 tolerari
1121 543 1344 588 potuerunt?
1367 544 1499 589 quibus
1521 544 1606 581 illae
1630 556 1754 582 carere
1776 556 1849 581 non

55 603 264 644 potuerunt.
312 598 407 635 Nam
430 599 463 634 si
486 597 711 635 dodecaedro
734 597 965 642 competebat
986 595 1176 641 inscriptio
1199 595 1302 640 laxa,
1326 606 1393 631 nec
1416 596 1614 642 attingens,
1640 597 1728 643 quid
1751 597 1850 633 aliud

56 649 280 687 indefinstam
301 650 400 687 illam
421 651 608 688 laxitatem
630 651 729 686 intra
751 656 873 686 certae
896 648 1107 694 quantitatis
1131 653 1247 684 metas
1271 652 1439 684 coercere
1463 650 1602 694 potuit,
1627 661 1735 696 quam
1757 649 1850 686 haec

57 702 272 740 subsidiaria
291 703 429 750 figura,
465 702 688 740 dodeeaedro
714 708 752 739 et
773 701 954 738 icosiedro
977 707 1154 746 cognata,
1189 701 1423 747 inscriptione
1454 713 1521 738 sua
1555 703 1719 748 proxime
1742 702 1849 738 attin-

58 759 178 801 gente,
199 765 268 792 nec
289 755 373 802 plus
396 755 585 793 deficiente
608 756 655 799 (si
676 760 797 791 tamen
820 754 955 800 deficit)
984 765 1093 799 quarn
1115 753 1323 790 tetraedron
1346 754 1491 791 excedit
1513 761 1551 791 et
1584 761 1768 802 penetrat,
1804 755 1850 790 de

57 817 132 852 qua
151 805 351 853 qu'autitate
368 808 446 854 jam
468 809 507 844 in
529 809 695 854 sequenti
717 817 874 854 agemus.

174 868 302 909 Valde
339 870 574 909 versimilem
612 869 738 909 reddit
773 867 875 907 hanc
911 879 1069 907 causam
1107 867 1234 906 echini
1263 868 1444 906 associati
1490 867 1642 906 duabus
1672 868 1850 917 cognatis

59 925 195 979 figuris
223 924 291 982 (ut
318 927 469 968 scilicet
496 927 813 967 determinaretur
850 928 1048 976 proportio
1080 925 1230 964 orbium
1261 924 1399 964 Martis
1429 932 1469 965 et
1498 925 1683 973 Veneris,
1731 936 1851 975 quam

57 983 151 1024 illae
169 984 410 1025 indefinitam
428 985 690 1038 reliquerant),
720 984 826 1036 quod
856 986 1051 1023 invenitur
1080 983 1365 1023 semidiameter
1394 984 1499 1023 orbis
1518 983 1686 1023 Telluris
1705 980 1851 1036 (1000)

59 1053 181 1094 prope
209 1043 419 1083 admodum
448 1044 576 1083 medio
613 1044 701 1083 loco
741 1042 1040 1095 proportionalis
1080 1044 1177 1080 inter
1215 1042 1348 1081 orbem
1377 1041 1515 1080 Martis
1552 1041 1782 1094 perihelium
1811 1048 1851 1081 et

62 1099 225 1140 Vmerh
251 1101 470 1154 aphelium:
500 1104 612 1152 quasi
642 1103 823 1153 spatium,
854 1100 960 1151 quod
990 1100 1151 1139 echinus
1171 1099 1344 1139 vindicat
1370 1102 1547 1151 cognatis
1577 1100 1721 1150 figuris,
1753 1102 1850 1139 inter

62 1157 151 1198 illas
170 1166 215 1199 at
232 1161 490 1211 poter-imiles
509 1160 850 1212 proportionaliter
867 1161 921 1198 sit
939 1158 1121 1198 divisum.
1147 1164 1279 1206 (Echini
1295 1164 1440 1204 speeiem
1464 1163 1540 1195 vido
1556 1163 1616 1197 lib.
1633 1164 1675 1195 v.
1690 1164 1746 1195 rol.
1758 1162 1850 1202 272.)

176 1228 477 1281 Propositio
506 1229 697 1270 XLVIII.
753 1229 959 1279 Inscriptio
999 1228 1209 1279 figurarum
1246 1227 1480 1279 regularium
1510 1227 1723 1267 solidarum
1751 1231 1851 1268 inter

62 1288 176 1327 orbes
203 1287 442 1338 planetarios
480 1299 559 1326 non
587 1288 661 1326 fuit
688 1298 817 1326 merae
853 1287 1067 1336 libertatis3
1108 1286 1392 1337 impediebatur
1429 1288 1531 1325 enim
1561 1287 1663 1325 circa
1691 1289 1851 1327 minima

63 1346 115 1386 ab
142 1345 354 1384 harmoniis
383 1348 484 1384 inter
509 1351 640 1384 motus
670 1351 861 1384 extremos
890 1345 1059 1383 statutis.

174 1406 268 1442 Nam
290 1414 358 1452 per
379 1417 436 1442 ax.
464 1406 493 1441 1.
518 1410 556 1442 et
577 1406 611 1442 2.
634 1407 820 1452 proportio
845 1406 984 1442 orbium
1008 1406 1185 1451 cujusque
1207 1405 1346 1451 figurae
1378 1416 1451 1442 non
1473 1406 1555 1452 ipsa
1578 1415 1646 1451 per
1668 1415 1709 1440 se
1731 1404 1848 1451 ipsam

64 1457 268 1494 immediate
290 1457 414 1494 debuit
435 1458 598 1503 exprimi,
621 1457 687 1494 sed
702 1469 768 1503 per
782 1458 879 1493 illam
896 1458 1123 1503 quaerendae
1139 1459 1239 1504 prius
1262 1457 1408 1494 fueram
1429 1459 1661 1503 motibusque
1683 1458 1853 1494 extremis

63 1511 386 1549 accommodandae
408 1511 627 1556 harmoniae,
649 1512 739 1557 ipsis
762 1512 901 1547 orbium
925 1511 1217 1557 proportionibus
1241 1511 1552 1547 familiarissimae.

177 1563 328 1608 Dn‘nde,
351 1568 394 1599 ut
414 1574 481 1608 per
502 1574 562 1599 ax.
590 1564 643 1600 18.
665 1564 724 1600 20.
746 1563 954 1598 harmoniae
978 1562 1198 1599 universales
1216 1563 1367 1600 duorum
1391 1573 1562 1608 generum
1586 1573 1668 1600 esse
1690 1568 1852 1609 possent,

63 1613 229 1651 menti
249 1615 412 1652 nonnihil
435 1616 520 1652 addi
543 1617 703 1661 oportuit
725 1615 920 1651 harmoniis
944 1616 1165 1659 singularum
1187 1615 1350 1661 bigarum
1383 1614 1581 1659 majoribus
1605 1625 1671 1660 per
1693 1615 1853 1650 rationes

64 1667 292 1712 posteriores.
316 1669 367 1705 Ut
386 1669 497 1715 igitur
518 1669 589 1705 ista
612 1675 709 1705 stare
731 1674 881 1714 possent
904 1669 1050 1714 suisque
1073 1670 1229 1715 propriis
1253 1669 1319 1704 niti
1342 1669 1554 1714 rationibus,
1578 1667 1855 1712 requirebantur

65 1719 254 1755 intervalla
271 1720 487 1756 dissidentia
509 1721 671 1756 nonnihil
705 1721 750 1756 ab
774 1721 840 1764 iis,
876 1731 970 1765 quae
1003 1728 1089 1756 sunt
1119 1731 1165 1756 ex
1198 1721 1433 1766 inscriptione
1464 1721 1626 1766 perfecta
1659 1718 1853 1763 figurarum

0 1796 2 1819 ᾗ
65 1771 160 1807 inter
182 1771 311 1818 orbes,
343 1773 483 1818 legibus
508 1777 669 1809 motuum
703 1783 781 1817 cap.
806 1774 839 1809 3.
863 1773 1065 1818 explicatis.
1115 1773 1157 1808 Id
1192 1778 1232 1808 ut
1256 1772 1511 1817 comprobetur
1546 1778 1582 1806 et
1606 1777 1646 1807 ut
1669 1777 1854 1816 appareat,

66 1828 239 1869 quantum
262 1825 456 1872 derogetur
490 1826 640 1870 singulis
663 1824 787 1869 figuris
821 1836 889 1870 per
912 1825 1116 1860 harmonias
1150 1825 1304 1870 propriis
1328 1824 1531 1860 rationibus
1555 1823 1751 1859 stabilitas:
1787 1834 1854 1867 age

66 1885 115 1911 ex
135 1876 207 1911 illis
229 1883 458 1914 exstruamus
480 1877 670 1913 intervalla
691 1877 918 1923 planetarum
942 1889 965 1914 a
981 1877 1065 1913 Sole
1087 1888 1179 1913 nova
1202 1878 1319 1913 forma
1343 1877 1471 1913 calculi
1494 1887 1561 1912 nec
1585 1881 1693 1911 antea
1716 1879 1855 1911 tentata

24 1946 30 1951 κ
67 1938 92 1963 a
112 1938 303 1974 quoquam.

183 1985 304 2024 Erunt
333 1992 463 2025 autem
493 1960 755 2038 inquisitionis
795 1986 914 2036 hujus
943 1988 1017 2026 tria
1054 1988 1205 2038 capita:
1243 1988 1410 2037 primurn
1449 1997 1497 2024 ex
1536 1984 1727 2034 quusque
1763 1983 1854 2033 pla-

68 2047 183 2082 netae
210 2045 382 2088 motibus
421 2046 523 2084 binis
565 2048 746 2084 extremis
784 2047 1023 2095 inquirentnr
1057 2046 1142 2095 ejus
1173 2051 1213 2083 et
1253 2045 1355 2083 Solis
1386 2042 1593 2083 intervalla
1622 2041 1756 2080 itidem
1786 2053 1857 2079 ex-

15 2110 21 2155 }
70 2106 204 2148 trema,
235 2113 284 2140 ex
311 2105 359 2141 iis
388 2103 517 2142 radius
549 2104 652 2142 orbis
682 2105 720 2141 in
749 2102 816 2141 illa
845 2111 1101 2142 extremorum
1130 2102 1422 2141 intervallorum
1451 2101 1691 2140 dimensione
1722 2099 1855 2148 cujus-

19 2160 146 2220 ]‘que
174 2158 354 2209 planetae
382 2163 551 2212 propria.
611 2161 811 2209 Secundo,
849 2174 895 2199 ex
926 2161 1062 2200 iisdem
1091 2162 1261 2199 motibus
1304 2161 1507 2207 extremis,
1548 2161 1584 2196 in
1614 2158 1855 2196 dimensione

22 2216 36 2268 J
55 2218 251 2255 ‘omnihus
286 2218 442 2266 eadem,
492 2221 731 2270 inquirentur
768 2225 897 2258 motus
940 2219 1057 2258 medii
1103 2230 1314 2268 eorumque
1354 2219 1566 2269 proportio
1634 2215 1766 2254 Tertio
1807 2226 1855 2252 ex

40 2301 45 2305 -
70 2276 319 2325 proportione
346 2282 521 2316 motuum
550 2277 767 2316 mediorum
792 2278 875 2327 jam
904 2279 1101 2328 patefacta
1129 2279 1327 2327 proportio
1358 2277 1509 2314 orbium
1539 2286 1609 2313 seu
1640 2273 1855 2311 mediomm

43 2332 366 2373 intervallorum
393 2336 691 2385 investigabitur
728 2341 767 2374 et
803 2347 884 2374 una
912 2338 1031 2374 etiam
1060 2342 1339 2381 extremorum,
1384 2333 1531 2382 illaque
1570 2331 1856 2382 comparabitur

33 2435 37 2437 4
74 2401 161 2428 eum
190 2393 505 2451 proportionibus
534 2393 771 2443 figuralibus.

30 2449 57 2520 Ξ

34 2559 69 2607 3

193 2447 308 2497 Quod
337 2448 501 2499 primum
528 2453 684 2489 attinet.
725 2450 974 2500 repetendum
1005 2455 1064 2488 est
1100 2461 1149 2488 ex
1179 2461 1262 2499 cap.
1286 2451 1325 2488 3.
1355 2459 1514 2486 numero
1548 2448 1595 2495 6,
1633 2445 1737 2495 quod
1766 2456 1859 2496 pro-

32 2500 202 2556 ἓξὲροτιῑο
232 2512 407 2545 ιιιοιιιιιιιι
435 2514 692 2547 extremorum
733 2510 784 2546 sit
813 2508 931 2558 dupla
972 2509 1232 2557 proportionis
1264 2518 1423 2546 eversae
1451 2504 1765 2556 respondentium
1795 2505 1858 2540 iu-

77 2563 327 2602 ter-vallorum
357 2577 382 2603 a
410 2564 515 2606 Sole.
548 2565 671 2605 Cum
699 2567 818 2616 igitur
846 2568 964 2605 etiam
994 2565 1270 2615 quadratorum
1307 2565 1505 2616 proportio
1536 2565 1586 2601 sit
1616 2561 1737 2611 dupla
1764 2572 1858 2611 pro-

34 2609 262 2672 {portionis
291 2630 449 2661 suorum
476 2623 658 2672 laterum,
689 2635 782 2674 ergo
810 2626 971 2673 numeri,
1002 2624 1145 2673 quibus
1164 2626 1326 2662 extremi
1357 2627 1485 2661 motus
1514 2619 1756 2669 singulorum
1785 2630 1855 2657 ex·

35 2654 308 2735 ἓβῖῐῦῠῦωῐ,
348 2680 692 2720 considerabuntur
731 2688 775 2720 ut
808 2681 988 2732 quadrati
1026 2687 1064 2719 et
1104 2683 1304 2731 quaesitae
1334 2681 1489 2718 illorum
1527 2678 1677 2717 radices
1708 2676 1856 2715 dabunt

33 2737 70 2797 ἐξ
58 2742 249 2776 extrema
275 2738 501 2785 intervalla,
545 2750 707 2787 quorum
741 2740 855 2778 facile
884 2747 943 2778 est
980 2739 1151 2777 medium
1179 2739 1461 2778 arithmeticum
1491 2738 1665 2785 accipere
1693 2746 1763 2784 pro
1792 2746 1858 2773 se·

45 2787 319 2847 ‘'z-{midiametro
376 2796 480 2834 orbis
526 2803 566 2834 et
611 2798 907 2836 eccentricitate.
982 2797 1107 2846 Igitur
1153 2798 1378 2836 harmoniae
1425 2795 1613 2833 hactenus
1660 2791 1858 2832 stabilitae

53 2941 85 3040 ’Ξ-

741 2974 762 2981 s

1884 2396 1963 2488 3
