1994 3276
133 87 217 126 462
761 79 980 126 Appendicis
1004 80 1303 117 Harmonicorum

133 204 285 250 tione,'
306 202 408 239 nitor
437 199 546 239 illam
586 200 622 237 in
654 199 795 239 melius
825 200 1043 240 emendare.
1104 201 1227 252 Atqui
1269 203 1524 243 contradictio
1564 205 1673 245 nulla
1703 212 1784 255 est,
1827 206 1928 258 quae

138 261 327 300 lectorem
361 258 569 310 impediat,
609 269 696 296 cum
728 265 912 308 constet,
934 271 1012 309 quo
1042 266 1219 310 respectu
1251 261 1454 311 quodlibet
1481 273 1615 302 eorum
1645 265 1928 306 affirmaverim.

214 318 339 356 Alio
372 324 486 369 capto
518 318 666 366 impetu
708 318 748 354 in
779 319 996 367 spatiosum
1036 319 1164 370 operis
1194 321 1269 358 mei
1300 331 1435 369 agrum
1473 325 1663 371 excurris,
1704 325 1928 363 vastitatem

131 351 330 426 utcunque
369 382 409 415 et
444 375 587 414 damna
624 375 802 413 illaturus
843 376 1046 416 hostiliter
1107 376 1310 425 Mundus,
1353 380 1436 424 ais,
1468 383 1583 421 tertio
1613 381 1676 419 die
1715 384 1929 433 completus

129 437 234 486 fuit,
266 436 467 473 elementis
497 434 718 482 ordinatis,
759 434 931 473 secundo
961 436 1058 473 coeli
1065 463 1078 482 ,
1121 447 1214 473 cum
1242 437 1427 475 nondum
1459 444 1584 477 essent
1609 441 1755 479 sidera.
1818 439 1928 491 Ery'o

134 494 255 532 Plato
284 498 322 531 et
352 493 606 542 Pythayoras
637 493 884 541 applicando
912 493 1067 542 fi'yuras
1098 494 1299 532 elementis
1334 506 1419 534 non
1451 498 1683 546 coyitarunt
1718 500 1766 537 de
1794 500 1929 537 stella-

131 564 227 590 rum
256 551 468 590 distantiis.
530 549 682 588 Sufficit
712 553 952 589 recensuisse
983 558 1265 601 argumentum,
1298 553 1484 592 namhoc
1511 555 1593 604 jam
1620 556 1709 607 plus
1729 563 1790 596 est
1810 569 1927 607 quam

132 611 318 661 refutare3
361 620 585 659 quanquam
616 607 665 647 de
696 609 944 647 conclusione
975 621 1052 648 non
1084 622 1239 660 pugno,
1281 611 1387 660 quod
1425 618 1617 651 testantur
1655 627 1772 654 voces
1803 627 1925 664 meae,

129 669 245 719 forte,
275 670 392 719 forte,
425 674 467 706 ut
497 669 585 706 cavi
616 667 667 705 ad
697 667 877 718 analysin
914 669 977 706 15.
1038 668 1225 718 Sequitur
1255 669 1360 708 haud
1391 671 1511 719 paulo
1542 672 1751 711 violentius
1783 674 1926 713 telum:

136 726 366 777 Inconyrue
406 725 606 775 Keplerus
645 726 693 763 de
730 726 1059 774 philosophorum
1099 728 1407 774 intentionibus,
1451 741 1580 778 quare
1620 732 1739 770 valde
1781 732 1927 771 debitia

127 786 402 837 fundamenta
432 784 672 823 harmoniae
708 785 793 831 ejus
831 785 1091 832 mundanae,
1139 797 1225 824 cum
1267 798 1340 836 ego
1383 787 1717 854 philosophorum
1738 792 1926 831 memine-

133 846 205 882 rim
235 844 384 891 obiter,
417 854 488 881 nec
518 843 641 880 ullum
672 844 720 880 iis
750 842 879 880 locum
912 843 1069 881 fecerim
1100 844 1138 880 in
1170 844 1431 883 fundamentis
1461 848 1570 885 meis.

250 902 310 940 De
343 908 432 940 tuae
463 901 706 939 harmonicas
738 902 910 951 epitoma
940 901 1037 939 nihil
1068 909 1184 940 antea
1217 902 1314 951 dixi,
1351 903 1447 942 nihil
1478 906 1596 954 igitur
1625 917 1673 944 ne
1703 917 1807 945 nunc
1837 908 1927 955 qni·
1992 911 1994 913 '

134 961 221 999 dem
252 961 302 999 ad
333 972 394 999 me
425 961 615 1010 pertinere
646 964 754 1010 puto,
787 960 983 1009 quomodo
1006 965 1047 998 tu
1069 961 1241 1010 applices
1261 961 1406 1011 figuras
1430 963 1652 1013 regulares3
1683 963 1779 1002 illud
1799 965 1924 1003 solum
1960 972 1964 974 “

134 1020 364 1066 cavendum,
396 1030 444 1056 ne
476 1023 516 1056 tu
548 1020 643 1056 meis
675 1018 838 1056 abutare
870 1019 1008 1056 verbis.
1062 1019 1206 1070 Accipe
1227 1031 1395 1058 sensum.
1447 1020 1580 1060 Cubus
1607 1020 1758 1065 ratione
1780 1022 1926 1073 figurae

133 1079 386 1129 primigenius
418 1082 476 1115 est
514 1082 552 1114 et
583 1078 772 1115 rationem
813 1077 933 1114 totius
964 1076 1104 1124 habet,
1145 1084 1448 1117 consentaneum
1489 1081 1607 1129 igitur
1647 1086 1748 1128 erat,
1791 1086 1834 1118 ut
1868 1082 1925 1119 illi

132 1138 249 1175 etiam
289 1136 399 1175 locus
441 1137 607 1174 extimus
651 1141 689 1174 et
710 1134 994 1184 ‘amplissimus
1025 1137 1179 1184 (eorum
1217 1137 1385 1183 scilicet,
1431 1149 1531 1188 quos
1562 1139 1710 1188 figurae
1753 1141 1923 1178 nancisci

132 1192 317 1248 possunt)
349 1195 623 1243 assignaretur.
686 1192 789 1242 Quid
819 1193 906 1241 hoc,
938 1195 1087 1243 inquis,
1126 1194 1174 1233 ad
1207 1195 1444 1234 Saturnum?
1505 1195 1672 1235 Omnino
1704 1197 1924 1248 plurimum.

133 1254 231 1292 Nam
263 1255 436 1303 quinque
467 1252 614 1302 figurae
643 1263 713 1290 sex
743 1251 932 1290 dederunt
961 1254 1155 1300 circuitus,
1189 1254 1311 1292 cubus
1342 1256 1459 1303 igitur
1488 1255 1596 1294 dedit
1626 1257 1810 1303 extimos,
1848 1256 1924 1295 Sa·-

133 1318 287 1350 turnum
329 1318 367 1350 et
405 1310 562 1349 Jovem.
623 1311 750 1360 Atqui
789 1308 948 1362 (regeris
990 1309 1048 1358 tu)
1091 1311 1299 1350 Saturnus
1339 1318 1393 1350 est
1432 1315 1607 1351 minima
1645 1325 1747 1363 pars
1793 1316 1924 1353 totius.

135 1371 238 1420 Quid
270 1369 384 1408 tum?
446 1368 669 1407 Dummodo
700 1370 752 1406 sit
781 1368 866 1417 ejus
896 1370 1002 1417 regio
1035 1369 1276 1418 amplissima
1306 1373 1425 1409 totius
1457 1372 1589 1410 mundi
1625 1372 1800 1422 mobilis;
1834 1384 1925 1411 nam

133 1441 254 1468 causa
285 1434 387 1476 erat,
428 1439 494 1466 cur
534 1439 610 1465 non
643 1428 789 1475 omnis,
832 1438 908 1464 non
939 1432 1066 1466 totum
1098 1428 1212 1475 illud,
1258 1429 1326 1467 sed
1362 1430 1448 1467 sola
1476 1441 1566 1481 pars
1606 1430 1739 1468 mundi
1769 1431 1925 1470 mobilis

133 1499 178 1526 ex
210 1488 449 1537 praescripto
481 1487 690 1535 figurarum
721 1485 1054 1535 multiplicaretur.

247 1546 305 1583 Ex
325 1545 579 1594 Trismegisto
602 1551 642 1582 tu
665 1544 736 1582 tibi
757 1544 898 1581 videris
919 1545 1118 1594 probasse,
1141 1544 1247 1592 quod
1261 1546 1425 1594 spiritus
1439 1547 1579 1594 iyneus
1598 1548 1738 1595 vitam,
1759 1547 1925 1585 harmo-

131 1605 246 1642 niam
277 1609 314 1641 et
343 1608 577 1642 concentum
608 1603 673 1640 det
701 1603 901 1640 elementis
931 1607 1051 1652 atque
1080 1603 1343 1652 elementatis,
1382 1608 1419 1641 et
1447 1615 1710 1654 nequaquam
1738 1605 1927 1655 planetae
1991 1645 1994 1650 ⁴

130 1674 202 1700 nec
229 1675 370 1700 eorum
401 1667 543 1700 motus.
607 1662 729 1710 Atqui
758 1672 835 1698 non
868 1661 958 1708 dixi,
993 1660 1056 1698 vel
1085 1661 1263 1710 planetas
1305 1660 1368 1699 vel
1398 1670 1525 1700 motus
1556 1663 1802 1712 planetarum
1833 1663 1925 1701 dare

133 1721 196 1759 vel
232 1720 433 1760 elementis
464 1719 527 1758 vel
559 1719 802 1758 elementatis
834 1719 1063 1758 concentum
1095 1725 1134 1758 et
1164 1719 1428 1768 harmoniam,
1460 1720 1528 1758 sed
1559 1721 1634 1759 hoc
1665 1721 1767 1773 dico,
1798 1721 1924 1759 Deum

133 1779 360 1817 conciliasse
391 1790 462 1817 seu
493 1778 647 1816 dedisse
678 1779 774 1827 ipsis
804 1779 975 1816 motibus
1006 1777 1252 1829 planetarum
1293 1781 1564 1828 proportiones
1600 1780 1778 1828 easdem,
1822 1790 1924 1830 quae

131 1842 222 1875 sunt
253 1839 291 1874 in
323 1837 575 1876 concentibus
607 1837 799 1874 humanis.

249 1895 323 1933 Ad
363 1886 672 1934 testimonia⁸
699 1899 744 1932 ct
779 1894 1131 1932 auctoritates
1171 1901 1342 1932 contra
1384 1894 1648 1943 Keplerum
1683 1895 1922 1944 jactatas.

132 1954 325 1992 Distincte
355 1955 389 1992 si
419 1965 497 1991 non
528 1955 733 2003 scripsisti,
777 1952 917 1991 saltem
949 1951 1078 1990 adhuc
1107 1963 1195 1990 mea
1225 1954 1416 2003 percipias
1459 1953 1586 1991 velim.
1648 1953 1711 1991 Ad
1746 1959 1923 1992 ornatum

133 2012 332 2050 coelorum
362 2012 630 2050 harmonicum
666 2011 783 2049 basin
823 2021 897 2059 ego
926 2012 1150 2048 securitatis
1180 2022 1300 2049 causa
1341 2010 1487 2048 nullam
1531 2013 1567 2047 in
1605 2012 1799 2062 ipsissimo
1829 2012 1924 2051 reali

134 2071 277 2110 Terrae
307 2079 415 2108 motu
448 2072 575 2119 erig03
608 2071 748 2107 frustra
778 2069 871 2106 mihi
903 2068 978 2106 hoc
1009 2069 1125 2106 etiarn
1157 2079 1274 2118 supra
1295 2069 1447 2119 analysi
1469 2068 1564 2106 XII.
1589 2069 1802 2119 imputasti,
1831 2082 1923 2108 nam

133 2136 174 2167 ut
212 2131 266 2167 ibi
306 2129 461 2179 scripsi,
503 2128 597 2166 mihi
628 2128 771 2166 sufficit
813 2126 877 2164 vel
907 2137 1100 2176 apparens
1142 2125 1208 2164 ille
1251 2139 1298 2165 ex
1329 2126 1421 2165 Sole
1461 2133 1589 2165 motus
1620 2127 1808 2176 Telluris,
1855 2130 1923 2178 qui

131 2187 362 2238 relinquitur
394 2189 512 2225 etiam
542 2198 567 2224 a
587 2186 788 2235 Tychone,
821 2196 908 2223 cum
929 2184 1048 2222 Terra
1079 2185 1231 2223 interim
1263 2183 1319 2222 illi
1350 2197 1390 2223 re
1423 2196 1516 2223 vera
1546 2186 1731 2235 quiescat.
1794 2186 1922 2225 Multo

132 2247 258 2284 minus
288 2246 549 2284 radiationum
581 2255 655 2294 ego
686 2245 955 2293 proportiones
987 2243 1075 2280 huic
1108 2243 1190 2280 basi
1221 2248 1351 2281 motus
1385 2243 1527 2281 Terrae
1556 2251 1800 2294 superstruo;
1832 2257 1922 2291 nam

132 2316 315 2354 expresse
348 2303 469 2342 doceo
500 2303 599 2341 libro
629 2302 700 2351 IV,
740 2307 919 2339 naturam
958 2300 1207 2339 sublunarem
1238 2302 1295 2339 sic
1325 2313 1349 2339 a
1379 2301 1489 2339 coelo
1527 2296 1776 2350 commoveri,
1810 2309 1852 2342 ut
1882 2303 1921 2340 id

133 2368 295 2412 apparet
325 2364 363 2399 in
394 2362 543 2410 Terris,
576 2372 654 2399 non
684 2366 728 2398 ut
759 2366 817 2399 est
847 2371 886 2398 re
918 2371 1012 2398 vera
1043 2360 1080 2395 in
1111 2370 1152 2396 se
1185 2361 1269 2408 ipso
1300 2365 1579 2409 comparatum.

247 2421 427 2470 Denique
460 2420 565 2470 quod
595 2419 739 2458 Terrae
771 2419 939 2457 animam
971 2417 1280 2467 qualemcunque
1312 2419 1461 2465 tribuo,
1490 2430 1572 2456 non
1604 2418 1693 2457 ideo
1723 2419 1846 2466 facio,
1879 2425 1922 2457 ut

132 2480 261 2517 anima
292 2479 390 2518 haec
420 2479 488 2516 fiat
519 2480 704 2517 terminus
739 2477 801 2515 vel
833 2476 1051 2525 subjectum
1082 2476 1341 2525 proportionis
1372 2475 1476 2514 illius
1508 2477 1769 2523 harmonicae,
1802 2488 1921 2527 quam

132 2543 262 2576 statuo
294 2539 331 2574 in
364 2537 499 2585 radiis,
546 2536 615 2575 sed
647 2542 690 2573 ut
718 2536 816 2573 istae
848 2534 1043 2573 radiorum
1075 2535 1342 2584 proportiones
1374 2536 1525 2584 possint
1556 2547 1641 2573 esse
1673 2535 1857 2580 efficaces.
1881 2537 1920 2573 in

131 2597 325 2635 meteoris.
387 2595 490 2633 Huic
519 2596 621 2644 parti
651 2593 922 2644 philosophiae
955 2598 994 2630 tu
1025 2594 1156 2629 nescio
1190 2591 1282 2640 quid
1309 2592 1530 2642 obloqueris
1561 2595 1712 2632 serione
1742 2605 1792 2631 an
1813 2593 1921 2631 aliud

131 2666 250 2704 agens
281 2656 414 2704 tuique
456 2653 623 2691 oblitus:
666 2654 710 2690 in
747 2653 956 2701 scripturis
992 2651 1115 2687 sacris
1144 2650 1261 2687 nulla
1299 2652 1478 2689 inveniri
1511 2657 1773 2700 arqumenta,
1815 2651 1924 2700 quod

131 2718 305 2751 meteora
334 2712 386 2749 ab
417 2712 638 2760 aspectibus
667 2711 899 2748 excitentur.
960 2707 1004 2746 Id
1036 2708 1214 2756 equidem
1246 2710 1373 2746 sciunt
1402 2721 1519 2758 quam
1550 2711 1706 2759 optime,
1739 2710 1805 2758 qui
1833 2713 1922 2747 sunt

132 2782 155 2808 a
186 2771 433 2821 philosophia
472 2781 588 2819 quam
619 2769 784 2807 maxime
817 2767 943 2805 vacui.
1005 2765 1106 2813 Quid
1146 2778 1237 2804 vero
1270 2772 1310 2804 tu
1342 2767 1459 2805 inde?
1518 2767 1619 2805 Num
1663 2767 1755 2805 ideo.
1781 2778 1919 2816 aspec-

132 2834 194 2866 tus
237 2828 332 2866 nihil
378 2829 525 2866 faciunt
568 2826 618 2865 ad
662 2825 800 2865 cienda
842 2823 1047 2863 meteora‘?
1107 2824 1187 2862 Nec
1226 2825 1362 2863 stellae
1403 2826 1492 2874 plus
1530 2825 1676 2864 habent
1712 2825 1918 2871 facultatis,

133 2898 249 2934 quam
281 2898 366 2924 cam
397 2887 532 2935 ipsam,
566 2883 827 2933 distinguendi
858 2889 1033 2932 tempora
1064 2883 1196 2931 signis,
1228 2883 1277 2921 ad
1309 2895 1427 2933 quam
1457 2885 1493 2920 in
1523 2885 1712 2934 scriptura
1742 2883 1920 2920 dicuntur

133 2945 258 2982 sactae
299 2946 348 2982 ab
387 2943 568 2991 origine?
630 2944 908 2991 Argumentare
947 2942 1078 2989 itaque
1121 2940 1304 2988 ulterius,
1347 2943 1385 2978 in
1427 2943 1615 2992 scriptura
1652 2941 1796 2978 nullam
1836 2940 1918 2978 fieri

134 3004 367 3040 mentionem
400 3001 631 3040 discriminis
660 3003 758 3039 inter
789 2999 921 3039 stellas
952 3005 1122 3036 errantes
1155 3005 1192 3037 et
1224 3000 1332 3046 fixas,
1365 2998 1500 3037 nullos
1515 3001 1631 3048 igitur
1660 3009 1743 3036 csse
1763 3009 1917 3036 errones

134 3070 203 3098 seu
234 3060 421 3110 planetas.
485 3059 518 3098 O
550 3060 665 3098 finem
695 3058 788 3096 mihi
831 3059 1029 3106 contingat
1060 3056 1190 3095 videre
1227 3058 1534 3096 taediosissimae
1572 3056 1769 3096 lectionis!
1834 3056 1918 3095 Non
