1988 3276
141 157 192 197 52
646 152 836 200 Epistulae
859 152 1008 200 Kepleri
1031 151 1254 200 aliorumque
1278 156 1425 190 mutuae

135 271 227 306 illud
250 281 347 313 aegre
371 273 459 315 fers,
493 271 587 314 quod
608 280 733 312 paucos
757 272 940 305 admodum
970 270 1203 314 lectoresiore
1226 273 1356 305 animus
1378 272 1564 314 praesagit:
1597 272 1663 305 11011
1694 281 1796 315 quam
1818 281 1931 305 vereor

138 323 172 351 et
192 320 287 363 ipse,
312 329 354 351 ne
378 328 456 350 vere
481 318 628 351 divinesi
675 319 749 351 Non
773 320 929 361 equidem
952 320 1085 359 ignoro,
1109 329 1211 362 quam
1234 320 1335 361 pauci
1360 320 1438 361 sint,
1463 328 1547 362 quos
1571 317 1723 351 coelestis
1746 319 1830 351 haec
1852 328 1931 351 cura

137 369 273 407 tangat:
296 367 383 398 inter
406 364 506 406 mille,
531 375 615 407 quos
639 364 849 398 familiariter
873 367 959 405 novi,
985 367 1043 397 vix
1066 366 1223 410 totidem,
1254 369 1337 408 quot
1363 367 1450 398 ostia
1472 366 1590 400 Rheni.
1636 365 1732 406 Quae
1754 366 1874 397 raritas
1899 369 1931 397 et

136 422 200 454 me,
227 414 351 455 quippe
376 411 565 452 theologiae
590 413 756 454 sacrisque
779 412 905 452 linguis
929 413 1157 453 mancipatum
1183 417 1216 444 et
1238 422 1318 445 usus
1342 413 1538 444 necessitate
1560 413 1666 453 magis
1691 412 1840 444 deditum
1864 411 1929 444 ali·

137 460 309 502 quamdiu,
334 458 451 502 fateor,
475 468 495 490 a
510 459 844 498 mathesi,abstraxit
868 463 901 491 et
924 459 1034 490 adhuc
1056 458 1272 501 abalienaret,
1296 460 1363 491 nisi
1387 460 1457 491 tuis
1480 459 1616 491 monitis
1638 459 1730 491 velut
1745 457 1932 491 calcaribus

137 506 262 538 additis
286 515 409 537 novum
433 507 593 546 impetum
618 507 809 537 sumsissem
834 510 867 538 et
890 506 1031 538 subinde
1055 504 1186 548 aliquid
1210 506 1385 548 temporis,
1418 504 1548 549 reliquo
1577 505 1688 538 studio
1713 506 1929 549 subtractum,

136 553 213 585 huic
236 553 468 593 impenderem.
506 552 572 585 Sed
594 555 669 583 utut
691 553 803 592 exigui
827 562 963 584 numero
989 553 1066 596 sint,
1091 556 1170 584 tune
1187 556 1361 594 propterea
1383 551 1542 596 reliquos,
1568 561 1708 595 quorum
1731 553 1833 584 etiam
1848 559 1930 584 non-

135 598 221 630 nulli
245 602 332 642 sunt,
358 600 420 632 hoc
443 601 530 631 bono
556 598 796 631 defraudabis?
822 600 930 643 Erras,
957 599 986 630 si
1004 602 1038 631 te
1061 600 1120 630 uni
1145 600 1251 631 aetati
1275 603 1308 632 et
1331 600 1410 632 huic
1433 598 1499 631 soli
1514 597 1625 631 seculo
1650 600 1792 631 scribere
1809 598 1927 632 credis.

134 645 342 677 Posteritatis
366 647 529 678 rationem
552 646 648 689 habe,
674 646 760 677 inter
784 655 886 688 quam
911 648 985 687 post
1008 645 1082 677 fata
1106 646 1237 678 demum
1261 647 1382 678 merita
1403 645 1504 678 laude
1530 644 1759 678 celebraberis.
1808 646 1930 686 Taceo,

134 692 225 734 quod
249 691 420 725 celebreris
444 694 545 725 etiam
568 701 656 724 nunc.
680 693 775 724 vivus
798 693 908 725 adhuc
932 702 954 724 a
976 693 1079 732 gratis
1102 693 1168 724 tuis
1187 692 1370 736 discipulis,
1395 702 1538 735 quorum
1559 693 1596 725 in
1618 700 1753 724 numero
1778 701 1830 724 me
1853 701 1929 733 pro-

132 738 241 780 fiteor,
266 740 325 781 qui
348 741 468 771 absens
493 739 534 771 de
557 740 695 771 absente
719 739 782 771 hoc
804 740 934 780 passim
955 741 1028 779 J'ure
1052 740 1237 782 meritoque
1260 740 1368 772 facio:
1393 741 1475 782 quia
1497 748 1653 781 praesens
1676 735 1844 781 praesenti
1859 748 1930 770 ma-

130 787 206 826 3010
230 785 342 818 officia
366 787 521 818 exhibere
544 795 611 818 non
636 795 739 828 queo,
766 787 817 817 uti
842 796 921 818 sane
946 786 1107 819 deberem.
1156 787 1290 828 Debeo,
1321 788 1477 828 inquam,
1509 789 1583 827 jure
1606 786 1838 828 gratitudinis,
1870 794 1929 826 pro

132 836 183 864 tot
205 834 273 864 tuis
296 831 413 876 libris,
450 834 573 875 quibus
605 842 657 864 me
685 834 756 872 J‘am
782 833 932 875 donasti,
962 836 1046 874 puta
1068 832 1191 865 Martis
1217 832 1487 876 Commentariis,
1521 836 1663 875 utraque
1686 833 1929 873 stereometria,

132 879 366 920 Ephemerffle,
402 878 600 912 Calendario
623 882 656 911 et
678 880 858 911 novissime
889 881 990 911 etiam
1014 880 1248 912 Astronomiae
1273 879 1522 921 Gopernicanae
1551 880 1655 921 priori
1685 882 1798 921 parte,
1835 881 1929 919 cujus

132 927 345 965 posteriorem
370 936 437 959 non
461 928 534 958 sine
557 936 684 958 summo
710 926 873 958 desiderio
899 929 1073 967 exspecto,
1108 930 1145 958 ut
1169 926 1210 958 de
1234 930 1327 959 motu
1350 927 1471 960 Terrae
1495 926 1642 968 penitius
1666 927 1769 958 etiam
1792 935 1810 957 e
1833 926 1929 957 theo-

131 973 220 1005 ricae
245 973 396 1005 doctrina
420 975 599 1006 confirmer.
639 973 703 1013 Eja
727 983 799 1016 age,
825 982 939 1014 rumpe
962 982 1091 1016 moras,
1126 983 1187 1005 nec
1212 974 1338 1006 diutius
1365 973 1456 1006 eludi
1482 976 1596 1015 patere
1619 982 1681 1006 nos
1705 972 1835 1005 hiantes
1860 982 1930 1004 cor—

134 1029 202 1053 vos.
221 1018 366 1062 Reliqua
379 1021 505 1060 ingenii
528 1021 579 1051 tui
595 1023 820 1063 monumenta,
845 1023 883 1051 ut
898 1020 1177 1052 Dissertationem
1201 1030 1276 1053 cum
1300 1021 1428 1052 Nuncio
1454 1021 1591 1060 sidereo,
1614 1017 1768 1052 libellum
1791 1019 1832 1051 de
1847 1019 1930 1051 Nive

132 1065 326 1110 sexangula,
353 1066 631 1099 Commentarium
657 1067 697 1098 de
722 1065 827 1099 Stella
851 1067 964 1110 Nova,
989 1069 1022 1098 et
1046 1068 1075 1098 si
1099 1067 1159 1109 qui
1183 1066 1268 1099 forte
1291 1066 1402 1108 plures
1428 1070 1506 1099 sunt
1528 1065 1598 1110 alii,
1625 1064 1820 1098 titulotenus
1844 1065 1929 1097 mihi

131 1113 277 1144 nondum
301 1115 392 1157 noti,
424 1115 525 1145 etiam
549 1114 740 1155 conquirere
764 1116 900 1156 satago,
934 1113 1016 1145 adeo
1041 1114 1093 1144 tui
1115 1115 1221 1146 totius
1245 1113 1438 1155 perlegendi
1461 1122 1573 1146 amore
1596 1112 1720 1154 flagro,
1750 1115 1930 1155 postquam

131 1169 172 1190 ex
196 1160 259 1202 his,
284 1170 370 1203 quae
392 1162 463 1200 Jam
485 1161 651 1201 possideo,
677 1160 872 1191 eruditionis
898 1163 976 1192 tuae
999 1158 1184 1202 aliqualem
1200 1164 1414 1202 praegustum
1438 1161 1549 1195 hausi.
1589 1159 1726 1192 Utinam
1747 1160 1929 1192 inter-cur-

130 1210 200 1238 tam
224 1206 488 1247 suppellectilem
518 1217 626 1239 meam
656 1206 795 1249 aliquod
818 1203 1006 1251 ἀντιδωρον
1040 1207 1241 1248 invenirem,
1274 1217 1341 1250 quo
1376 1211 1409 1239 te
1441 1209 1680 1240 remunerarer!
1728 1206 1852 1247 Accipe
1875 1206 1930 1238 1110

130 1254 217 1292 grati
241 1255 357 1297 animi,
382 1264 449 1286 non
474 1254 547 1286 dico
573 1252 806 1295 expletionem,
833 1253 891 1286 sed
914 1254 1074 1285 indicium
1098 1253 1226 1298 saltem,
1250 1264 1312 1296 par
1336 1255 1436 1286 hocce
1459 1252 1670 1294 globulorum
1694 1262 1924 1294 concavorum,

130 1309 235 1340 nuper
258 1309 280 1331 a
303 1310 356 1332 me
382 1300 645 1343 exsculptorum,
677 1300 767 1343 quod
797 1301 861 1332 tibi
901 1301 1099 1341 censendum
1132 1301 1288 1343 exhibeo,
1328 1302 1505 1334 obsecrans
1528 1304 1561 1333 te
1584 1310 1643 1341 per
1667 1309 1780 1332 omnes
1805 1297 1921 1332 stellas

131 1349 163 1378 et
186 1356 245 1387 per
268 1348 425 1379 honorem
450 1349 606 1379 creatoris
629 1346 781 1387 illarum,
807 1346 889 1379 velis
912 1347 977 1379 hac
998 1348 1035 1378 in
1057 1350 1152 1388 parte
1174 1350 1301 1387 juvare.
1351 1348 1422 1380 Scis
1447 1347 1537 1390 quod
1561 1346 1682 1379 moliar
1705 1348 1867 1387 majorem
1892 1349 1924 1378 01

130 1394 366 1426 accuratiorem
390 1393 536 1434 globum.
584 1394 775 1426 Recorderis
801 1395 911 1434 etiam,
937 1394 1038 1436 quod,
1065 1395 1155 1426 bona
1179 1395 1441 1434 Tychonicorum
1467 1394 1646 1426 haeredum
1663 1402 1756 1436 pace,
1781 1391 1928 1436 reliqua-

129 1449 202 1471 rum
224 1444 445 1472 trecentarum
465 1442 606 1473 fixarum
636 1440 713 1473 loca
743 1450 872 1472 mecum
903 1441 1145 1473 communicare
1176 1440 1345 1482 pollicitus
1374 1441 1488 1474 fueris.
1536 1442 1622 1480 Ergo
1655 1443 1708 1472 sta
1743 1440 1923 1481 promissis.

129 1485 258 1526 Quodsi
281 1489 382 1519 etiam
406 1490 592 1520 exterarum
615 1489 839 1519 austrinamm
861 1488 958 1519 nobis
990 1488 1279 1528 inconspicuamm
1314 1490 1397 1520 situs
1422 1490 1455 1519 et
1477 1487 1639 1528 imagines
1663 1495 1722 1527 per
1747 1490 1780 1518 te
1805 1486 1927 1518 habere

128 1542 269 1574 possem,
294 1534 449 1566 adderem
474 1538 508 1566 et
529 1533 618 1577 11105,
656 1537 693 1565 111
719 1543 801 1574 opus
826 1534 972 1574 prodiret
997 1533 1194 1568 absolutius.
1242 1535 1418 1575 Specimen
1442 1534 1505 1566 1100
1528 1532 1646 1566 saltem
1671 1535 1736 1577 est,
1761 1535 1799 1565 111
1822 1533 1926 1576 vides,

129 1581 286 1612 vastioris
309 1580 411 1623 globi,
438 1590 536 1623 quem
562 1583 695 1612 omnino
719 1581 797 1612 huic
821 1581 996 1621 prodromo
1021 1581 1173 1613 comitem
1198 1582 1398 1622 subjungere
1422 1581 1543 1622 cogito,
1566 1582 1635 1612 imo
1660 1579 1764 1612 debeo
1782 1589 1823 1611 ex
1847 1577 1928 1611 nlu-

129 1627 283 1659 strissimi
307 1629 372 1659 mei
396 1628 560 1669 Principis
583 1628 753 1670 mandato,
787 1628 847 1669 11111
870 1637 933 1669 1110,
958 1636 1033 1659 011111
1058 1628 1089 1659 01
1113 1627 1197 1660 forte
1222 1628 1287 1660 huc
1311 1628 1497 1660 transeunti
1520 1635 1659 1659 aeneam
1681 1625 1843 1659 tabellam
1867 1627 1927 1658 hu—

129 1672 268 1706 millime
294 1675 460 1716 offerrem,
495 1675 538 1706 ad
562 1675 717 1715 promissi
741 1675 878 1714 majoris
902 1674 1082 1706 editionem
1107 1673 1284 1707 clementer
1308 1675 1504 1707 adhortatus
1529 1677 1596 1716 051,
1631 1682 1735 1716 quam
1758 1674 1830 1705 sine
1859 1674 1927 1705 11115

129 1721 288 1762 auspiciis
311 1725 481 1762 praestare
504 1731 644 1764 nequeo.
694 1721 819 1752 Rursus
844 1730 968 1763 quaeso
993 1724 1045 1764 te,
1076 1720 1147 1753 noli
1171 1731 1223 1753 me
1248 1722 1406 1756 deserere.
1454 1721 1569 1756 Scribe
1592 1720 1678 1763 quid
1701 1719 1867 1752 desideres
1890 1720 1927 1751 111

128 1776 330 1810 unoquoque
355 1770 545 1810 asterismo,
570 1778 657 1810 quae
682 1766 846 1809 tollenda,
873 1777 959 1810 quae
985 1768 1155 1810 addenda,
1180 1777 1268 1810 quae
1292 1768 1454 1800 mutanda
1474 1767 1623 1810 judices,
1649 1769 1687 1798 ut
1710 1766 1801 1799 omni
1825 1767 1927 1799 veteri

129 1813 354 1846 ptolemaicae
380 1814 604 1855 descriptioni,
629 1815 742 1856 quoad
767 1816 838 1854 ejus
862 1815 934 1846 fieri
957 1817 1083 1857 potest,
1110 1815 1234 1855 optime
1259 1818 1452 1855 congruant.
1501 1815 1570 1854 Ego
1596 1812 1686 1846 solus
1717 1813 1796 1845 111110
1816 1811 1927 1845 labori

129 1869 196 1892 non
221 1860 360 1893 sufficio.
410 1861 581 1903 Quicquid
605 1862 703 1900 hujus
729 1864 795 1904 est,
821 1861 858 1892 id
881 1864 988 1893 totum
1012 1862 1221 1901 Tychonicae
1247 1862 1462 1902 descriptioni
1485 1863 1659 1902 acceptum
1682 1860 1768 1901 fero,
1793 1869 1834 1891 ex
1858 1869 1926 1902 qua

130 1908 242 1938 omnia
265 1909 462 1939 transsumsi
485 1911 518 1939 et
542 1908 590 1939 sic
613 1907 766 1947 effingere
791 1907 915 1951 studui,
939 1911 977 1939 ut
1001 1909 1221 1939 membrorum
1246 1908 1542 1951 denominationes,
1566 1908 1610 1938 ab
1634 1907 1708 1948 ipso
1733 1909 1924 1950 usurpatae,
1987 1939 1988 1953 ξ

129 1956 292 1996 quantum
316 1954 450 1996 quidem
474 1953 634 1995 possibile
659 1957 744 1986 esset
767 1957 954 1995 manerent,
979 1954 1141 1994 imagines
1165 1964 1242 1986 vero
1266 1954 1500 1997 nihilominus,
1535 1956 1634 1995 prout
1657 1953 1696 1985 in
1719 1962 1801 1986 cavo
1825 1951 1924 1994 globo

130 1999 233 2043 decet,
260 1999 304 2031 ad
328 2009 388 2032 nos
414 2003 695 2032 converterentur:
732 2000 823 2042 quod
845 2004 958 2032 utrum
981 2010 1040 2041 per
1064 2002 1177 2032 omnia
1200 2005 1370 2033 assecutus
1393 2000 1511 2034 fuerim
1534 2009 1657 2042 1100110,
1684 2003 1756 2032 tute
1780 2000 1925 2040 optimus

127 2046 306 2086 judicabis.
355 2047 427 2078 Hoc
451 2049 538 2087 scio,
570 2047 678 2078 dextri
703 2050 736 2078 et
759 2047 887 2078 sinistri
910 2045 1155 2087 appellationes
1186 2051 1274 2079 recte
1296 2049 1435 2089 retinui,
1470 2051 1507 2079 at
1530 2047 1634 2080 antici
1658 2049 1690 2079 et
1713 2046 1835 2088 postici
1856 2055 1925 2078 non

129 2092 290 2125 similiter.
339 2094 474 2134 Semper
496 2095 597 2133 igitur
620 2103 679 2134 pro
705 2093 801 2125 dorso
825 2096 991 2136 ventrem,
1027 2103 1087 2134 pro
1121 2093 1268 2135 scapulis
1299 2097 1501 2135 pectus.etc.
1532 2092 1718 2133 intelligere
1747 2094 1923 2136 oportebit,

129 2143 253 2172 veteres
280 2139 516 2181 descriptiones
542 2149 616 2172 cum
639 2141 703 2171 hac
726 2150 812 2172 nova
837 2139 1059 2172 delineatione
1083 2150 1158 2172 mea
1181 2141 1327 2174 conferre
1344 2139 1520 2175 volentem.
1561 2141 1694 2172 Interea
1719 2140 1800 2172 dum
1824 2141 1924 2172 casti·

128 2188 278 2226 gationes
303 2190 378 2218 tuas
405 2190 611 2229 exspectem,
638 2187 777 2219 meditor
801 2186 929 2229 aliquid
957 2185 1065 2230 aliud,
1097 2188 1223 2227 pictam
1247 2187 1374 2220 scilicet
1391 2189 1602 2230 ephemerim,
1627 2190 1665 2219 ut
1679 2187 1731 2219 ita
1747 2185 1922 2228 appellem.

129 2232 228 2273 Quod
251 2236 288 2265 tu
312 2235 536 2265 recentissimo
563 2237 596 2265 et
619 2234 856 2265 correctissimo
874 2232 1084 2274 Rudolphino
1110 2233 1237 2266 calculo
1262 2236 1387 2275 primus
1411 2244 1516 2276 nuper
1538 2237 1691 2266 accurate
1715 2233 1922 2275 praestitisti,

128 2280 165 2311 id
189 2290 248 2320 ego
274 2290 314 2312 ex
332 2279 564 2321 Gopernicaeis
581 2281 830 2321 hypothesibus,
857 2281 979 2313 circino
1005 2283 1037 2311 01
1060 2279 1185 2323 regula,
1210 2282 1412 2323 mechanico,
1437 2281 1576 2323 proinde
1600 2281 1755 2313 crassiori
1770 2278 1924 2312 Minerva

129 2327 253 2358 imitari
277 2327 409 2359 anhelo.
459 2327 624 2370 Equidem
648 2326 867 2366 longitudinis
891 2330 999 2358 motus
1025 2327 1126 2371 satis,
1150 2331 1248 2368 puto,
1274 2328 1319 2359 ad
1341 2331 1486 2361 mentem
1509 2327 1674 2369 praedicti
1697 2328 1842 2359 auctoris
1866 2336 1922 2359 ex·
1950 2361 1955 2365 ,

128 2380 245 2422 pressi,
275 2381 311 2411 in
344 2379 581 2412 latitudinibus
614 2380 752 2411 duorum
781 2379 974 2411 inferiorum
998 2371 1046 2426 Q,
1068 2375 1094 2423 ζ
1122 2381 1231 2412 01111110
1260 2381 1395 2425 haereo,
1430 2380 1585 2414 confusus
1615 2382 1666 2413 tot
1696 2378 1922 2417 reflexionum,

130 2431 398 2474 obliquationum
423 2436 483 2464 etc.
508 2433 663 2464 intricate
692 2433 842 2475 negotio;
879 2441 900 2463 a
924 2432 1047 2474 quibus
1077 2434 1189 2464 tamen
1213 2442 1273 2465 nos
1303 2431 1470 2476 liberasti,
1507 2434 1698 2466 acutissime
1728 2431 1922 2465 reformator

129 2480 370 2522 astronomiae,
395 2481 431 2511 in
454 2478 575 2511 Martis
601 2478 869 2521 Commentariis,
904 2479 964 2510 ubi
987 2479 1073 2510 inter
1096 2481 1205 2510 cetera
1229 2480 1483 2512 eccentricorum
1507 2478 1610 2520 plana
1624 2480 1708 2512 facis
1731 2475 1918 2513 ἀταλαντα.

128 2525 236 2558 Scribi
259 2535 326 2558 non
349 2529 475 2568 potest,
513 2529 675 2568 quantum
699 2525 908 2568 exsultarim,
945 2526 1008 2557 hoc
1040 2529 1098 2557 tuo
1122 2526 1256 2558 invento
1280 2527 1423 2567 primum
1446 2524 1532 2559 lecto
1546 2551 1555 2569 ,
1591 2526 1682 2569 1111οᾶ
1704 2528 1802 2557 tanta
1827 2535 1920 2558 cruce

129 2573 296 2604 cerebrum
319 2582 429 2605 meum
453 2571 624 2615 liberaris3
652 2573 799 2604 nondum
822 2575 934 2603 tamen
958 2571 1035 2604 inde
1059 2571 1177 2614 didici,
1207 2576 1367 2615 quantam
1391 2573 1540 2614 praecise
1564 2576 1692 2606 statuas
1715 2570 1919 2614 reliquorum

127 2623 270 2661 quatuor
293 2621 395 2651 fixam
418 2618 513 2650 illam
536 2618 798 2652 inclinationem.
847 2619 1011 2659 Exspecto
1043 2618 1146 2658 igitur
1178 2620 1344 2651 theoricae
1376 2621 1480 2660 partis
1506 2620 1683 2652 editionem
1709 2621 1740 2650 et
1764 2619 1821 2650 vix
1845 2621 1919 2650 tan-

126 2666 229 2707 tisper
254 2669 443 2707 exspectare
467 2674 613 2706 possum.
662 2664 781 2697 Coram
807 2665 889 2697 haec
914 2666 1026 2696 omnia
1051 2674 1092 2696 ex
1115 2668 1148 2696 te
1172 2664 1290 2698 melius
1316 2666 1439 2699 discere
1462 2665 1630 2708 licuisset,
1663 2666 1693 2697 si
1717 2667 1797 2696 tunc
1818 2665 1918 2705 hujus

126 2710 336 2755 aliquamdiu
351 2713 531 2744 intermissi
555 2713 658 2744 studii
683 2721 762 2743 01110
784 2712 940 2743 severiori
963 2714 1072 2743 tactus
1096 2710 1244 2746 fuissem.
1292 2712 1383 2744 Nihil
1407 2714 1474 2746 fere
1497 2716 1577 2745 tunc
1601 2712 1802 2754 occurrebat,
1827 2710 1918 2754 quod

127 2768 166 2789 ex
190 2763 222 2791 te
247 2760 442 2802 sciscitarer,
468 2768 542 2790 cum
566 2767 721 2800 praesens
747 2761 898 2789 oretenus
922 2758 1119 2799 respondere
1144 2761 1177 2790 et
1200 2757 1337 2791 ulterius
1361 2761 1501 2792 instanti
1518 2758 1710 2791 satisfacere
1733 2759 1913 2800 potuisses3

125 2813 212 2838 nunc
236 2816 310 2838 cum
334 2807 391 2838 vix
415 2805 517 2839 semel
541 2809 642 2848 atque
665 2806 783 2836 iterum
807 2807 876 2836 toto
902 2814 989 2837 anno
1012 2813 1071 2845 per
1093 2803 1207 2836 literas
1231 2808 1339 2838 tecum
1363 2816 1460 2846 agere
1484 2806 1591 2846 datur,
1617 2803 1767 2847 quotidie
1790 2807 1843 2836 tot
1865 2804 1916 2835 in-

125 2851 239 2883 cidunt
264 2854 465 2894 aenigmata,
491 2862 577 2895 quae
601 2856 639 2884 tu
662 2851 898 2883 mathematica
922 2851 1061 2891 Sphynx
1085 2850 1174 2883 solus
1200 2853 1323 2892 optime
1348 2852 1502 2885 solveres.
1550 2851 1616 2884 Sed
1637 2851 1729 2883 vides
1753 2859 1917 2892 papyrum

124 2896 222 2937 plura
244 2908 311 2931 non
336 2909 464 2942 capere.
504 2899 590 2932 Vale
613 2899 714 2939 igitur
739 2898 837 2930 decus
861 2899 1085 2930 astronomiae
1101 2897 1358 2938 pulcherrimum
1381 2903 1414 2932 et
1437 2908 1490 2931 me
1507 2898 1772 2931 commendatum
1794 2897 1915 2930 habere

124 2952 230 2984 perge.
279 2946 449 2987 Nirtingae
475 2947 528 2978 die
552 2945 723 2978 Passionis
747 2945 944 2976 Dominicae
969 2942 1070 2979 1618.

238 2991 327 3024 Uxor
352 3003 435 3037 mea,
461 3002 549 3025 nunc
572 3000 742 3034 puerpera,
768 2989 800 3025 3.
825 2990 922 3023 Mart.
948 2994 989 3025 st.
1007 3001 1041 3025 v.
1065 2990 1170 3023 filiam
1194 2993 1304 3034 enixa,
1330 2993 1475 3025 officiose
1499 2994 1531 3023 te
1555 2990 1690 3024 salutat.

238 3061 418 3103 Sequentes
444 3062 638 3096 Schickardi
667 3060 783 3094 literae
814 3059 987 3092 literarum
1002 3058 1137 3101 Kepleri
1162 3062 1364 3094 mentionem
1388 3061 1530 3102 faciunt,
1562 3061 1599 3092 in
1630 3061 1754 3103 quibus
1784 3061 1909 3101 figurae

122 3106 165 3139 ad
189 3106 406 3140 Harmoniam
430 3111 637 3142 necessariae
661 3107 854 3141 Schickardi
884 3106 1037 3138 5010111110
1073 3110 1106 3138 01
1129 3109 1195 3139 0111
1220 3107 1467 3141 commendatae
1491 3110 1577 3139 sunt..
1626 3107 1718 3139 Haec
1743 3107 1830 3139 enim
1853 3118 1908 3140 re-

121 3154 256 3196 spondit
278 3155 515 3190 Schickardus:
550 3155 732 3189 Plurimum
761 3153 909 3188 Salutem
940 3156 973 3186 et
1004 3157 1159 3195 prompta
1190 3154 1346 3188 officiola.
1394 3151 1518 3187 Multas
1551 3154 1712 3187 hactenus
1741 3152 1855 3188 literas
1887 3164 1909 3188 a
