1994 3276
764 87 1202 140 melucnputvn.
1491 63 1525 97 “’
1793 94 1877 134 263

85 218 248 268 stfgavit
275 218 447 257 animum
475 214 527 256 ad
555 215 730 256 laborem
758 213 996 253 indefessum
1014 213 1207 262 auxitque
1228 211 1463 251 desiderium
1482 209 1656 260 sciendi3
1685 210 1877 250 breviter:

85 287 164 316 non
192 276 396 327 inspiravit
423 275 615 322 animum,
645 285 726 313 non
754 272 876 312 ullam
905 271 1094 310 dictarum
1122 269 1187 310 hic
1214 269 1462 318 facultatum,
1491 268 1561 308 sed
1591 269 1746 308 excivit.
1766 263 1822 317 ¹⁶)

198 334 258 373 Ex
288 343 366 384 quo
395 333 574 383 exemplo
603 331 718 372 facile
746 332 873 370 cnivis
902 333 1023 381 patet,
1056 340 1172 380 quam
1202 327 1337 379 procul
1367 328 1471 367 absit
1499 327 1551 366 ab
1573 337 1622 367 eo
1651 325 1876 376 astrologia,

87 397 131 432 ut
159 392 211 431 ad
241 393 371 442 capita
398 390 488 439 illa,
526 389 647 440 vulgo
685 389 849 440 proponi
885 387 1020 427 solita:
1061 387 1109 426 de
1139 386 1402 435 Parentibus,
1442 385 1492 425 de
1521 384 1653 432 Sat-u,
1690 383 1739 424 de
1770 383 1878 424 Sub-

83 452 254 499 untia,
292 449 340 488 de
369 447 541 497 Liberis,
577 448 626 486 de
652 459 825 487 namo
861 445 1063 493 Uxor-um,
1103 445 1151 484 de
1186 445 1417 495 Reliqione,
1457 443 1506 483 de
1536 442 1787 493 napum-to,
1831 442 1879 482 de

89 510 264 555 Amicis,
292 507 342 546 de
371 506 572 554 luentes,
602 506 651 545 dc
679 504 1022 551 Ηοσνοάἱιαϋὺω,
1052 503 1101 542 de
1130 503 1332 549 Familia,
1362 502 1411 540 dc
1438 501 1709 554 Βερίωιὶὺω,
1736 500 1786 541 de
1814 501 1906 539 inm

87 566 208 606 fluitis
235 565 324 605 aliis
353 576 402 604 ex
432 575 510 603 uno
541 564 627 603 solo
658 563 828 603 themate
847 561 1103 612 genethliaco
1133 560 1368 612 respondere
1396 566 1532 599 exacte
1560 560 1698 610 possit.

124 626 127 629 “
197 623 259 664 De
286 626 393 662 vitae
421 622 580 673 quidem
608 621 862 672 longitudine,
895 627 1087 671 qnatenus
1115 618 1372 670 pronunciare
1393 620 1518 668 possit
1537 617 1770 667 astrologus,
1800 615 1876 656 hoc

85 688 156 731 est,
185 693 287 733 quae
316 682 368 720 sit
397 682 459 720 vis
488 680 753 726 directionum,
784 678 912 718 dicam
941 677 1059 730 paulo
1089 684 1191 729 post.
1252 677 1312 716 De
1338 677 1512 715 Fortuna
1540 687 1633 715 vero
1662 676 1746 715 nati
1774 684 1878 714 nnnc

83 741 245 780 seorsim
273 738 420 789 aliquid
450 738 655 778 dicendum
685 737 814 785 video,
846 743 1150 777 consentaneum
1180 747 1299 786 supra
1329 734 1453 774 dictis.
1514 733 1609 773 Tria
1639 739 1754 781 sunt,
1787 734 1878 783 qui-

83 799 156 838 bus
185 798 255 837 niti
286 797 438 837 videtur
468 798 635 838 hominis
664 797 829 843 fortuna,
861 793 992 846 quoad
1023 794 1234 833 naturalia:
1266 795 1430 841 animus,
1461 792 1761 843 physiognomia
1789 802 1878 831 cor·

83 858 190 908 poris
219 861 259 896 et
286 855 423 906 genius
453 855 649 904 tutelaris;
690 865 853 905 quorum
889 854 938 892 de
968 854 1092 903 primo
1129 864 1243 892 nemo
1273 851 1449 898 dubitat,
1491 850 1656 890 alterum
1686 849 1877 889 occultius

83 926 156 954 nec
183 916 240 954 ita
268 913 389 964 vulgo
417 919 553 953 notum
582 918 661 961 est,
693 912 741 951 de
771 913 884 951 tertio
915 911 1011 950 nihil
1042 912 1116 949 nisi
1146 911 1389 961 conjecturas
1419 909 1556 948 afferre
1585 919 1757 959 possum.
1816 907 1877 947 De

82 974 208 1025 primo
235 972 423 1012 hactenus
451 974 620 1021 egimus,
653 970 700 1010 de
731 972 862 1010 animo
887 970 1063 1017 scilicet,
1095 980 1142 1008 ex
1174 980 1252 1019 qno
1282 979 1408 1007 mores
1438 966 1675 1019 dependent,
1706 966 1755 1006 de
1785 967 1876 1016 qui-

83 1032 158 1071 bus
186 1030 297 1080 vulgi
326 1030 573 1082 proverbium
602 1030 733 1068 tritum
763 1034 843 1076 est,
885 1027 991 1078 quod
1021 1026 1188 1077 quilibet
1214 1029 1267 1066 sit
1295 1026 1472 1065 fortunae
1502 1037 1597 1065 suae
1627 1025 1754 1073 faber,
1795 1035 1875 1075 quo

84 1089 187 1128 dicto
225 1100 376 1127 summa
413 1091 531 1126 totius
570 1087 686 1137 hujus
725 1086 995 1137 philosophiae
1035 1087 1155 1136 partis
1186 1086 1417 1124 continetur.
1477 1084 1564 1134 Age
1604 1085 1720 1129 enim,
1757 1094 1877 1121 unum

0 1130 6 1154 ’ἶ
82 1159 206 1198 genus
235 1149 431 1186 actionum
461 1157 699 1195 morumque,
730 1146 837 1195 prius
868 1146 984 1184 etiam
1015 1143 1194 1194 exemplo
1208 1143 1374 1183 feminae
1393 1147 1554 1190 tactum,
1583 1141 1673 1181 loco
1705 1142 1876 1180 omnium

82 1206 134 1245 ob
163 1205 297 1244 oculos
325 1209 559 1243 statuamus.
622 1204 688 1242 Sic
718 1205 820 1242 enim
851 1208 942 1241 sunt
970 1208 1220 1252 comparatae
1249 1213 1311 1241 res
1343 1198 1555 1248 hnmanae,
1572 1206 1631 1250 xut
1660 1211 1879 1239 crassorum

80 1269 120 1303 et
147 1261 385 1314 populariter
415 1263 648 1313 sapientium
680 1261 895 1308 hominum,
924 1272 1003 1300 nou
1033 1262 1073 1298 in
1097 1260 1217 1310 vulgo
1249 1264 1412 1307 tantum,
1443 1258 1515 1298 sed
1534 1259 1653 1298 etiam
1683 1258 1724 1296 in
1751 1259 1880 1307 magi-

14 1339 17 1342 *
80 1322 266 1361 stratibus
294 1322 411 1372 inque
441 1331 551 1360 sacro
582 1319 728 1368 ordine,
760 1330 913 1369 semper
941 1330 1085 1368 magna
1117 1320 1231 1368 copia
1262 1320 1333 1362 sit,
1364 1318 1507 1368 quibus
1538 1317 1711 1364 discreti,
1743 1317 1878 1364 critici,

78 1380 349 1419 reformatores
379 1378 535 1418 molesti
565 1386 656 1417 sunt
683 1390 832 1428 proque
864 1377 1197 1427 vitilitigatoribus
1218 1376 1420 1414 habentur.
1483 1374 1535 1414 Ut
1554 1376 1672 1425 igitur
1693 1385 1881 1425 prospera

81 1439 169 1488 quis
199 1442 332 1477 utatur
359 1437 534 1484 fortuna,
572 1448 621 1476 ea
651 1436 763 1484 dico,
806 1447 908 1486 quae
948 1441 1007 1474 est
1042 1447 1092 1474 ex
1122 1435 1322 1473 hominum
1357 1434 1557 1481 coetibus,
1597 1432 1691 1472 huic
1733 1434 1806 1471 etsi
1837 1438 1877 1471 et

0 1535 7 1539 ,
76 1495 230 1546 judicio⁴
257 1495 306 1534 de
335 1495 548 1535 moralibus
578 1502 683 1533 recto
715 1493 917 1534 et⁴labore
948 1493 1216 1543 industriaque
1248 1493 1288 1531 in
1318 1493 1435 1532 rebus
1463 1492 1656 1542 propriis,
1699 1503 1724 1529 a
1753 1489 1875 1540 vulgo

81 1555 261 1603 acuetis,
292 1565 390 1604 opus
420 1554 577 1593 omnino
607 1558 689 1600 est,
721 1558 875 1602 oportet
903 1558 1034 1591 umen
1063 1552 1194 1590 animo
1223 1550 1471 1601 pinguedinis
1506 1549 1657 1599 aliquid
1687 1560 1774 1588 esse
1803 1548 1878 1587 ad-

83 1613 256 1660 mixtum,
287 1617 440 1662 oportet
469 1622 594 1650 mores
625 1612 660 1649 ei
692 1611 902 1661 populares
930 1610 1167 1658 modumque
1189 1609 1331 1657 agendi
1362 1608 1482 1647 talem
1513 1619 1611 1655 esse,
1647 1608 1714 1657 qui
1745 1618 1876 1646 crasso

82 1669 230 1721 populo
259 1669 436 1720 placeat3
474 1669 591 1708 animi
631 1670 791 1706 nimium
822 1668 987 1706 subtiles
1027 1674 1066 1706 et
1094 1669 1279 1716 inquieti,
1322 1668 1398 1705 nisi
1428 1678 1470 1704 se
1499 1667 1691 1716 recipiant
1725 1666 1765 1702 in
1796 1664 1873 1702 ali-

81 1739 198 1778 quem
227 1739 423 1767 secessum
451 1726 669 1766 studiorum
699 1726 794 1775 (hoc
823 1728 909 1775 ipso
941 1725 1114 1776 despecti
1143 1730 1182 1764 et
1212 1726 1438 1772 contemti),
1478 1735 1607 1762 creare
1639 1723 1714 1762 sibi
1743 1722 1874 1761 solent

2 1830 7 1835 ⁴
83 1787 305 1837 infortunia.
366 1785 504 1834 Itaque
533 1786 567 1823 si
598 1786 687 1834 quis
717 1796 764 1822 ex
795 1783 920 1833 figura
950 1783 1048 1823 coeli
1079 1783 1327 1833 genethliaca
1365 1782 1608 1831 conjecturas
1638 1781 1759 1820 habet
1787 1781 1874 1818 suf-

84 1844 259 1883 ficientes
297 1843 344 1883 de
374 1844 629 1893 qualitatibus
661 1843 797 1888 animi,
836 1842 1099 1891 conjecturam
1140 1843 1174 1879 is
1203 1844 1321 1880 etiam
1361 1840 1410 1879 de
1440 1840 1595 1878 fortuna
1635 1839 1803 1878 hominis
1833 1840 1873 1876 in

85 1913 227 1953 genere
256 1902 372 1940 faciet
399 1913 477 1940 non
508 1904 691 1952 ineptam,
722 1899 790 1939 scd
822 1900 1084 1949 conjecturam
1114 1899 1236 1938 solam
1268 1904 1545 1950 praetereaque
1575 1897 1692 1946 nihi13
1727 1897 1875 1936 scilicet

82 1959 166 1999 falli
196 1961 313 1999 etiam
333 1960 400 1998 ille
420 1965 561 2011 potest,
591 1964 747 2009 propter
765 1960 1023 1997 interventum
1051 1957 1218 2009 plurium
1246 1969 1462 2005 causarum,
1494 1962 1573 1995 tam
1594 1961 1874 2007 supernatura-

85 2017 200 2063 lium,
239 2030 357 2067 quam
385 2017 629 2056 naturalium.
690 2017 790 2055 Nam
827 2022 871 2054 ut
899 2017 1064 2055 alterum
1093 2016 1270 2055 fortunae
1300 2016 1467 2054 hominis
1502 2014 1795 2053 fundamentum
1826 2025 1874 2052 ex

4 2110 26 2127 ,γ
85 2077 348 2126 superioribus
387 2087 603 2123 accersam,
646 2075 910 2124 dignationem
950 2086 1003 2113 sc.
1044 2074 1197 2122 vultus,
1242 2075 1467 2122 imaginatio
1510 2073 1667 2122 quidem
1707 2078 1874 2110 matrum

84 2134 292 2185 plurimum
331 2133 448 2183 hujus
487 2134 634 2172 confert
675 2134 796 2171 foetui
828 2138 911 2170 toto
941 2134 1171 2181 gestationis
1201 2138 1393 2182 tempore,
1435 2137 1478 2169 ut
1516 2143 1633 2181 saepe
1664 2130 1875 2168 infelicium

23 2202 36 2246 j
86 2197 288 2243 parentum
318 2190 511 2242 (adeoque
541 2198 579 2231 et
608 2191 774 2229 aliorum
803 2191 1001 2229 hominum
1032 2190 1323 2237 animaliumve,
1356 2190 1489 2228 crebro
1521 2194 1559 2227 et
1590 2200 1677 2227 cum
1699 2187 1874 2237 emphasi

85 2250 390 2300 praegnantibus
421 2247 725 2300 obversantium)
766 2254 804 2287 et
842 2249 974 2286 vultus
1012 2256 1053 2286 et
1087 2260 1213 2287 mores
1252 2254 1291 2287 et
1326 2248 1403 2285 illis
1446 2246 1705 2286 fundamentis
1743 2246 1875 2284 innixa

85 2308 241 2347 fortuna
271 2307 483 2346 consimilis
518 2308 768 2346 transferatur
799 2308 839 2344 in
869 2307 1029 2346 foetum.
1089 2306 1167 2345 Sed
1206 2313 1337 2345 tamen
1378 2310 1420 2343 ut
1450 2316 1569 2354 supra
1605 2302 1876 2354 paradigmata

27 2367 32 2392 -’
87 2366 273 2405 mentalia
301 2365 429 2404 Procli
459 2365 815 2415 multiplicabantur
844 2366 883 2401 in
913 2364 1120 2411 animalia,
1154 2364 1309 2415 vitalia,
1339 2361 1518 2409 mobilia,
1557 2361 1790 2412 complicata
1818 2373 1874 2402 sc.

86 2424 187 2463 ideis
198 2425 322 2461 -vitae
352 2428 623 2473 motuumque,
655 2425 711 2462 sic
741 2424 858 2461 etiam
888 2422 952 2460 hic
982 2422 1180 2460 character
1209 2422 1308 2461 coeli
1338 2420 1606 2470 genethliacus
1637 2420 1876 2468 immergitur

89 2482 128 2519 in
157 2483 327 2531 speciem
358 2481 489 2519 vultus
521 2481 672 2520 occulta
702 2482 742 2519 vi
772 2481 970 2519 facultatis
1000 2480 1230 2518 formatricis
1259 2479 1559 2529 agnosciturque
1591 2490 1636 2516 ex
1659 2478 1739 2516 nati
1762 2476 1872 2516 vultu

89 2539 298 2578 occultiore
338 2537 467 2577 adhuc
504 2541 761 2589 spectantium
800 2540 1004 2585 instinctu,
1048 2537 1263 2587 videasque
1300 2537 1351 2576 ad
1381 2548 1472 2587 eOS,
1512 2537 1578 2585 qui
1609 2536 1682 2574 sub
1713 2534 1874 2585 copulas

88 2596 256 2648 plurium
296 2597 540 2646 planetarum
580 2602 670 2635 ante
711 2596 842 2635 Solem
883 2600 1095 2634 nascuntur
1133 2595 1387 2647 (δορυφοριας
1427 2593 1627 2644 appellant
1673 2590 1875 2643 astrologi)

93 2655 267 2705 copulari
297 2656 432 2700 etiam,
476 2654 597 2692 veluti
627 2654 774 2693 fascino
805 2654 991 2703 quodam,
1034 2659 1166 2707 coetus
1206 2654 1403 2692 hominum
1435 2651 1691 2701 popularium.
1752 2649 1874 2700 Cujus

90 2714 147 2751 rei
176 2712 395 2762 exemplum
425 2711 475 2750 ad
505 2723 656 2750 omnem
686 2713 924 2761 posteritatis
943 2714 1167 2750 memoriam
1190 2710 1499 2751 commendatum
1528 2709 1658 2747 videre
1680 2713 1739 2746 est
1768 2707 1875 2758 apud

20 2783 41 2814 α,
90 2769 200 2808 Hier.
233 2770 451 2808 Cardannm
481 2771 520 2806 in
550 2770 683 2818 genesi
714 2769 893 2808 Lutheri:
913 2767 964 2818 ¹⁷)
996 2781 1218 2819 quanquam
1249 2779 1390 2807 causae
1410 2773 1538 2805 motus
1568 2766 1713 2816 publici
1741 2765 1874 2815 plures
1927 2811 1942 2817 p

0 2839 1 2867 ῐ
28 2840 49 2883 32⁷
93 2833 375 2867 concurrerunt.
437 2827 513 2875 Qui
544 2828 601 2864 sic
629 2832 839 2865 nascuntur
869 2825 1113 2880 (quanquam
1153 2839 1230 2865 non
1261 2838 1339 2864 una
1370 2832 1473 2863 certa
1510 2825 1634 2862 forma
1664 2824 1873 2874 praescribi

27 2887 46 2941 ἢῗ
92 2887 253 2936 potest),
283 2886 490 2935 plurimum
521 2885 549 2921 ii
578 2884 712 2922 valent
740 2887 971 2924 auctoritate
1000 2885 1104 2935 apud
1134 2884 1339 2935 populum,
1373 2883 1580 2933 plurimum
1610 2882 1803 2931 suffragiis
1832 2883 1872 2919 in

95 2943 269 2990 consilio,
302 2943 508 2994 plurimum
538 2943 665 2992 gratia
696 2942 800 2990 apud
828 2944 1021 2993 principes
1050 2944 1158 2992 reip„
1194 2953 1361 2992 quorum
1392 2939 1547 2989 quidem
1576 2944 1614 2979 et
1643 2944 1782 2978 natura
1809 2950 1873 2978 re-

30 3001 39 3044 [
93 3001 279 3051 spondet,
320 2998 455 3051 itaque⁴
496 3011 613 3051 saepe
642 2999 796 3038 fortuna
833 3004 911 3038 stat
939 3012 964 3040 a
994 3001 1168 3056 partibus
1198 3000 1394 3046 immeriti,
1432 3009 1559 3049 neque
1602 2997 1692 3044 aliis
1721 2997 1872 3044 idoneis
