1988 3276
716 118 755 155 in
776 117 1007 156 Humanam
1025 116 1167 155 Mundi.
1769 123 1820 162 13

49 238 230 287 motibus,
256 236 491 286 intervallis„
510 237 550 276 in
578 238 656 277 situ
684 237 760 277 sub
786 235 948 276 zodiaco
975 235 1229 287 planetarum,
1258 238 1298 275 in
1327 241 1457 288 cantu,
1486 238 1527 276 iu
1555 242 1682 278 tactus
1710 250 1822 279 men-

51 293 443 337 mat-nmmum
470 306 655 347 apparere
681 295 754 335 has
781 294 1001 334 harmonias
1029 295 1253 346 praesertim
1282 295 1322 333 in
1339 301 1460 335 motu.
1501 294 1571 353 „Si
1598 307 1660 336 res
1689 295 1824 348 aliqua

50 354 257 405 guaitam
286 353 401 393 debet
429 364 516 394 esse
536 354 752 404 subiectum
771 354 1031 404 proportionis
1050 352 1307 402 harmonicae,
1339 358 1490 405 oportet
1509 358 1550 394 et
1567 355 1821 405 quantitatem

51 407 371 466 (loqstudinem)
411 413 452 450 in
480 411 550 451 illa
574 423 616 452 re
644 413 783 460 inesse,
813 423 930 462 quam
959 410 1238 462 longitudinem
1266 416 1375 450 motu
1406 411 1574 462 quodam
1600 418 1823 464 percurrant

50 470 278 521 tuumque
305 469 401 509 fiant
427 471 594 520 partium
630 469 901 521 longitudinis,
941 470 1040 508 inter
1078 481 1176 519 quas
1205 471 1257 508 sit
1283 473 1493 522 proportio.
1553 472 1683 521 Atque
1710 471 1751 510 id
1779 471 1824 510 fit

52 529 101 568 αι’
122 534 236 579 parte
264 529 304 566 iu
332 527 710 578 configurationibus.
773 527 1010 581 Harmoniae
1047 527 1203 577 quidem
1240 529 1281 565 in
1321 527 1493 579 angulis,
1537 540 1635 579 quos
1670 531 1826 569 metitur

49 585 251 635 sodimon,
295 585 584 626 considerantur
621 591 703 626 sine
736 591 862 635 motu,
902 585 1034 636 anguli
1062 591 1193 625 tamen
1221 586 1298 636 ipsi
1327 586 1395 625 alii
1425 598 1472 626 ex
1503 586 1592 626 aliis
1621 598 1823 639 corporum

48 643 281 684 radiantium
308 650 417 683 motu
444 655 513 696 per
540 644 743 684 zodiacum
771 645 1064 683 constituuntur.
1121 643 1209 683 Non
1248 655 1425 695 corpora,
1466 644 1536 684 sed
1578 651 1706 685 motus
1735 657 1823 686 cor·

49 704 187 753 porum
214 713 336 742 cansa
362 701 614 754 longitudinis
643 708 683 742 et
710 703 910 742 brevitatis
947 699 1046 755 (non
1075 702 1317 752 temporalis,
1359 702 1429 743 sed
1458 701 1688 758 corporeae)
1726 705 1826 745 inter

49 771 95 800 ae
121 766 402 812 comparantur,
433 759 756 811 quemadmodum
784 772 827 800 se
854 771 915 799 res
935 759 1053 799 habet
1082 771 1171 799 cum
1190 762 1317 810 sonis3
1349 772 1440 800 nam
1459 772 1579 801 sonus
1598 768 1657 801 est
1675 764 1824 813 species

51 819 192 858 mirina
218 830 243 859 e
270 829 448 870 corpore,
484 825 523 858 et
551 824 595 858 nt
623 824 809 870 quantum
837 817 952 867 illud,
997 823 1035 857 et
1063 824 1106 857 ut
1134 818 1340 869 figuratum
1371 819 1669 870 quadamtenus,
1711 826 1751 860 et
1780 826 1824 860 ut

51 877 91 915 in
117 881 227 916 motu
254 878 503 916 constitutum
537 882 608 916 est.
666 876 717 915 Et
751 877 847 916 haec
882 887 1002 916 causa
1043 881 1123 923 est,
1165 888 1233 916 cur
1269 881 1409 917 natura
1447 878 1615 918 hominis
1644 890 1826 919 sonorum

50 935 293 986 potissimum
318 935 630 986 proportionibus
658 935 888 974 harmonicis
917 935 967 974 sit
997 933 1167 974 dedita“.

140 1022 143 1025 >
187 992 315 1045 Caput
342 992 412 1032 IV.
471 993 705 1032 Discrimina
744 998 892 1042 autem,
933 1004 1034 1043 quae
1070 992 1311 1033 intercedunt
1348 995 1449 1034 inter
1482 994 1714 1044 harmonias,
1751 994 1827 1050 hoe

52 1054 191 1101 quarto
218 1050 318 1091 libro
348 1055 388 1090 et
416 1050 503 1090 illas
531 1053 646 1091 tertio
676 1052 774 1091 libro
805 1052 990 1102 cognitas,
1021 1051 1118 1091 haec
1135 1057 1244 1090 sunt:
1273 1053 1313 1090 in
1342 1051 1441 1092 libro
1470 1054 1583 1093 tertio
1602 1053 1825 1093 harmoniae

53 1120 76 1148 e
106 1108 248 1148 circulo
277 1110 316 1148 in
344 1114 468 1149 rectas
510 1109 634 1149 lineas
672 1115 888 1158 transeunt,
930 1111 969 1148 in
1010 1115 1147 1160 quarto
1194 1112 1232 1148 in
1272 1110 1415 1150 circulo
1444 1111 1528 1150 solo
1564 1116 1721 1152 restant.
1778 1111 1826 1150 In

52 1169 164 1206 tertio
190 1166 289 1206 libro
317 1168 467 1207 termini
496 1179 566 1217 seu
584 1168 799 1218 subjectum
819 1168 1104 1207 harmoniarum
1124 1173 1233 1207 erant
1251 1169 1348 1218 soni,
1379 1171 1556 1210 acumine
1575 1175 1614 1210 et
1633 1171 1826 1220 gravitate

50 1218 287 1274 differentes,
326 1227 367 1264 in
405 1231 542 1276 quarto
577 1225 678 1266 libro
713 1226 959 1266 harmonicae
995 1228 1164 1266 rationes
1202 1227 1300 1266 sitae
1321 1231 1419 1267 sunt
1445 1230 1485 1266 in
1516 1227 1687 1279 angulis,
1729 1239 1826 1280 quos

51 1283 224 1323 lucentes
252 1282 349 1322 radii
379 1295 400 1323 e
431 1283 583 1323 duobus
610 1284 777 1335 planetis
806 1285 936 1324 emissi
963 1284 1130 1324 formant
1157 1286 1198 1323 in
1227 1285 1368 1334 Terra,
1400 1286 1465 1326 vel
1494 1288 1533 1324 in
1562 1298 1672 1336 arcu,
1713 1299 1827 1338 quem

54 1341 131 1380 duo
165 1341 346 1392 planetae
385 1343 425 1381 in
461 1341 623 1382 zodiaco
663 1345 865 1383 terminare
904 1341 1095 1383 videntur.
1156 1343 1263 1383 Inest
1301 1342 1398 1384 haec
1436 1344 1639 1385 harmonia
1676 1345 1828 1385 zodiaci

51 1399 226 1450 partibus
252 1394 332 1438 non'
360 1405 515 1450 propter
543 1413 586 1440 se
616 1402 739 1451 ipsas,
784 1401 853 1441 sed
890 1405 1094 1451 propterea
1132 1401 1237 1452 quod
1273 1401 1363 1442 illae
1400 1408 1625 1443 mensurant
1664 1404 1827 1454 angulos

52 1456 247 1497 radiorum
273 1459 315 1496 in
342 1457 462 1497 Terra
491 1461 806 1508 concurrentium,
845 1459 909 1499 vel
938 1461 1068 1510 potius
1097 1461 1188 1499 icon
1215 1465 1376 1500 exactus
1404 1461 1560 1501 zodiaci
1587 1462 1755 1502 coelest-'⁸
1783 1464 1829 1501 in

53 1516 197 1555 αηίηια
230 1516 446 1555 wolmeri
482 1517 555 1556 hoc
589 1517 854 1556 mensurandi
881 1517 1057 1568 officium
1085 1518 1201 1557 subit.
1261 1518 1336 1558 Hic
1364 1521 1473 1568 icon,
1513 1520 1611 1560 haec
1639 1521 1748 1559 notio
1777 1521 1827 1559 ab

53 1574 164 1612 initio
191 1575 321 1613 auimo
340 1575 469 1620 insita,
499 1580 660 1615 naturae
679 1587 774 1615 suae
794 1577 975 1614 instinctu
1003 1575 1165 1627 angulos
1195 1582 1391 1627 comparat
1411 1590 1497 1617 cum
1517 1584 1682 1630 quatuor
1701 1580 1826 1627 rectis,

54 1635 95 1670 et
122 1641 292 1670 consona
319 1631 471 1670 illorum
500 1632 717 1672 discernens
748 1646 772 1672 a
802 1633 987 1682 dissonis,
1018 1640 1193 1673 naturam
1223 1634 1509 1675 harmoniarum
1538 1638 1577 1675 in
1607 1649 1650 1676 se
1678 1638 1828 1688 recipit.

53 1687 166 1734 Haec
192 1688 477 1729 harm0niarum
505 1692 546 1728 in
574 1703 615 1730 se
654 1691 955 1741 recipiendarum
996 1697 1035 1730 et
1073 1692 1357 1732 formandarnm
1397 1694 1561 1734 facultas
1596 1706 1674 1734 non
1711 1695 1828 1734 modo

54 1741 251 1786 in‘animo
279 1747 445 1786 hominis
475 1750 682 1787 nescientis
713 1754 790 1798 est,
820 1749 890 1789 sed
919 1750 1035 1788 etiam
1064 1751 1104 1787 in
1125 1762 1281 1801 corpore
1302 1752 1456 1801 Terrae,
1487 1754 1548 1791 cui
1570 1753 1620 1792 ob
1641 1753 1682 1792 id
1702 1754 1828 1804 ipsum

53 1805 184 1844 anima
212 1805 400 1859 quaedam
428 1807 625 1855 tribuitur,
665 1819 765 1857 quae
794 1819 929 1847 sensus
958 1819 1049 1846 suos
1086 1802 1125 1846 i'n
1155 1820 1278 1859 aquas
1307 1814 1347 1849 et
1376 1813 1504 1850 ae’rem
1533 1813 1686 1851 emittit.
1744 1811 1828 1851 De-

52 1861 144 1902 inde
181 1861 404 1904 harmoniae
438 1863 536 1903 libro
566 1864 640 1904 111.
678 1870 718 1904 et
746 1865 817 1905 IV.
854 1871 1051 1916 spectatae
1087 1868 1144 1905 ita
1180 1867 1377 1917 differunt,
1419 1868 1524 1919 quod
1558 1871 1597 1908 in
1635 1869 1714 1908 illis
1749 1881 1828 1908 non

51 1921 286 1960 traducendo
315 1934 384 1972 per
412 1922 557 1971 media,
597 1921 666 1961 sed
694 1935 764 1973 per
792 1923 914 1962 saltus
943 1925 1055 1974 quasi
1093 1925 1143 1963 ab
1182 1924 1260 1964 alio
1300 1937 1396 1965 sono
1427 1937 1597 1967 consono
1626 1927 1678 1967 ad
1707 1927 1828 1967 alium

53 1990 265 2019 consonum
294 1981 503 2019 acutiorem
533 1986 602 2019 aut
630 1982 858 2031 graviorem,
888 1982 1074 2032 neglectis
1099 1983 1236 2022 mediis
1256 1989 1316 2023 est
1334 1986 1533 2034 transitus,
1563 1987 1602 2024 in
1622 1986 1683 2025 his
1702 1986 1831 2026 media

55 2039 490 2088 omniapercurruntur,
522 2037 644 2077 donec
674 2050 799 2079 novae
828 2040 924 2078 fiunt
954 2040 1274 2091 configurationes
1302 2042 1567 2093 harmonicae,
1597 2046 1654 2084 ita
1681 2050 1725 2083 ut
1751 2056 1829 2083 non

54 2106 132 2135 uno
160 2101 367 2145 momento,
397 2096 466 2135 sed
494 2098 758 2151 minutissimis
787 2100 969 2148 temporis
998 2099 1211 2139 intervallis
1242 2100 1467 2142 efficiantur.
1526 2102 1640 2142 Hanc
1670 2104 1719 2141 ob
1749 2115 1830 2142 rem

54 2164 132 2192 non
158 2165 229 2205 per
255 2160 449 2193 momenta
476 2156 556 2194 vim
578 2152 767 2204 exsertim,
799 2156 867 2195 sed
890 2156 981 2194 dum
1006 2159 1190 2206 oriuntur,
1222 2163 1261 2196 et
1290 2159 1453 2199 simulac
1482 2165 1589 2200 ortae
1617 2166 1719 2209 sunt,
1749 2163 1829 2199 vim

55 2212 230 2250 exserere
249 2211 448 2261 desinunt3
479 2215 656 2263 quamvis
687 2212 787 2263 quae
817 2219 1029 2264 sequuntur
1056 2218 1247 2255 actionem
1277 2216 1420 2256 diutins
1440 2224 1634 2258 maneant.
1675 2218 1827 2258 Deinde

55 2273 147 2307 sunt
174 2269 396 2310 harmoniae
426 2270 514 2309 libri
542 2271 610 2313 IV.
640 2274 781 2311 mixtae
811 2273 1048 2323 incongruis,
1093 2286 1190 2324 quas
1226 2281 1364 2314 natura
1402 2276 1623 2316 sublunaris
1652 2277 1828 2328 negligit,

57 2326 148 2365 dum
176 2326 332 2366 auditus
360 2339 438 2367 non
467 2329 581 2368 valde
612 2329 823 2369 delectatur
851 2330 1050 2370 harmonia
1070 2332 1245 2371 binarum
1273 2345 1424 2383 vocum,
1454 2335 1487 2372 si
1520 2336 1691 2385 quinque
1727 2335 1828 2374 aliae

57 2383 300 2425 dissonantes
326 2386 557 2436 obstrepant.
598 2387 832 2427 Harmoniae
850 2390 890 2426 in
911 2389 1071 2427 vocibus
1091 2390 1248 2430 arbitrio
1278 2393 1561 2430 constituuntur
1591 2392 1830 2443 consilioque

13 2452 22 2458 ·
58 2444 250 2492 canentis3
279 2445 318 2481 in
347 2444 499 2495 angulis
519 2456 623 2493 vero,
655 2457 751 2495 quos
771 2446 951 2496 planetae
972 2447 1177 2487 conficiunt
1198 2461 1223 2487 a
1241 2448 1361 2488 Terra
1391 2449 1577 2500 adt-specu,
1607 2451 1829 2490 harmoniae

58 2499 272 2540 cfficiuntur
299 2500 406 2541 nullo
433 2507 592 2543 naturae
621 2503 839 2543 sublunaris
868 2505 1047 2554 consilio,
1089 2505 1159 2545 sed
1196 2518 1302 2547 mera
1338 2510 1567 2548 necessitate
1595 2511 1830 2560 geometrica

57 2563 245 2598 motuum.

195 2616 332 2666 Capite
351 2616 401 2655 V.
423 2621 462 2656 et
480 2617 549 2655 VI.
580 2619 900 2669 configurationes
931 2620 1157 2670 „efficaces“
1190 2628 1449 2663 numerantur.
1490 2624 1669 2664 Conditio
1699 2629 1829 2664 autem

0 2670 5 2678 ’
60 2672 296 2713 efficacitatis
324 2679 384 2713 est
410 2686 521 2714 arcus
550 2677 680 2714 circuli
707 2677 876 2726 zodiaci,
916 2690 1031 2728 quem
1067 2679 1247 2719 rescindit
1282 2681 1383 2720 latus
1413 2682 1556 2732 figurae
1595 2695 1664 2722 seu
1693 2682 1830 2722 stellae

51 2741 250 2781 congruae
280 2736 319 2770 et
347 2732 503 2781 scibilis,
536 2745 651 2782 quam
679 2735 729 2773 ob
759 2746 915 2774 causam
944 2738 1123 2786 cognatio
1149 2738 1403 2778 radiationum
1435 2751 1521 2779 cum
1550 2741 1692 2779 circulo
1723 2741 1829 2790 ejus-

60 2799 136 2838 que
164 2790 327 2829 arcubus
357 2795 396 2829 et
426 2802 511 2829 cum
541 2791 672 2840 figuris
699 2793 939 2843 regularibus
967 2795 1090 2844 major
1121 2801 1190 2845 est,
1221 2808 1337 2846 quam
1366 2802 1447 2836 erat
1477 2799 1825 2848 consonantiarum,

16 2872 20 2873 γ
45 2846 102 2884 'et
127 2846 216 2896 plus
245 2853 372 2897 potest
401 2848 451 2887 ad
481 2848 822 2898 configurationum
853 2851 1117 2892 efficacitatem
1146 2857 1407 2904 conqruentia
1443 2855 1670 2906 figurarum,
1710 2865 1828 2906 quam

60 2903 256 2943 sabaim.
315 2906 507 2956 Aspcctus
537 2907 745 2946 secuudum
774 2909 1040 2949 efficacitatem
1080 2911 1246 2951 ordinati
1283 2913 1324 2950 hi
1364 2919 1470 2952 sunt:
1514 2912 1559 2966 1)
1598 2913 1827 2964 Conjnnctio

46 2965 104 3000 ·et
130 2963 334 3012 oppositio,
365 2962 412 3017 2)
443 2964 650 3014 quadratus
680 2972 857 3015 aspectus
888 2965 1026 3021 (900),
1059 2967 1105 3022 3)
1136 2971 1309 3020 trigonus
1330 2967 1490 3024 (1200),
1520 2971 1669 3010 sextilis
1695 2970 1827 3026 (600),

64 3020 305 3059 semisextilis
341 3018 471 3075 (30⁰),
515 3019 563 3075 4)
602 3023 772 3072 quintilis
809 3022 940 3078 (720),
986 3027 1200 3076 biquintilis
1240 3025 1395 3082 (144⁰),
1439 3029 1630 3077 quincunx
1666 3027 1826 3084 (1500),

68 3072 117 3128 5)
154 3076 284 3117 decilis
315 3075 446 3132 (36⁰),
490 3080 671 3119 tridecilis
701 3077 858 3134 (1080),
903 3083 1026 3122 octilis
1056 3082 1188 3137 (450),
1234 3086 1408 3124 trioctilis
1440 3083 1599 3140 (135⁰).
1664 3088 1756 3127 Nro.
1792 3091 1826 3127 1.
