1994 3276
872 84 1089 138 Apologia.
1144 106 1147 108 ⁴
1190 89 1194 97 '
1799 90 1885 133 465

96 200 339 242 ham
381 199 620 240 mundanae
661 197 779 254 (puta
820 199 928 239 illius
975 194 1196 252 efficaciae)
1235 197 1553 249 fiandamentum
1600 206 1775 238 memm'
1807 206 1887 237 etse

94 259 365 310 manum,
388 259 583 309 nulloque
619 259 737 299 modo
770 270 799 297 a
839 257 1077 299 &tusciani-r
1115 256 1432 307 approbandum
1473 254 1885 298 issant-'mauditum

99 315 453 370 Qum-reliquid
487 318 521 355 si
550 317 654 368 prior
682 328 756 367 ego
793 318 833 354 in
863 321 902 355 te
942 314 1143 364 dixissem,
1182 314 1273 366 plus
1306 315 1568 355 excusationis
1606 316 1785 354 invenire
1809 315 1888 366 po-

101 376 247 415 tuisset
268 374 371 415 haec
397 380 468 414 tua
498 375 692 414 vindictae
721 373 935 426 cupiditas,
974 384 1093 424 quam
1122 383 1242 421 nunc,
1285 372 1352 411 ubi
1384 375 1500 412 meris
1529 373 1887 425 comparationibus

98 444 206 482 usus,
234 444 369 484 sepem
397 434 436 470 in
466 434 631 483 gratiam
659 432 814 473 lectoris
843 434 944 472 inter
973 437 1043 471 tua
1071 436 1112 471 et
1139 443 1227 470 mea
1247 430 1471 471 harmonica
1495 433 1631 481 struxi,
1661 442 1735 471 nec
1762 430 1907 470 unum>

98 491 164 530 sd
179 502 278 531 eam
295 490 504 541 virgultum
545 503 592 530 ex
622 496 690 530 tuo
720 490 878 530 dumeto
909 490 1104 540 decerpsi,
1149 500 1221 528 nec
1251 488 1464 540 quidquam
1501 490 1576 529 tibi
1618 495 1777 530 tuaeve
1788 487 1885 566 doe-

101 551 227 590 trinae
256 550 465 599 imputavi,
497 549 603 599 quod
630 561 708 589 non
738 554 782 588 tu
810 551 895 600 ipse
925 549 1188 587 disertissimis
1218 547 1350 587 verbis
1377 547 1547 588 fatearis.

116 592 157 635 ἰ’
210 607 258 646 In
288 607 550 658 oppugnando
578 613 688 646 motu
716 606 882 646 Telluris
920 609 1022 646 eirca
1050 605 1183 645 Solem
1213 602 1424 659 (meorum
1446 608 1697 645 terminorum
1725 605 1886 645 harmo-

48 673 53 677 “
99 666 272 704 uicorum
302 676 395 713 uno,
424 676 497 704 nec
524 671 655 704 tamen
682 667 914 714 necessario,
945 670 988 703 ut
1018 664 1162 703 dictum
1192 664 1243 703 ad
1271 664 1388 703 finem
1418 664 1627 716 analyseos
1646 662 1803 716 xil.)
1806 673 1886 715 quo

98 725 223 774 magis
243 729 285 762 tu
305 725 542 774 φιλονεικιαι
559 723 811 771 demonstras,
828 725 907 773 qui,
939 733 1041 776 quae
1061 728 1152 761 sunt
1170 722 1335 762 aliorum
1349 724 1521 772 inventa,
1549 734 1597 763 ea
1617 725 1658 761 in
1675 733 1739 762 me
1758 718 1887 773 potis-

98 782 238 820 simum
273 781 508 832 exagitanda
549 784 691 830 sumis,
733 781 807 820 hoc
844 783 972 820 minus
1002 792 1076 831 ego
1106 791 1269 820 moveor
1306 786 1474 831 tuosque
1508 783 1608 820 ictus
1646 782 1885 831 persentisco

99 839 166 877 ob
190 850 355 879 causam-
385 839 560 879 eaudem.
620 841 878 890 Antiquitatis
918 839 1095 878 desertae
1123 839 1271 878 invidia
1299 849 1377 877 non
1412 838 1463 878 ad
1492 851 1553 879 me
1583 841 1800 890 pertinet,·
1817 840 1887 889 qui

100 897 201 936 alios
231 908 386 947 sequor,
416 899 639 936 novationis
667 899 814 936 crimini
845 897 974 936 locum
1003 898 1071 936 hic·
1094 902 1173 936 non
1202 897 1395 948 praebe03
1425 907 1505 936 non
1536 897 1587 936 ad
1614 897 1884 948 Copernicum,

103 965 204 1004 quos
224 957 335 994 -enim
362 954 430 994 ille
458 957 645 1006 sequitur,
675 955 734 994 illi
761 961 853 994 sunt
881 955 997 1006 plane
1028 957 1293 995 vetustissimi.
1354 954 1575 1004 creaturae,
1610 955 1694 995 Soli
1724 954 1884 1004 scilieet,

99 1013 286 1052 attributa
315 1014 391 1052 Dei
420 1015 644 1052 transscribi
673 1014 790 1053 toties
815 1014 900 1063 jam
928 1015 1161 1062 criminaris,
1202 1012 1309 1065 quod
1338 1013 1372 1052 is
1401 1025 1559 1054 movere
1589 1015 1773 1054 statuitur
1801 1015 1886 1064 ipse

101 1071 309 1110 immobilis
336 1071 535 1122 *quodque
563 1072 651 1111 fons
678 1077 807 1111 motus
837 1083 923 1111 esse
953 1071 1193 1123 perhibetur,
1230 1071 1390 1122 perinde
1419 1082 1466 1111 ac
1494 1073 1529 1111 si
1556 1082 1673 1112 voces
1701 1080 1780 1110 nou
1810 1073 1887 1110 sint

99 1130 352 1178 aequivocae,
383 1141 430 1168 ac
458 1131 493 1168 si
521 1142 601 1168 non
631 1129 734 1169 idem
763 1135 803 1169 et
830 1131 902 1169 tibi
932 1131 1007 1181 ipsi
1035 1135 1168 1180 posset
1197 1130 1327 1179 objici,
1360 1131 1542 1169 trinitatis
1572 1131 1782 1182 imaginem
1812 1138 1886 1180 ag·

100 1189 275 1226 noscenti
305 1189 344 1227 iu
376 1187 546 1226 hebraea
574 1199 672 1227 voce
701 1187 880 1236 Jetrova,
918 1191 1126 1239 praecipue
1155 1188 1332 1238 loquenti
1361 1187 1409 1227 de
1437 1187 1549 1237 luce,
1593 1190 1693 1240 igni,
1734 1189 1884 1238 spiritu,

100 1246 232 1284 anima
270 1245 435 1288 mundi?
493 1245 543 1284 Et
580 1246 675 1296 quid
713 1246 800 1284 sons
843 1252 903 1285 est
941 1248 1017 1284 nisi
1045 1246 1371 1285 instrumentum?
1430 1246 1494 1284 An
1524 1248 1592 1297 qui
1633 1258 1699 1286 cor
1739 1246 1885 1285 fontem

102 1303 207 1342 vitae
237 1305 388 1352 asserit,
417 1305 452 1341 is
482 1303 735 1352 obliviscitur,
765 1305 974 1354 inspirasse
1002 1304 1133 1343 Deum
1170 1307 1209 1342 in
1240 1304 1343 1343 hunc
1371 1305 1500 1354 ipsum
1529 1306 1675 1344 fontem
1706 1306 1883 1354 spiracu-

101 1359 183 1398 lum
215 1361 351 1400 vitae?
410 1361 455 1400 Si
483 1363 580 1401 coeli
607 1363 726 1401 multi
753 1368 868 1410 sunt,
908 1374 994 1402 non
1022 1365 1099 1401 erit
1127 1363 1275 1413 aliquis
1311 1362 1459 1401 'rm-ae
1488 1375 1630 1402 cursus
1668 1365 1776 1402 eirca
1807 1362 1885 1402 So-

97 1418 207 1456 lem?
262 1417 383 1468 Quasi
413 1431 518 1468 vero,
548 1422 616 1470 qui
645 1420 787 1459 Terrae
816 1431 930 1460 suum
960 1422 1137 1471 assignat
1165 1431 1335 1469 cursum,
1376 1423 1410 1459 is
1439 1431 1517 1460 non
1549 1421 1676 1461 eidem
1705 1425 1748 1490 et
1773 1422 1885 1460 suam

103 1477 279 1527 assignet
304 1478 524 1527 regionem,
555 1478 593 1516 id
624 1484 683 1517 est
713 1478 884 1527 coelum,
914 1490 984 1529 per
1011 1479 1116 1529 quod
1147 1479 1215 1517 illa
1245 1479 1404 1518 currat?

66 1572 74 1577 ,
213 1533 379 1573 Rursum
418 1542 548 1575 autem
586 1536 762 1576 solennia
790 1537 980 1575 tironibus
1009 1549 1117 1576 arma
1145 1539 1272 1588 rapis,
1315 1541 1543 1586 argumenta
1572 1537 1623 1576 ab
1651 1536 1884 1576 hexhemero

99 1593 224 1641 primo
255 1593 425 1632 deducis.
484 1593 577 1632 Jam
606 1596 759 1644 quoties
787 1594 990 1645 respondi,
1030 1606 1092 1634 me
1131 1600 1259 1634 textus
1288 1594 1453 1634 Mosaici
1492 1605 1572 1634 non
1608 1606 1724 1646 agere
1760 1597 1883 1634 inter-

100 1652 267 1700 pretem!
327 1652 424 1701 Age,
457 1651 520 1690 dic
549 1657 591 1690 ut
621 1653 654 1691 is
683 1654 735 1690 sit
762 1652 1057 1702 intelligendus,
1088 1653 1410 1703 respondeboque
1439 1652 1490 1691 ad
1521 1655 1709 1703 quaesita.
1773 1653 1881 1702 Esto,

101 1713 147 1744 nt
167 1707 444 1748 'inhaereamus
474 1709 619 1748 literae.
682 1710 784 1760 Ergo
814 1721 901 1749 cum
926 1711 1010 1760 Jam
1041 1715 1146 1750 esset
1174 1710 1303 1749 divisa
1330 1710 1398 1749 lux
1427 1722 1453 1750 a
1482 1712 1663 1759 tenebris,
1694 1721 1772 1749 uno
1794 1710 1884 1749 loco

101 1764 171 1802 lux
200 1771 306 1814 erat,
349 1769 484 1806 ceteris
517 1769 678 1806 materia
717 1767 805 1807 luce
835 1779 975 1808 vacua.
1036 1769 1097 1808 De
1136 1768 1261 1818 figura
1288 1769 1387 1807 lucis
1426 1780 1476 1808 ne
1504 1770 1761 1819 perconteris,
1803 1780 1884 1808 non

102 1822 202 1861 affui>
234 1830 446 1874 spectator,
488 1836 562 1864 nec
598 1825 677 1864 fido
716 1825 778 1864 vel
809 1825 983 1865 Hermeti
1021 1827 1085 1865 vel
1122 1828 1282 1876 picturis
1321 1828 1410 1866 tuis.
1471 1826 1550 1866 Sed
1588 1827 1687 1866 lucis
1725 1828 1884 1876 regione

101 1879 302 1931 designata
327 1883 411 1932 jam
441 1882 553 1921 datur
581 1888 733 1934 tempus
763 1884 928 1934 ejusque
960 1890 1110 1936 partes,
1149 1896 1314 1935 vespera
1344 1890 1384 1923 et
1411 1896 1539 1924 manc.
1597 1884 1883 1924 Mansisse'di-

101 1949 186 1976 cam
215 1946 387 1978 centrum
405 1941 547 1980 Terrae
575 1941 663 1980 loco
692 1953 778 1989 suo,
809 1942 985 1981 volutam
1015 1954 1109 1982 vero
1131 1942 1291 1981 Terram
1321 1944 1462 1981 circum
1492 1954 1606 1982 axem
1632 1942 1881 1991 immobilem,

101 1997 231 2046 quoad
259 1998 501 2038 illucesceret
531 1999 612 2038 dies
643 1991 792 2049 quarta.
852 2000 1131 2040 Revolutionis
1151 2001 1256 2039 illius
1288 2000 1449 2039 diurnae
1468 2000 1556 2040 fons
1576 2000 1884 2050 fuitidem,q1'xi

99 2065 203 2093 nunc
231 2061 309 2104 est,
339 2058 570 2106 principium
609 2057 757 2096 scilicet
785 2058 951 2097 animale
992 2060 1171 2107 insitum3
1212 2071 1302 2097 nam
1332 2071 1380 2097 ex
1409 2058 1502 2099 Sole
1539 2070 1616 2097 non
1647 2059 1748 2097 hunc
1788 2070 1883 2109 par-

104 2114 200 2150 tium
230 2117 402 2164 corporis
435 2115 631 2163 diurnum,
663 2115 732 2154 sed
763 2118 880 2154 centri
918 2122 1066 2155 motum
1097 2129 1268 2155 annuum
1311 2116 1464 2165 derivo,
1505 2128 1579 2156 nee
1615 2127 1713 2168 opus
1743 2116 1803 2154 illi
1831 2116 1882 2155 ad

100 2169 202 2211 hane
233 2171 515 2211 revolutionem
547 2173 722 2212 diurnam
760 2185 919 2224 corpore
949 2175 1129 2225 regulari.
1190 2173 1337 2224 Quodsi
1378 2177 1486 2214 motu
1516 2177 1637 2214 centri
1666 2179 1758 2213 tunc
1780 2183 1883 2213 non-

102 2227 193 2266 dum
221 2235 305 2267 erat
332 2231 530 2280 praedita,
560 2230 690 2270 nullus
722 2233 838 2281 igitur
866 2238 959 2271 tunc
988 2233 1116 2271 adhuc
1144 2235 1328 2271 terminus
1360 2239 1443 2271 erat
1475 2233 1735 2283 proportionis
1764 2231 1882 2270 ullius

12 2317 21 2321 -
100 2284 358 2336 harmonicae,
390 2300 488 2338 quas
519 2301 591 2340 ego
622 2289 778 2339 quidem
809 2290 943 2329 doceo.
1003 2291 1063 2329 Tu
1094 2292 1126 2329 si
1156 2302 1283 2330 meam
1313 2291 1376 2329 hic
1407 2292 1578 2340 inopiam
1609 2301 1742 2329 censes
1772 2297 1884 2328 com-

101 2344 346 2384 miseratione
375 2346 551 2396 dignam,
593 2359 667 2397 age
696 2348 790 2386 mihi
832 2354 991 2398 erogato
1022 2350 1222 2399 quippiam
1263 2349 1309 2387 de
1349 2348 1449 2386 laxis
1480 2349 1558 2386 tuis
1598 2347 1883 2398 significatib'us‘

103 2403 209 2439 vocis
240 2402 451 2452 harmonia,
482 2411 525 2443 ut
555 2410 683 2444 tecum
714 2407 829 2444 etiam
858 2408 990 2455 primis
1021 2406 1158 2445 diebus
1186 2406 1425 2445 harmoniam
1444 2405 1618 2456 aliquam
1644 2407 1779 2454 fatear,
1810 2405 1881 2444 sed

101 2470 179 2497 non
210 2461 346 2509 quales
375 2473 449 2512 ego
478 2463 603 2502 trado.
662 2463 768 2501 Nihil
806 2465 907 2502 enim
937 2463 1116 2515 impedit,
1157 2464 1361 2502 succedere
1400 2474 1525 2501 novas
1554 2462 1792 2502 harmonias
1817 2463 1882 2502 die·

102 2524 260 2566 quarto,
290 2530 391 2568 quae
419 2520 590 2559 nondum
627 2526 737 2559 erant
765 2522 968 2571 prioribus.
1027 2521 1165 2560 Nonne
1196 2521 1500 2560 celebratissima
1528 2521 1598 2559 illa
1626 2526 1695 2560 tua
1723 2520 1881 2560 harmo-

101 2576 166 2611 nia
205 2577 303 2614 iuter
332 2588 476 2615 marem
505 2583 544 2616 et
573 2580 755 2617 feminam
791 2581 883 2618 totis
913 2581 1083 2629 quinque
1113 2579 1250 2618 diebus
1281 2579 1422 2627 defuit,
1462 2580 1529 2617 vix
1560 2579 1715 2618 demum
1755 2584 1884 2639 sexto,

106 2636 236 2670 creata
263 2633 425 2682 femina,
457 2636 624 2674 emicuit.

216 2689 336 2729 Porro
374 2691 424 2729 ad
453 2695 651 2741 superiora
680 2693 916 2743 Copernicus
952 2695 1160 2734 tribunalia
1199 2696 1358 2742 citatur,
1402 2705 1560 2732 causam
1589 2699 1719 2732 coram
1744 2692 1879 2742 judice

101 2745 300 2797 Scriptura
328 2748 511 2788 dicturus.
570 2750 620 2788 Et
659 2762 774 2801 supra
807 2755 990 2791 excusavi
1020 2766 1100 2801 me,
1143 2764 1220 2791 non
1250 2753 1471 2801 litigaturus
1499 2752 1539 2788 in
1567 2750 1642 2790 hoc
1670 2752 1754 2790 foro
1785 2751 1879 2799 (fine

101 2804 250 2854 analys.
280 2804 419 2854 XII.),
459 2817 532 2845 nec
562 2813 621 2845 est
650 2819 839 2857 aequum,
881 2816 920 2849 te
949 2811 1118 2850 Roberte
1148 2811 1249 2848 hanc
1290 2820 1398 2848 orare
1429 2819 1606 2856 oeusam,
1647 2820 1735 2847 cum
1764 2808 1879 2848 theo-

101 2860 214 2911 logus
244 2874 320 2900 non
350 2864 417 2902 sis.
475 2863 558 2913 Ipsi
586 2864 793 2913 videbunt,
831 2878 902 2905 nee
931 2870 1007 2907 tuis
1037 2873 1192 2906 utentur
1222 2866 1364 2914 oculis,
1405 2871 1474 2904 tua
1502 2866 1647 2916 lingua.
1705 2866 1805 2906 Nam
1834 2870 1883 2906 ιιι

102 2919 257 2968 quidem
287 2921 430 2970 oppido
461 2933 577 2971 quam
606 2927 807 2971 suspectus
837 2929 943 2963 actor
972 2927 1087 2976 huJus
1110 2936 1250 2964 causae
1280 2925 1430 2961 futurus
1449 2924 1579 2962 fueris.
1639 2923 1744 2963 Cedo
1763 2926 1878 2964 nani-

102 2987 179 3026 que
208 2978 316 3016 bases
349 2977 496 3016 Terrae
534 2991 582 3019 ex
611 2986 679 3018 tua
709 2984 910 3021 sententia.
970 2983 1141 3022 Literam
1180 2984 1258 3029 vis,
1304 2993 1352 3019 an
1390 2983 1576 3032 mysticos
1606 2981 1774 3021 sensus?
1809 2979 1875 3023 'Si

103 3033 222 3077 Terra
251 3040 329 3074 stat
359 3035 410 3074 ad
437 3035 598 3087 literam,
628 3038 744 3077 bases
773 3037 934 3079 habebit
962 3041 1012 3080 ad
1042 3041 1216 3090 literam,
1247 3039 1281 3077 si
1311 3039 1445 3088 bases,
1476 3044 1519 3078 tu
1548 3051 1626 3078 non
1657 3041 1772 3080 bases
1802 3041 1876 3080 ob-

170 3106 293 3141 anen
311 3107 409 3141 opera
424 3108 462 3135 v.
1608 3110 1664 3148 30
