1994 3276
132 43 216 84 488
805 38 849 74 In
873 35 1106 92 Harmonhm
1127 39 1258 77 Mundi
1271 85 1273 89 Ι

249 150 321 202 30)'
342 168 418 200 pag.
449 160 528 190 319.
575 158 711 191 Numeri
745 158 930 190 mediorum
954 161 1102 191 motuum
1128 159 1247 192 ultimo
1270 162 1400 193 inventi
1433 161 1637 195 reducuntur
1658 164 1697 196 10
1718 164 1784 197 hae
1801 164 1935 203 ‚tabella

132 207 175 238 ad
201 210 328 239 metum
350 206 496 237 medium
521 205 642 237 Terrae
664 218 712 235 =
738 207 897 238 1000000
922 215 1045 248 eosque
1063 207 1204 239 'exhibet
1233 207 1386 241 reductos
1410 207 1739 245 column-:nonnum
1770 211 1947 252 Restm·

133 254 253 296 dendo,
278 253 458 285 secundum
481 254 612 284 tertiam
634 253 774 294 Kepleri
797 253 943 293 regulam
969 262 1039 285 esse
1056 254 1224 296 quadrata
1237 258 1388 287 motuum
1399 255 1588 288 muliorum
1598 259 1648 290 -111
1668 267 1787 292 eversa
1799 259 1935 295 maone

133 308 291 338 cuborum
318 306 566 347 distantiarum,
604 308 835 346 computantur
861 306 1038 338 distantiae
1072 305 1240 348 (columna
1263 307 1376 352 tertia)
1401 300 1570 358 2³10:ss
1563 310 1685 356 media
1707 310 1882 343 distantia
1887 320 1944 339 ειτ-

133 351 443 407 1129531196οτ-
468 372 592 412 95560,
618 356 666 414 ‘ll
689 382 737 399 =
761 372 874 402 52060
900 373 977 411 ete,
1014 371 1073 402 ubi
1104 372 1319 410 notandum
1342 372 1377 403 in
1406 364 1534 404 tabsn‘a
1565 370 1699 405 ultimas
1723 366 1933 407 numor'o'rum

132 424 228 453 notas
266 417 447 459 Keplerum
484 418 654 458 omisisse,
687 418 858 458 scripsisse
887 427 964 456 ergo
995 426 1054 458 pro
1089 419 1203 451 95560
1230 438 1270 444 -
1299 420 1388 450 9556
1420 422 1482 456 etc.
1530 419 1773 460 Semidiametri
1805 422 1935 463 orbium

133 467 301 511 (columna
323 463 452 508 quarta)
486 470 519 496 et
544 464 802 503 eccentricitates
837 462 978 508 (quinta)
1013 465 1230 497 desumuntur
1263 475 1304 497 ex
1329 466 1452 499 tabella
1476 466 1590 514 91ζίωῇ
1600 469 1634 501 et
1647 467 1857 518 ,reducuntur
1880 477 1935 502 ec-

133 512 358 550 centricitat'es
382 513 423 543 ad
448 520 603 544 numeros
629 511 801 543 columnae
825 512 944 543 tertiae
966 513 1196 552 proportione:

434 572 512 606 85·
538 573 557 602 5
583 582 630 598 =
655 571 780 603 9556-
806 571 963 610 562;616
988 563 1136 604 65222·
1163 571 1253 601 4222
1279 583 1325 599 =
1349 571 1474 604 5206;
1499 557 1568 610 sse
1583 559 1652 606 et'c.
1862 562 1865 569 '
1899 593 1905 609 ,

131 633 268 665 Numeri
292 608 520 663 columnarum
543 630 702 670 septimae
727 632 760 661 et
784 632 920 660 octavae
943 629 1108 670 prodeunt
1131 629 1254 661 additis
1279 633 1312 662 et
1336 629 1513 662 subtractis
1528 629 1682 673 reductis
1707 629 1933 679 eccentricita—

131 681 222 712 tibus
247 689 268 710 a
291 676 414 709 modiis
436 677 622 719 distantiis3
648 686 679 708 v.
707 685 734 709 c.
759 676 849 707 9556
873 674 918 718 -ἦ-
944 677 1011 707 562
1035 688 1083 704 =
1110 678 1233 717 10118,
1259 677 1350 709 9556
1380 694 1415 699 -
1434 674 1583 708 562..-
1537 686 1584 695 -*
1606 677 1709 709 8994.
1857 695 1867 711 s

249 750 306 791 31)
332 758 407 788 pag.
426 749 505 781 335.
555 747 724 779 Summam
751 744 985 786 „appendicis“
1010 746 1110 786 hujus
1128 746 1263 778 exhibet
1287 747 1450 786 Keplerus
1474 734 1719 795 inpraemissie
1735 748 1791 783 fol.
1807 749 1874 796 328
1891 737 1934 783 ss.

132 797 419 838 Deprehendimus
444 794 584 825 verba
571 794 741 834 scriptoris
759 794 833 834 ipsa
849 793 1018 828 volumine
1034 792 1092 826 IV.
1117 795 1415 836 manuscriptorum
1431 790 1714 843 Pulkoviensium,
1729 793 1842 837 quod'
1861 806 1934 828 rae-

129 848 223 876 terea
246 844 329 874 haec
354 842 468 873 habet:
493 840 679 871 Ρ1011111661
703 839 894 880 Harmonia,
919 847 1010 871 nunc
1032 841 1177 879 primum
1202 839 1300 883 edita,
1325 839 1506 896 interprete
1529 841 1615 872 And.
1641 836 1809 882 G'ogavico
1835 806 1935 875 grae-

131 892 232 932 censi,
257 889 335 920 libri
361 889 385 919 1.
412 891 443 918 ct
468 888 509 918 ΙΙ.
535 897 638 928 usque
669 887 713 917 ad
746 896 806 926 cap
845 888 876 918 6.
926 885 1172 918 Commentario.
1205 887 1381 928 Porphyrii
1417 889 1452 919 in
1486 887 1695 920 Ptolemaei
1706 888 1934 924 Harmoniam.

129 939 181 970 Ex
216 937 370 976 Dialogis
394 935 492 966 Vinc.
519 932 659 964 Galilaei
698 933 737 964 de
762 932 889 964 Musica
919 934 1022 965 veteri
1050 937 1083 965 et
1112 934 1281 969 moderna.
1323 930 1539 967 Aristoxenis
1570 935 1688 968 musici
1711 933 1936 979 antiquissimi

129 985 406 1016 Harmonicorum
430 980 677 1012 Elementorum
700 980 779 1011 libri
805 980 864 1012 111.
914 981 1102 1012 Aristotelis
1128 980 1168 1012 de
1194 981 1327 1021 objectu
1358 980 1499 1015 auditus
1514 984 1830 1029 fragmentum301
1852 986 1935 1018 Por-

129 1032 248 1083 phygi}
262 1028 525 1063 Commentariis.

223 1071 497 1121 ,,Α9960(116610“
531 1074 694 1114 Keplerus
725 1071 823 1114 plane
859 1075 950 1115 prelo
979 1075 1136 1115 paratum
1166 1074 1303 1117 reliquit
1335 1077 1368 1106 et
1390 1074 1494 1108 116116
1500 1064 1615 1109 notam
1638 1069 1846 1121 typographo
1862 1068 1933 1113 ad-

131 1126 284 1165 scripsit:
325 1121 430 1162 „Qeii
456 1123 490 1154 ess
515 1119 598 1154 feiue
623 1119 837 1152 Concordanz
862 1120 938 1165 qibt
963 1119 1061 1161 eusset
1085 1119 1181 1154 cuein
1205 1121 1304 1155 1165611
1330 1120 1398 1155 bem
1423 1122 1502 1162 §tert
1525 1123 1583 1167 §iu
1606 1124 1673 1158 unb
1699 1123 1754 1166 [yet
1778 1125 1835 1162 αίη
1860 1128 1933 1162 obet

129 1178 196 1211 gmo
222 1169 332 1214 gifier
360 1168 408 1203 bie
433 1167 489 1207 anf
513 1167 596 1210 ,5616
621 1167 723 1198 Notas
748 1166 888 1208 ωείῖῑεη
913 1167 944 1210 fo
970 1166 1027 1201 fen
1053 1167 1113 1203 1)αὲ
1138 1166 1256 1208 format
1280 1167 1346 1202 mol
1369 1167 1400 1211 fo
1425 1167 1506 1204 hreit
1530 1169 1622 1214 femi,
1649 1170 1703 1205 uls
1728 1172 1848 1217 §entim
1874 1175 1934 1210 bas

130 1217 266 1258 ἓξοτηιαῐ
302 1215 443 1260 guiempt
470 1214 520 1248 bet
547 1214 760 1246 concordanz
786 1213 832 1248 im
856 1194 1080 1258 §exquiretur
1140 1215 1219 1253 (Sub
1245 1217 1344 1247 finem
1370 1225 1443 1258 cap.
1469 1218 1562 1252 vm.
1590 1228 1619 1260 p.
1646 1220 1713 1254 370
1739 1216 1932 1264 116661ῑρ611-

132 1262 219 1306 „Qiss
237 1262 340 1308 biebet
365 1261 400 1302 ist
427 1262 485 1296 boz
510 1261 715 1301 Manuscript
740 1261 781 1292 ad
805 1262 967 1293 mundum
991 1259 1156 1305 geiste-teht!
1156 1260 1184 1304 ¹)

250 1311 495 1342 Annotationes
520 1308 561 1339 ad
585 1308 769 1339 Ptolemaei
792 1311 921 1340 textum
945 1307 1108 1348 Keplerus
1140 1310 1322 1341 immiscuit
1350 1311 1459 1342 textui
1483 1311 1690 1354 eundemque
1714 1315 1849 1346 modum
1873 1325 1934 1348 nos

119 1359 336 1392 retinuimus.
361 1358 507 1388 numeris
520 1355 644 1386 latinis
669 1353 805 1395 Kepleri
827 1359 926 1386 notas
952 1357 1130 1394 signantes,
1180 1355 1331 1388 Ceterum
1355 1359 1551 1399 repetimus,
1570 1368 1657 1400 quae
1681 1357 1737 1393 ‘vol
1752 1361 1778 1393 1.
1790 1371 1834 1402 9
1857 1363 1933 1395 197.

129 1406 290 1438 diximus:
322 1404 376 1438 Jo.
391 1402 581 1437 Wallisium
599 1401 838 1444 (‚,Geometriae
863 1403 1077 1442 professorem
1091 1402 1302 1435 Savilianum
1325 1405 1362 1435 in
1385 1405 1481 1437 acad.
1506 1405 1725 1449 Omuiensi“)
1748 1407 1935 1448 Ptolemaei

127 1452 344 1484 Harmoniam
367 1459 480 1490 graece
505 1453 537 1480 et
559 1449 665 1480 latine
703 1447 855 1482 edidisse.
905 1449 1023 1480 Exstat
1058 1449 1141 1481 haec
1165 1450 1267 1481 editio
1293 1452 1328 1482 in
1354 1440 1521 1491 .,Wallisii
1545 1453 1688 1492 Operum
1714 1453 1932 1487 Mathemati-

131 1498 263 1531 corum“
288 1498 458 1529 volumine
481 1497 541 1529 ΙΙΙ.
568 1497 659 1536 (pag.
688 1495 854 1539 11-152)
889 1496 1005 1538 ibique
1030 1499 1200 1537 comparet
1224 1498 1278 1529 cni
1309 1497 1438 1542 placet,
1477 1498 1614 1540 Kepleri
1643 1502 1827 1533 versionem
1858 1509 1935 1534 emn

129 1545 342 1577 Wallisiana.

246 1616 306 1655 32)
331 1625 404 1657 pag.
431 1616 509 1648 417
557 1613 766 1646 Fluddius
795 1615 830 1646 in
859 1613 1042 1652 „Discursu
1064 1614 1262 1654 Analytico‘·
1297 1613 1367 1657 (cir.
1401 1624 1475 1656 pag.
1503 1615 1574 1659 17)
1584 1618 1730 1661 quaerit:
1762 1621 1819 1652 cur·
1843 1627 1934 1658 pom.

130 1659 322 1704 parationes
356 1672 435 1694 suas
468 1662 624 1703 physicas
665 1670 723 1692 seu
755 1659 922 1691 naturales
959 1661 1187 1692 artificialibus
1212 1663 1330 1693 referre
1360 1666 1417 1694 aut
1439 1664 1600 1695 musicam
1624 1674 1716 1696 suam
1751 1665 1934 1699 naturalem

131 1721 205 1743 cum
229 1720 311 1749 mea,
339 1719 437 1750 quam
460 1710 534 1750 ipse
558 1708 708 1747 agnoscit
727 1708 948 1749 artificialem,
975 1716 1161 1747 comparare
1186 1709 1384 1749 aggreditur,
1411 1719 1484 1740 cum
1509 1711 1601 1751 nulla
1625 1712 1696 1742 fleri
1720 1711 1824 1743 soleat
1847 1715 1935 1744 recta

130 1760 236 1790 inter
244 1760 399 1789 concreta
423 1759 455 1787 et
479 1757 645 1787 abstracta
668 1755 811 1786 relatio?
858 1754 910 1785 De
933 1755 1126 1786 auctoribus
1150 1756 1250 1786 etiam
1277 1765 1312 1787 se
1337 1754 1423 1787 nihil
1443 1757 1504 1788 vel
1529 1760 1615 1789 certe
1637 1767 1811 1799 perpauca
1822 1759 1936 1798 egisse

130 1807 252 1847 narrat,
279 1814 318 1835 ac
342 1804 375 1835 si
399 1803 485 1834 illud
510 1803 542 1833 in
569 1811 621 1841 me
646 1804 731 1833 esset
756 1802 975 1841 superfluum,
1001 1804 1033 1832 et
1049 1804 1159 1832 tamen
1182 1802 1217 1832 in
1234 1803 1366 1843 scriptis
1392 1805 1463 1843 eJus
1485 1803 1683 1856 invenimus,
1707 1806 1818 1845 ipsum
1833 1806 1934 1847 plura

131 1852 171 1883 de
189 1852 337 1883 musices
362 1851 555 1881 auctoribus
579 1857 780 1889 proponere,
812 1857 911 1890 quam
938 1857 996 1887 ego
1021 1847 1086 1879 feci
1110 1851 1172 1881 etc.

247 1920 303 1958 33)
328 1928 403 1958 pag.
429 1919 507 1952 417.
532 1917 770 1949 Fluddius
798 1916 1071 1971 „Replicatiouffl
1099 1926 1161 1948 sua
1186 1915 1272 1954 (vide
1297 1927 1320 1948 s.
1346 1926 1423 1958 pag.
1446 1919 1501 1956 18)
1534 1918 1582 1950 616
1605 1919 1792 1959 respo:ndit
1822 1903 1934 1952 Musi-

75 1980 78 1992 2
131 1976 204 1998 cam
237 1964 422 1997 naturalem
447 1966 490 1996 ab
513 1962 680 1996 artificiali
703 1963 794 1995 haud
817 1964 943 2010 inJ'uria
967 1963 1153 2005 distinguo,
1179 1964 1330 2004 quamvis
1355 1967 1495 2008 utraque
1522 1974 1563 1997 ex
1574 1965 1800 2010 fundamentis
1815 1966 1934 1999 iisdem

132 2014 176 2044 sit
200 2013 373 2053 preducta.
421 2011 497 2042 Non
523 2011 610 2042 enim
636 2009 770 2041 domum
796 2013 853 2041 aut
876 2019 936 2041 vas
961 2008 1063 2041 fictile
1088 2014 1145 2040 aut
1168 2011 1290 2041 vitrum
1318 2020 1369 2041 res
1397 2011 1473 2042 ideo
1498 2012 1664 2043 naturales
1693 2007 1933 2054 nuncupamus,

74 2057 77 2061 ’
135 2061 297 2101 quoniam
323 2068 363 2090 ex
388 2059 462 2089 basi
489 2058 605 2089 eadem
629 2056 777 2088 naturali
802 2066 914 2088 omnes
940 2057 1142 2098 derivantur,
1167 2054 1336 2096 lapidibus
1350 2067 1414 2097 sc.‚
1438 2058 1542 2100 ligno,
1565 2059 1648 2100 luto,
1674 2059 1796 2103 herbis,
1822 2069 1932 2102 arena,
1981 2093 1989 2097 ,

75 2120 79 2123 ·
136 2107 195 2138 sed
219 2104 410 2137 artificiales
435 2106 566 2146 potius,
594 2107 755 2144 quatenus
780 2107 920 2134 naturae
946 2082 1177 2144 fundament'a,
1203 2113 1249 2136 sc.
1276 2104 1477 2136 elementata
1500 2106 1582 2136 artis
1605 2104 1769 2140 industria
1793 2108 1932 2147 permis-

133 2156 256 2190 centur
283 2156 526 2193 componuntur
550 2154 649 2191 atque
675 2150 719 2181 ad
743 2151 877 2182 artificis
902 2149 1064 2190 placitum
1090 2151 1315 2182 efformantur.
1363 2151 1412 2182 Ex
1431 2151 1484 2185 his
1509 2150 1662 2192 colligere
1684 2151 1791 2194 liceat
1800 2151 1932 2195 lectori,

133 2200 162 2231 si
186 2201 221 2231 in
232 2198 439 2240 huiusmodi
463 2198 645 2229 assertione
670 2198 734 2228 sim
757 2197 856 2228 homo
882 2195 1029 2228 difficilis
1053 2197 1178 2227 necne?
1508 2215 1510 2221 ·

215 2266 219 2269 ·
252 2254 309 2300 34)
334 2266 408 2297 pag.
435 2256 512 2287 418.
565 2255 617 2285 Ad
641 2255 724 2286 haec
747 2253 956 2286 Fluddius
981 2253 1029 2294 (in
1053 2253 1311 2295 Replicatione-l:
1343 2254 1394 2286 De
1419 2245 1601 2288 multifaria
1623 2236 1781 2297 temporis
1799 2229 1856 2291 tui
1867 2229 1934 2290 di-

133 2305 264 2336 visione
290 2307 351 2336 etc.
379 2304 442 2334 hoc
466 2304 500 2333 in
526 2303 600 2333 loco
626 2302 809 2341 disceptare
834 2310 901 2332 non
925 2301 1074 2344 intendo,
1098 2310 1140 2331 ue
1164 2301 1304 2332 nimium
1329 2299 1446 2333 lectori
1469 2303 1617 2334 taedium
1640 2304 1787 2336 afferrem
1809 2307 1867 2336 aut
1890 2304 1933 2335 ad

133 2350 329 2382 ulteriorem
352 2353 387 2381 te
411 2349 619 2380 iracundiam
642 2347 816 2380 incitando
846 2347 910 2378 tibi
935 2346 1120 2388 studiisque
1144 2347 1211 2379 tuis
1235 2348 1338 2378 forem
1363 2347 1532 2381 molestus.
1580 2349 1635 2382 An
1658 2351 1766 2391 possit
1797 2351 1832 2383 in
1856 2352 1933 2384 har-

73 2409 76 2411 *
135 2398 258 2428 moniis
278 2396 496 2437 planetarum
522 2395 725 2427 considerari
750 2397 880 2434 tempus
906 2394 1109 2436 durationis,
1143 2397 1180 2424 ut
1203 2394 1239 2424 in
1264 2397 1365 2426 cantu
1387 2395 1550 2438 humano,
1583 2400 1622 2428 tu
1645 2405 1744 2436 negas
1768 2399 1800 2429 et
1823 2400 1933 2430 tamen

74 2458 76 2461 ·
133 2448 299 2483 tempore,
333 2453 376 2475 sc.
405 2443 577 2474 duratione
601 2445 710 2473 motus
741 2442 781 2472 ab
807 2441 950 2472 invicem
983 2440 1246 2481 distinguuntur,
1279 2449 1357 2481 nec,
1387 2444 1425 2472 ut
1456 2443 1537 2473 mihi
1573 2442 1719 2486 videtur,
1751 2437 1932 2483 seeundum

132 2499 236 2521 unum
268 2491 375 2521 solum
409 2490 567 2530 temporis
599 2492 782 2528 respectum
815 2497 850 2519 se
881 2488 1015 2520 habent.
1064 2487 1130 2519 Sed
1161 2486 1239 2518 nolo
1271 2486 1351 2519 haec
1379 2489 1540 2520 curiosius
1571 2490 1754 2530 inquirere,
1786 2490 1864 2534 quia
1887 2485 1930 2522 ad

134 2536 351 2567 Harmoniam
374 2530 468 2567 tu‘am
491 2536 661 2576 pertinent
685 2534 781 2570 haec
809 2533 963 2566 adversus
989 2543 1087 2574 quam
1111 2533 1189 2564 nolo
1216 2534 1394 2574 quicquam
1427 2535 1554 2567 adversi
1577 2536 1716 2576 posthac
1739 2532 1931 2578 producere,

131 2593 174 2614 ne
197 2583 239 2614 ad
263 2592 383 2614 novam
406 2584 489 2614 iram
513 2586 546 2613 te
571 2582 783 2620 exagitarern.

253 2649 310 2690 35)
334 2660 401 2691 pag
418 2652 496 2682 418.
535 2650 748 2682 Fluddins
773 2649 820 2687 (in
834 2646 1024 2690 Discurqu:
1048 2648 1163 2679 Nonne
1179 2649 1342 2688 Keplerus
1368 2653 1463 2681 tonos
1487 2660 1601 2689 graves
1626 2653 1660 2681 in
1685 2651 1771 2682 libro
1787 2651 1814 2683 1.
1839 2653 1872 2682 et
1887 2651 1929 2683 V.

113 2693 294 2730 'Saturno
303 2698 481 2728 attribuit?
530 2697 626 2728 Unde
651 2697 787 2735 figuram
813 2697 972 2738 cubicam,
998 2696 1095 2735 quasi
1122 2697 1268 2726 omnium
1290 2697 1534 2751 gravissimam,
1562 2698 1592 2728 ei
1613 2698 1803 2736 assignavit,
1828 2700 1927 2728 tetra-

134 2745 235 2776 adron
258 2746 344 2776 inter
368 2744 486 2775 Jovem
518 2747 551 2775 et
574 2743 713 2774 Martem
744 2743 859 2783 posuit
883 2746 963 2781 eto„
997 2742 1162 2780 argue-ndo
1187 2741 1342 2773 videlicet
1363 2752 1429 2783 961·
1453 2743 1559 2774 varias
1591 2744 1724 2775 illorum
1757 2738 1928 2784 corporum

134 2793 404 2830 geometricorum
427 2791 660 2832 proportiones
685 2789 972 2820 consonantiarum
995 2789 1254 2828 planetariarum
1279 2789 1491 2822 differentias.

251 2861 313 2899 36)
337 2869 413 2901 pag.
441 2861 520 2892 419.
569 2859 777 2891 Fluddius
802 2855 909 2899 (ibid.)
933 2858 1120 2897 praemissis
1145 2859 1244 2890 variis
1268 2859 1390 2898 partim
1414 2846 1499 2890 veris
1523 2859 1644 2899 partim
1668 2857 1762 2890 falsis
1787 2857 1827 2891 de
1850 2857 1927 2897 916-

138 2909 287 2937 netarum
312 2907 469 2948 motibus,
496 2906 607 2937 addit:
633 2906 716 2947 quid
739 2905 840 2944 igitur
863 2905 898 2934 in
925 2913 1021 2935 causa
1046 2910 1110 2946 est,
1138 2905 1224 2945 quod
1249 2908 1362 2936 auctor
1391 2906 1446 2936 hic
1467 2908 1580 2936 noster
1604 2914 1684 2945 prae
1700 2905 1800 2935 nimia
1822 2904 1925 2934 inter-

140 2951 302 2984 vallorum
327 2954 555 2993 inquisitione,
581 2954 633 2984 sui
657 2953 762 2992 ipsius
787 2951 922 2992 oblitus,
948 2959 1067 2981 arcana
1085 2955 1266 2991 temporum
1283 2951 1363 2982 adeo
1380 2952 1572 2994 neglexerit,
1598 2955 1634 2982 ut
1652 2959 1718 2982 non
1733 2949 1830 2980 modo
1847 2949 1928 2980 solis

139 2999 375 3031 semibrevibus
400 3000 434 3030 in
462 3009 520 3031 sua
552 3000 602 3031 uti
627 2999 808 3030 Harmonia
838 2999 1010 3028 contentus
1036 2998 1100 3028 sit?
1147 2998 1300 3029 Fortasse
1333 3001 1467 3038 propter
1498 2998 1717 3029 multifariam>
1736 2999 1926 3035 temporum

143 3044 326 3086 triplicium
357 3046 614 3078 differentiarum
638 3045 860 3085 ignorantiam
884 3042 976 3087 (cum
1000 3044 1036 3075 in
1059 3044 1118 3075 illa
1142 3044 1274 3084 quidem
1298 3053 1505 3076 numerorum
1535 3041 1764 3084 temporalium
1788 3051 1926 3082 propor-
