1994 3276
79 69 81 71 *
130 95 212 134 418
596 103 599 105 ·
751 91 972 138 Appendicis
993 88 1294 132 Harmonicorum

130 222 246 261 quam
276 213 429 261 tempus
459 210 657 253 nominare
687 209 878 260 solemus,
908 215 1024 255 miror
1054 225 1126 263 ego
1160 214 1350 260 vicissim,
1381 213 1513 255 mirari-
1540 215 1608 260 te„
1630 212 1924 261 &bormfcun

129 266 225 307 nihil
256 267 466 306 admodum
507 267 553 306 de
583 269 832 318 temporibus
858 274 1144 322 perscripserim
1182 274 1219 308 in
1261 282 1376 322 opere
1415 270 1664 310 Harmonico.
1727 269 1854 319 Quae<
1877 277 1922 308 tu

129 328 250 366 verba
280 338 326 366 eo
358 328 634 376 interpretaris,
666 332 882 377 temporum
912 330 1200 380 inquisitionem
1231 341 1256 368 a
1285 341 1346 367 me
1378 328 1557 369 frivolam
1587 329 1803 371 aestimarit

245 386 305 423 An
337 396 415 423 non
446 387 570 433 enim,
604 397 748 434 quaeso
781 391 839 434 te,
871 398 968 427 cum*
990 390 1124 438 capite,
1155 390 1217 427 13.
1251 394 1417 426 cantum:
1438 386 1652 435 definirem,
1691 386 1922 438 particulam

129 443 342 490 definitioni
373 445 527 491 inserui,
561 455 662 492 quae
692 446 1257 515 temporumcomplecteretur
1277 445 1510 485 mensuras?
1571 446 1633 485 An
1652 449 1783 496 potest
1801 444 1945 495 quid--

130 514 247 553 quam
278 503 474 540 aestimari
503 502 720 552 frivolum,
753 502 876 552 quod,
910 506 986 554 qui
1006 505 1081 544 hoc
1111 506 1315 543 aestimare
1347 504 1521 552 dicitur,
1544 505 1584 542 in
1614 503 1838 542 definitione
1867 505 1923 542 rei

122 560 268 612 ponit?
330 560 391 598 An
422 571 499 598 non
533 561 703 599 vicissim
734 563 785 599 in
804 562 1062 611 explicatione
1094 563 1198 615 illius
1230 563 1443 612 particulae
1473 562 1543 603 fol.
1565 563 1670 601 1578-..
1691 561 1924 628 paragraphi
1971 584 1975 588 -

131 620 179 658 de
210 620 400 657 mensuris
430 623 562 668 aperte
593 620 688 657 satis
718 631 872 661 causam
910 623 1113 660 brevitatis
1144 621 1352 659 lectoribus
1393 620 1581 668 indicavi,
1619 633 1719 660 non
1739 631 1820 659 osse
1847 620 1925 658 aoi-

123 676 217 716 'licet
246 678 420 715 instituti
449 678 527 715 mei
556 679 602 716 in
631 677 702 717 hoc
731 690 848 726 opere
892 679 939 718 de
969 681 1168 718 mensuris
1198 678 1434 728 disputare?
1495 677 1597 727 Quid
1637 680 1806 725 miraris,
1845 688 1924 716 non
1970 686 1974 690 ’

128 736 241 787 plura
277 747 301 773 a
332 747 392 773 me
424 734 653 785 disputata?
714 735 882 774 Causam
921 740 1072 787 accipe:
1113 749 1189 775 non
1233 738 1304 775 suit
1342 738 1518 776 instituti,
1548 738 1647 789 ιιιθίς
1687 747 1925 786 quamquam

133 796 250 834 etiam
280 794 380 832 libro
412 793 482 831 IV.
514 792 582 832 fol.
615 794 710 834 228.
743 794 877 833 addidi
907 797 1096 846 paucula,
1130 797 1371 844 quae-circa,r
1393 806 1596 836 mensuras
1625 795 1743 834 habet
1772 795 1950 845 poetice·

130 864 217 891 cum
246 852 436 891 artificiali
466 853 614 890 musica
646 855 877 901 communia,
909 856 1003 903 quia
1034 855 1085 893 ibi
1117 853 1191 891 loci
1222 854 1295 892 fuit
1325 855 1490 892 instituti
1520 855 1596 894 mei
1627 853 1820 903 explicare
1851 864 1925 891 va-

129 912 307 950 rietatem
338 911 623 960 subjectorum,
656 911 695 947 in
725 911 867 960 quibus
900 918 1028 952 essent
1058 913 1296 951 harmoniae.
1680 934 1685 940 ·

201 994 206 1000 -
246 968 356 1017 Quae
388 969 501 1008 affers
532 974 774 1019 argumenta,
806 975 848 1008 ut
877 971 1031 1020 probes,
1055 970 1339 1020 *disputandum
1362 981 1448 1008 esse
1478 969 1526 1008 de
1546 974 1718 1021 tempore
1743 968 1925 1008 scribenti

99 1033 102 1037 '
130 1027 178 1066 de
208 1027 420 1072 harmoniis
449 1027 715 1077 planetarum,
748 1038 794 1066 ea
827 1027 1018 1071 ducuntur
1049 1041 1073 1067 a
1101 1033 1279 1079 respectu
1311 1029 1494 1078 temporis
1523 1030 1663 1078 priori,
1690 1027 1748 1066 de*
1773 1038 1850 1077 quo
1882 1028 1920 1063 in

129 1087 323 1136 praesenti
355 1086 659 1138 comparationis
684 1086 875 1135 particula
904 1084 1034 1127 nullus
1065 1087 1178 1126 nobis
1209 1092 1267 1126 est
1297 1098 1435 1126 sermo.
1499 1084 1792 1126 Gravessoms
1814 1096 1923 1124 com-

130 1155 225 1194 paro
258 1155 350 1182 sane
382 1143 552 1182 motibus
584 1143 752 1190 Saturni,
785 1150 826 1183 ut
858 1144 1040 1194 planetae
1070 1145 1302 1196 tardissimi,.
1325 1145 1399 1183 hoc
1421 1150 1479 1185 est
1508 1146 1576 1194 qui
1605 1144 1723 1194 longo
1750 1150 1925 1194 tempore

129 1214 268 1253 parum
298 1203 445 1241 itineris
477 1201 641 1240 conficit.
704 1202 757 1240 At
787 1203 972 1252 quamdiu
1004 1203 1194 1242 Saturnus
1225 1204 1401 1242 obtineat
1431 1203 1590 1244 eandem
1622 1204 1707 1242 soni
1748 1203 1924 1252 gravita-

129 1266 220 1309 tem,
252 1260 414 1307 eandem
444 1261 603 1310 inquam
634 1265 673 1298 et
702 1262 931 1301 uniformem
961 1267 1089 1301 motus
1119 1263 1178 1299 sui
1209 1261 1441 1310 tarditatem,
1473 1262 1547 1300 hoc
1576 1259 1926 1300 nihilfflattinetad

129 1319 369 1358 harmoniam
400 1318 620 1365 coelestem,
651 1323 695 1356 ut
725 1320 762 1356 in
795 1331 874 1368 qua
903 1322 1028 1373 omnis
1057 1319 1201 1370 gradus
1233 1319 1444 1368 tarditatis,
1471 1321 1503 1358 si
1514 1320 1813 1359 :accuratissime
1835 1319 1927 1367 agi-

130 1389 229 1426 mus,
262 1382 321 1416 est
351 1382 658 1424 momentaneus,
690 1375 868 1427 adeoque
898 1390 969 1416 nec
998 1378 1184 1429 possibile
1215 1383 1274 1416 est
1303 1378 1462 1426 homiui,
1491 1389 1703 1428 procurare,
1720 1376 1922 1417 durantem

130 1436 180 1486 ad
210 1435 378 1485 ¹aliquod
419 1440 571 1485 tempus
613 1440 789 1477 motuum
827 1436 982 1474 Saturni
1025 1435 1366 1486 aequabilitatem,
1414 1447 1487 1475 nec
1523 1434 1790 1487 ἐπδεχομενον,
1834 1440 1925 1484 post

129 1496 379 1534 constitutam
410 1493 529 1531 semel
559 1495 882 1542 permutationem
914 1496 1137 1533 continuam
1166 1494 1361 1533 intervalli
1400 1496 1506 1532 inter.
1527 1494 1724 1544 planetam
1764 1497 1803 1531 et
1832 1491 1924 1533 fou-

129 1558 208 1594 tem
239 1552 323 1602 ejus
355 1557 494 1599 motus,
527 1563 644 1600 quam
676 1551 870 1591 intervalli
902 1554 1159 1591 mutationem
1187 1554 1423 1591 necessario
1437 1554 1625 1602 sequitur
1649 1552 1845 1590 continua
1861 1552 1925 1588 iu-

129 1612 254 1650 tensio
286 1615 324 1648 et
353 1611 528 1649 remissio
560 1615 746 1657 motuum,
777 1616 1048 1660 praeterquam
1078 1613 1122 1649 in
1131 1610 1353 1660 apsidibus.
1411 1611 1506 1649 Nom
1515 1610 1640 1649 hahet
1657 1611 1776 1660 igitur
1795 1609 1925 1661 locum

129 1680 309 1708 mensura
339 1670 522 1718 temporis
554 1669 590 1704 in
623 1669 794 1706 motibus
826 1669 1060 1708 coelestibus
1091 1669 1314 1708 harmonice
1314 1656 1643 1724 contemperatis,
1674 1657 1921 1718 inquantum

65 1736 67 1739 ⁴
129 1727 351 1767 harmonice
383 1732 472 1764 sunt
504 1729 804 1776 contemperati3
837 1727 956 1767 habet
987 1739 1079 1766 vero
1111 1728 1257 1765 locum
1271 1711 1335 1768 ub‘i
1367 1729 1562 1776 procurari
1575 1731 1724 1787 potest
1756 1728 1798 1764 in
1825 1725 1922 1763 har-

130 1787 262 1825 monia
290 1785 437 1823 scilicet
467 1784 662 1823 humanae
695 1787 814 1831 vociS,
847 1791 890 1825 ut
920 1798 1021 1835 quae
1053 1786 1177 1824 omnis
1209 1785 1543 1835 inaequabilitate
1574 1796 1757 1823 sonorum
1785 1795 1924 1822 versa-

130 1849 212 1892 tur,
245 1848 288 1882 ut
318 1844 510 1894 explicavi
540 1843 639 1880 libro
670 1842 739 1881 IV.
773 1843 838 1881 fol.
872 1845 967 1883 228.
1028 1844 1110 1883 Nec
1140 1845 1240 1882 enim
1273 1845 1418 1891 omnis,
1461 1843 1754 1883 sedvhumanae
1783 1841 1922 1881 saltem

130 1903 241 1941 vocis
270 1902 419 1941 musica
448 1912 587 1939 manca
618 1906 656 1939 et
686 1894 868 1940 deficiens
900 1907 980 1949 est,
1012 1903 1095 1940 sine
1125 1913 1305 1940 mensura
1334 1903 1529 1951 temporis.
1591 1901 1761 1948 Et:hoc,
1794 1911 1923 1949 quan-

131 1966 213 1998 tum
244 1962 382 1998 attinet
412 1959 462 1997 ad
493 1959 685 1997 humanae
718 1961 827 1998 vocis
857 1962 1056 2007 musicam,
1090 1960 1241 1998 suffecit
1271 1959 1365 1998 mihi
1396 1960 1580 1998 brevibus
1600 1959 1798 1998 monuisse
1820 1957 1922 1996 dicto

133 2018 200 2058 fol.
237 2019 329 2066 178,
360 2016 592 2068 properandi
623 2018 767 2066 quippe
797 2017 847 2055 ad
878 2018 1068 2056 coelestes
1099 2023 1138 2055 et
1158 2019 1436 2056 astronomicas
1457 2014 1688 2064 harmonias,
1721 2017 1759 2053 in
1782 2016 1924 2066 quibus

131 2076 262 2116 locum
290 2088 369 2114 non
399 2075 520 2114 habet
550 2074 702 2113 duratio
735 2077 968 2130 temporaria
998 2076 1198 2116 uniformis
1229 2075 1447 2122 celeritatis,
1479 2074 1628 2114 scilicet
1653 2075 1750 2124 quia
1779 2084 1920 2124 scopus

132 2135 252 2175 totius
282 2136 358 2173 mei
390 2135 516 2184 operis
546 2144 623 2171 non
654 2134 693 2170 in
725 2132 792 2171 illa
823 2127 1015 2181 humana,
1059 2133 1128 2172 sed
1165 2135 1204 2170 in
1235 2133 1308 2172 hac
1339 2132 1515 2172 coelesti
1535 2133 1740 2176 harmonia
1776 2131 1923 2171 defixus

132 2193 223 2231 fuit.
256 2197 298 2231 ut
329 2190 430 2230 clare
460 2191 658 2242 professus
686 2202 772 2229 sum
803 2191 867 2229 fol.
907 2192 986 2229 195
1017 2191 1105 2229 libri
1138 2185 1277 2242 111.³⁴)

248 2251 408 2289 Interim
439 2249 547 2287 velut
576 2255 684 2287 extra
715 2250 818 2286 viam
849 2248 1080 2288 monendum
1112 2254 1149 2287 te
1180 2249 1284 2297 duxi,
1315 2248 1417 2287 male
1447 2260 1509 2287 me
1540 2253 1623 2288 ate
1654 2250 1755 2288 circa
1740 2223 1924 2286 cubum

135 2321 220 2348 esse
258 2313 503 2359 perceptum,
545 2312 588 2345 ut
627 2318 741 2356 quam
782 2318 854 2356 ego
894 2307 1054 2357 figuram
1098 2318 1224 2355 neque
1264 2306 1434 2357 pondere
1475 2319 1618 2357 neque
1631 2318 1741 2347 sono
1764 2317 1929 2355 gaavem

135 2368 273 2416 statui,
304 2378 376 2405 nec
406 2367 595 2417 supremis
626 2365 793 2415 planetis
824 2366 874 2404 ob
906 2377 1039 2404 eorum
1069 2370 1196 2403 motus
1227 2365 1467 2410 tarditatem,
1503 2364 1570 2404 sed
1602 2363 1653 2404 ad
1681 2365 1929 2403 constitum--

136 2425 228 2464 dum
258 2436 390 2464 eorum
420 2423 667 2462 intervallum
697 2423 858 2473 figurale
889 2424 1111 2474 interposui.
1125 2420 1182 2475 ³⁵)

250 2483 397 2522 Eadem
427 2483 556 2521 cautio
588 2481 681 2519 mihi
711 2483 853 2532 pagina
882 2486 950 2520 tua
986 2484 1023 2521 7.
1055 2483 1155 2519 circa
1186 2482 1314 2519 varios
1344 2480 1524 2530 planetae
1560 2483 1673 2520 unius
1704 2485 1832 2519 motus
1861 2484 1922 2518 est

135 2541 369 2582 adhibenda.
428 2540 533 2578 Nihil
565 2541 666 2578 enim
696 2539 840 2578 sacient
868 2539 1016 2589 periodi
1049 2539 1096 2577 ad
1129 2538 1490 2587 demonstrandum,
1531 2541 1799 2589 proportiones
1827 2536 1919 2583 har-

134 2600 307 2638 monicas
339 2601 376 2636 in
407 2598 576 2636 motibus
609 2597 1069 2648 inveniri-planetarum3
1111 2596 1314 2645 diligenter
1344 2597 1416 2636 hoc
1447 2598 1532 2636 cavi
1564 2597 1650 2635 Lib.
1683 2597 1730 2635 V.
1761 2594 1845 2645 cap.
1878 2596 1916 2634 4.

136 2657 203 2698 fol.
226 2658 321 2695 283.
354 2658 392 2694 in
424 2655 563 2694 medio.
624 2654 702 2693 Sed
732 2655 948 2693 uec-medii
980 2654 1103 2691 diurni
1134 2659 1262 2692 motus
1287 2654 1530 2703 planetarum
1559 2654 1687 2693 idonei
1709 2658 1798 2693 sunt
1827 2653 1920 2691 har·-

135 2718 348 2754 moniarum
382 2714 552 2761 termini,
584 2717 626 2751 ut
658 2714 723 2762 qui
754 2713 834 2751 veri
866 2724 942 2750 non
974 2716 1083 2759 sunt,
1117 2712 1184 2750 sed
1215 2712 1341 2750 solum
1372 2714 1609 2762 imaginarii3
1650 2724 1722 2760 ego
1754 2723 1846 2750 vero
1878 2712 1918 2747 in

136 2775 306 2822 ipsorum
342 2772 582 2822 planetarum
621 2770 791 2809 realibus
830 2771 1019 2817 motibus,
1061 2775 1103 2807 ut
1143 2770 1298 2820 quidem
1340 2782 1384 2809 ex
1418 2776 1546 2810 centro
1578 2770 1679 2809 Solis
1717 2772 1914 2819 apparent,

135 2830 354 2870 harmonias
392 2841 549 2879 quaero.
609 2829 670 2869 Ita
708 2834 834 2867 motus
873 2829 1029 2875 augium
1070 2833 1196 2866 motus
1236 2839 1313 2866 non
1346 2835 1404 2867 est
1444 2829 1648 2880 physicae,
1687 2827 1759 2866 sed
1787 2827 1916 2876 potius
1977 2854 1979 2857 .

138 2887 349 2927 differentia
378 2889 539 2926 realium
570 2892 742 2935 motuum
780 2890 818 2924 et
847 2884 988 2924 mobile
1021 2886 1294 2934 intentionale3
1335 2886 1420 2926 sola
1450 2887 1565 2925 stella
1602 2897 1736 2924 verum
1772 2882 1916 2922 mobile

138 2951 207 2992 est,
239 2951 277 2984 et
306 2951 414 2983 motu
445 2945 600 2996 quidem
631 2956 708 2983 non
738 2955 827 2992 uno,
859 2942 927 2981 sed
958 2942 1142 2992 pluribus.
1173 2955 1246 2998 pro
1274 2943 1498 2983 diversitate
1529 2945 1668 2991 centri,
1699 2943 1794 2988 axis,
1826 2952 1915 2980 cor-

138 3004 241 3053 poris
285 3003 433 3042 stellae.
494 3001 659 3041 Omnino
701 3002 910 3041 consultius
948 3000 1063 3039 saciet
1100 3001 1243 3046 lector,
1283 3004 1316 3039 si
1346 3004 1474 3040 missis
1515 3003 1590 3049 eis,
1629 3011 1728 3050 quae
1759 2999 1823 3038 hic
1865 2998 1912 3037 de
1946 3043 1952 3047 p

140 3061 253 3101 rebus
285 3061 550 3099 astronomicis
581 3060 705 3110 deque
735 3058 902 3110 periodis
931 3058 1172 3108 planetarum
1205 3063 1285 3097 tute
1316 3060 1470 3108 scribis,
1508 3061 1611 3109 ipsos
1642 3057 1757 3097 adeat
1785 3060 1914 3096 astro-
