1994 3276
148 69 232 108 386
827 66 1026 104 Ptolemaei
1047 67 1253 105 Harmonia.

148 196 299 223 summa
340 184 551 224 mediarum
592 190 631 225 et
666 186 799 225 infima
837 186 1133 238 disjunctarum,
1178 188 1437 238 positionibus
1477 185 1853 239 quadr-angularibus
1891 199 1940 226 ex

147 248 311 293 utroque
342 245 598 294 oppositionis
640 244 761 284 latere
776 241 852 298 1V),
896 251 939 284 ut
982 251 1072 284 sunt
1109 248 1148 284 in
1164 239 1290 284 'Luna
1321 247 1492 286 bisectae
1533 248 1694 298 species,
1733 249 1772 285 et
1813 244 1936 284 altera

148 300 304 351 quidem
334 301 595 352 configuratio
620 303 670 341 ab
702 308 787 341 ortu
818 303 1006 355 cujusque
1027 303 1174 353 sideris,
1207 310 1245 343 et
1275 306 1313 341 in
1348 304 1459 343 Luna
1488 307 1612 356 prima
1639 304 1801 354 quadra,
1832 314 1940 342 com-

146 365 304 410 paretur
334 359 579 399 tetrachordo
610 373 867 400 summarum:
909 364 1002 412 quia
1033 374 1183 401 rursum
1204 360 1244 415 V)
1281 374 1483 402 commune
1524 367 1584 403 est
1623 364 1802 413 utrinque
1831 362 1940 412 prin-

147 419 302 468 cipium,
336 418 415 457 illic
445 419 484 456 in
516 423 613 468 ortu,
643 419 706 458 hic
736 421 774 457 in
807 422 1048 470 gravissimis
1077 422 1205 469 sonis3
1237 426 1277 459 at
1308 433 1409 470 quae
1440 421 1530 460 huic
1559 419 1732 460 succedit
1762 419 1939 470 configu-

146 477 244 514 ratio
275 474 331 529 (in
362 476 474 515 Luna
503 478 607 528 prior
635 478 754 527 gibba
785 477 941 530 facies),
973 480 1246 529 aequiparetur
1276 479 1522 518 tetrachordo
1551 479 1777 519 mediarum.
1836 477 1940 516 Rur-

146 546 231 573 sum
263 540 393 573 autem
425 535 678 585 configuratio
710 537 797 585 illa,
830 549 930 587 quae
961 537 1022 576 vel
1056 538 1106 575 ab
1139 538 1319 588 opposita
1351 538 1614 589 apparitione,
1644 541 1687 576 ut
1717 539 1757 575 in
1787 535 1939 575 Venere

147 598 186 631 et
215 592 428 642 Mercurio,
467 593 529 632 vel
561 594 611 633 ab
643 599 814 634 extrema
843 601 957 634 nocte
1000 600 1177 635 censetur
1216 596 1275 647 (ut
1306 597 1344 632 in
1384 590 1507 635 tribus
1537 595 1697 649 reliquis
1728 607 1776 635 ex
1806 606 1939 633 erran-

146 649 291 704 tibus),
331 651 395 690 vel
426 664 450 690 a
482 651 710 692 decussione
741 653 867 701 dicta,
908 658 950 692 ut
979 655 1018 691 in
1049 653 1178 702 Luna,
1223 665 1361 705 nempe
1392 655 1584 704 posterior
1613 654 1699 704 ejus
1728 653 1848 704 gibba
1877 652 1939 691 fa-

80 704 81 708 ’
146 711 236 759 cies,
268 715 510 761 comparetur
540 711 785 750 tetrachordo
821 711 1118 761 disjunctarum,
1163 723 1262 762 quae
1294 711 1441 750 faciunt
1472 712 1522 752 ad
1559 713 1723 763 primam
1752 710 1939 762 quadram

147 772 264 818 atque
304 768 590 807 tetrachordum
634 782 824 808 summam
866 771 1150 820 oppositionem
1197 770 1461 810 diametralem
1492 776 1531 810 et
1562 771 1750 821 diapason
1796 770 1939 808 identi-

146 837 350 876 sonorum3
394 838 495 876 quae
537 838 628 866 vero
660 827 721 866 his
762 828 935 867 succedit
967 840 1089 878 usque
1127 828 1177 866 ad
1209 827 1507 868 occultationem
1538 834 1594 868 et⁴
1615 835 1702 880 post
1731 827 1939 867 secundam

146 884 347 934 quadram,
379 885 597 936 applicetur
627 886 871 925 tetrachordo
903 886 1185 934 excellentium,
1218 898 1318 937 quae
1349 899 1499 926 rursum
1528 887 1675 926 faciunt
1693 886 1744 925 ad
1774 887 1939 937 primam

145 943 306 993 gibbam
336 944 476 982 faciem
506 949 545 982 et
573 944 859 984 tetrachordum
880 945 1093 984 mediarum
1118 947 1403 995 oppositionem
1433 945 1697 985 diametralem
1727 949 1767 983 et
1796 944 1936 994 diapa-

145 1013 215 1040 son
245 1002 549 1041 identisonorum
573 999 650 1055 VI).
712 1003 761 1041 Et
790 1009 880 1041 sunt
911 1003 1068 1053 quidem
1106 1003 1311 1042 intervalla
1343 1004 1393 1042 ab
1425 1003 1751 1043 occultationibus
1781 1002 1832 1042 ad
1862 1014 1935 1052 ap-

145 1061 368 1110 paritiones,
401 1067 439 1099 et
468 1063 507 1099 in
537 1061 597 1109 iis,
630 1063 697 1110 qui
728 1066 921 1101 extremae
943 1063 1069 1100 noctis
1099 1067 1205 1100 ortus
1236 1062 1396 1114 habent,
1427 1061 1633 1106 intervalla
1663 1074 1688 1100 a
1706 1061 1938 1111 vespertinis

145 1118 295 1157 ortibus
338 1130 462 1169 usque
509 1118 558 1157 ad
601 1121 813 1158 matutinos
854 1121 1056 1159 occubitus
1076 1118 1148 1172 vn)
1187 1119 1391 1170 (quamdiu
1423 1132 1475 1159 sc.
1509 1125 1759 1160 accensentur
1787 1120 1834 1158 iis
1864 1119 1939 1157 hae

143 1175 433 1230 apparitiones),
465 1179 502 1215 in
534 1177 644 1216 Luna
676 1189 780 1226 vero,
813 1178 998 1228 quamdiu
1029 1178 1098 1217 illa
1126 1178 1243 1228 pleno
1273 1183 1436 1229 apparet
1466 1179 1559 1218 orbe
1579 1177 1689 1228 v¹¹1),
1723 1177 1846 1222 haec,
1875 1178 1939 1214 in-

144 1247 280 1285 quam,
325 1240 414 1274 sunt
445 1247 562 1286 quam
593 1237 766 1287 proxime
787 1234 852 1290 lx)
883 1238 1022 1276 unciae
1058 1237 1210 1285 circuli,
1252 1236 1577 1286 quemadmodum
1615 1242 1653 1276 et
1693 1236 1824 1275 tonica
1854 1234 1936 1273 dis-

138 1294 385 1344 junctionum
411 1294 633 1333 ‘intervalla
651 1292 703 1347 X).
765 1295 989 1334 Ceterorum
1030 1306 1121 1333 vero
1165 1295 1456 1334 intervallorum
1500 1299 1688 1346 quatuor,
1729 1305 1798 1345 per
1837 1305 1937 1343 quae

143 1351 256 1391 durat
285 1351 482 1402 quaelibet
512 1352 782 1403 configuratio,
826 1358 916 1392 sunt
948 1349 1031 1406 2¹s2
1063 1345 1180 1403 quam
1219 1355 1390 1404 proxime
1421 1356 1638 1404 signorum,
1682 1351 1939 1404 quemadmo-

144 1409 235 1449 dum
266 1412 382 1449 etiam
415 1411 616 1460 quodlibet
647 1423 694 1450 ex
725 1411 979 1450 tetrachordis
1011 1416 1070 1450 est
1103 1409 1185 1466 2¹s2
1218 1413 1390 1462 proxime
1421 1417 1599 1451 tonorum
1620 1409 1690 1464 XI).
1731 1411 1940 1451 Praeterea

143 1470 181 1506 in
212 1468 326 1508 Luna
363 1469 510 1520 figurae
556 1470 671 1508 binae
715 1471 883 1508 invicem
924 1470 1128 1520 oppositae
1173 1469 1287 1508 simul
1328 1475 1479 1509 sumtae
1509 1470 1672 1521 implent
1700 1468 1936 1508 soliditatem

143 1528 258 1566 unius
289 1529 462 1578 integrae
493 1529 762 1578 apparentiae,
811 1527 1135 1578 quemadmodum
1179 1533 1218 1567 et
1258 1529 1345 1566 soni
1375 1527 1564 1579 diapason
1596 1527 1786 1567 distantes
1817 1538 1935 1564 unum

144 1587 345 1636 quippiam
376 1586 547 1626 efficiunt
578 1591 732 1637 propter
763 1586 1056 1625 similitudinem
1085 1585 1358 1636 perceptionis.
1397 1585 1508 1636 Quae
1537 1587 1656 1637 igitur
1686 1585 1939 1625 communiter

141 1646 266 1696 aptari
295 1649 471 1695 possunt,
502 1644 591 1683 hinc
625 1644 849 1684 differentiis
870 1656 996 1684 rerum
1017 1644 1068 1683 ad
1088 1649 1241 1683 cantum
1272 1646 1554 1695 pertinentium,
1586 1645 1675 1684 inde
1706 1636 1939 1683 co'elestibus

141 1704 333 1752 motibus,
381 1715 427 1742 ex
472 1702 578 1742 hisce
608 1702 953 1742 assimilationibus
993 1704 1072 1742 fere
1101 1703 1266 1753 intelligi
1297 1702 1432 1752 datur3
1471 1707 1611 1752 restat,
1655 1707 1698 1741 ut
1740 1703 1856 1741 etiam
1887 1699 1938 1740 ad

141 1762 382 1812 singulorum
413 1761 762 1801 considerationem
793 1766 1035 1800 transeamus
1061 1759 1161 1815 XII),
1202 1761 1420 1811 probabilia
1464 1761 1675 1801 consectati
1704 1772 1773 1811 per
1802 1760 1938 1799 obser·
1988 1803 1990 1805 ,

141 1821 339 1859 vationem
370 1831 503 1859 eorum
533 1819 650 1872 (quae
680 1820 784 1859 facta
814 1825 915 1868 sunt,
947 1818 1032 1873 seu)
1062 1831 1162 1870 quae
1193 1819 1290 1858 fiunt
1314 1817 1417 1869 xm).

255 1893 353 1928 Nota
376 1892 403 1927 Ι.
450 1892 583 1927 Mirum
603 1892 641 1927 in
665 1892 722 1927 his
746 1891 944 1927 Ptolemaei
967 1892 1172 1938 ingenium,
1211 1892 1272 1937 qui
1306 1892 1415 1927 etiam
1448 1894 1606 1938 systema
1629 1890 1831 1936 perfectum
1855 1900 1938 1926 cum

141 1946 217 1982 suis
241 1946 337 1982 tonis
363 1944 588 1987 disjunctivis
614 1950 650 1980 et
675 1945 916 1981 tetrachordis
942 1946 1061 1991 potuit
1095 1944 1276 1990 applicare
1313 1943 1446 1980 circulo
1482 1943 1748 1988 apparitionum
1773 1953 1819 1978 ex
1844 1942 1937 1977 Solis
1979 1956 1983 1959 -

141 1998 262 2034 radiis.
311 1998 380 2033 Est
403 1997 526 2042 aliqua
551 1998 811 2042 convenientia,
837 1998 969 2042 fateor,
1010 1999 1073 2034 sed
1102 1996 1255 2033 ridicula
1289 2002 1325 2031 et
1350 1995 1568 2031 destructiva
1591 1995 1770 2040 legitimae
1795 2005 1937 2040 compa-

141 2051 300 2087 rationis.
328 2050 429 2087 Sicut
453 2051 546 2085 enim
572 2049 703 2085 accidit
728 2050 915 2095 systemati
937 2051 1112 2095 perfecto,
1138 2053 1179 2084 ut
1201 2047 1238 2083 id
1255 2047 1434 2084 dividatur
1457 2047 1494 2083 in
1517 2047 1750 2084 tetrachorda
1772 2052 1810 2084 et
1831 2052 1937 2083 tonos

142 2103 393 2149 disjunctivoS,
431 2104 489 2139 vel
515 2103 599 2147 quia
622 2103 775 2148 primum
798 2103 1077 2138 instrumentum
1101 2101 1276 2137 musicum
1300 2101 1322 2135 4
1347 2100 1501 2136 chordas
1525 2099 1671 2146 habuit,
1709 2111 1789 2136 cum
1812 2103 1938 2145 posset
1993 2114 1994 2122 ¹

141 2159 177 2204 5,
202 2153 259 2193 vel
284 2156 368 2202 quia
394 2156 620 2192 diatessaron
643 2166 665 2190 a
688 2153 896 2200 Pythagora
920 2166 986 2199 pro
1011 2155 1156 2190 minima
1181 2153 1496 2189 consonantiarum
1520 2152 1591 2187 fuit
1613 2152 1754 2197 habita,
1791 2163 1872 2188 cum
1896 2161 1936 2186 re

139 2223 224 2248 vera
246 2211 376 2247 tertiae
400 2211 472 2246 sint
497 2214 533 2244 et
568 2209 669 2254 ipsae
704 2208 963 2242 consonantiae
998 2207 1226 2250 minoresque
1263 2205 1335 2240 sint
1363 2205 1443 2250 ipsa
1467 2204 1712 2240 diatessaron:
1751 2203 1804 2240 sic
1828 2203 1935 2238 etiam

139 2264 383 2311 apparitiones
409 2261 741 2305 occultationesque
766 2259 924 2296 siderum
950 2261 1017 2295 sub
1044 2259 1137 2294 Solis
1174 2257 1295 2293 radios
1319 2267 1419 2292 mera
1443 2261 1527 2292 sunt
1551 2256 1751 2293 accidentia
1773 2259 1935 2292 motuum

139 2317 349 2354 coelestium
373 2315 481 2360 idque
506 2318 646 2349 tantum
670 2317 837 2358 respectu
862 2313 1057 2356 hominum,
1083 2310 1143 2355 qui
1168 2309 1213 2344 dc
1239 2308 1329 2345 coeli
1355 2309 1515 2345 essentia
1537 2320 1610 2345 non
1634 2313 1737 2353 sunt,
1760 2308 1831 2343 imo
1857 2311 1933 2343 tan·

139 2376 216 2407 tum
239 2372 408 2414 respectu
433 2367 691 2413 proportionis,
727 2376 819 2411 quae
855 2371 911 2401 est
946 2366 1041 2401 inter
1064 2365 1180 2399 visum
1216 2363 1414 2398 humanum
1439 2366 1476 2397 et
1498 2361 1592 2397 inter
1616 2360 1816 2397 claritatem
1840 2359 1933 2395 aeris
1990 2393 1993 2396 Α

138 2424 242 2460 nobis
267 2419 484 2458 circumfusi.
531 2420 623 2455 Nam
649 2418 679 2453 si
703 2418 812 2463 paulo
836 2417 1017 2463 limpidior
1041 2419 1138 2452 esset
1163 2419 1247 2460 aer,
1284 2413 1385 2450 nulla
1422 2414 1566 2450 omnino
1602 2413 1706 2449 fieret
1740 2411 1932 2448 occultatio

137 2475 295 2511 siderum
319 2474 388 2509 sub
413 2471 506 2507 Solis
531 2471 662 2515 radios,
687 2476 728 2505 ut
751 2470 929 2505 interdum
953 2470 1074 2505 videre
1099 2473 1154 2504 est
1177 2468 1213 2503 in
1237 2468 1342 2503 Luna
1366 2470 1402 2501 et
1417 2466 1570 2501 Venere.
1596 2464 1684 2500 Cum
1708 2464 1818 2510 igitur
1841 2464 1932 2499 haec
1983 2470 1989 2516 ‚⁴

137 2528 307 2573 utrinque
332 2524 581 2562 diversissimis
606 2523 651 2558 de
675 2523 793 2557 causis
817 2523 869 2557 ita
893 2522 1066 2566 accidant,
1092 2520 1207 2556 modis
1233 2520 1341 2554 etiam
1366 2517 1628 2562 diversissimis,
1653 2516 1804 2552 alterum
1827 2515 1931 2551 alteri

138 2590 255 2626 neque
280 2588 391 2615 causa
415 2577 483 2612 erit
506 2586 623 2621 neque
647 2574 796 2610 effectus
821 2585 938 2620 neque
964 2573 1162 2610 communis
1186 2572 1330 2616 utrique
1354 2572 1405 2606 rei
1430 2581 1552 2615 causa,
1577 2569 1796 2614 comparatio
1819 2568 1930 2613 igitur
1980 2616 1982 2618 v

137 2633 289 2669 fortuita
312 2635 378 2672 est,
402 2629 545 2665 minime
569 2638 653 2662 vero
679 2627 844 2664 causalis.
891 2627 939 2663 Ut
962 2629 1062 2662 tanto
1089 2625 1136 2661 sit
1159 2625 1227 2660 hoc
1252 2625 1396 2669 certius,
1422 2634 1467 2659 ex
1491 2623 1560 2658 hac
1584 2621 1817 2668 congruentia
1841 2619 1930 2657 nihil
1976 2639 1987 2670 ,1

138 2685 309 2721 accedere
334 2681 435 2718 coelo
459 2681 655 2727 dignitatis,
680 2686 718 2716 at
740 2680 884 2725 ingenio
909 2678 1106 2714 Ptolemaei
1130 2677 1325 2722 plurimum
1343 2674 1629 2719 existimationis,
1655 2671 1727 2719 qu'i,
1752 2684 1844 2719 quae
1867 2683 1928 2709 ne-

138 2737 307 2774 cessitate
332 2744 470 2770 snmma
493 2739 655 2769 motuum
681 2733 773 2769 Solis
800 2732 1095 2777 planetarumque
1119 2730 1213 2765 inter
1238 2741 1276 2766 se
1307 2728 1586 2774 compositorum
1611 2726 1777 2770 aerisque
1800 2724 1928 2760 illumi·
1973 2749 1987 2780 ,-

138 2790 212 2824 nati
238 2793 273 2824 et
297 2788 394 2824 visus
418 2786 566 2822 humani
590 2786 635 2821 ad
660 2785 756 2821 hunc
791 2783 959 2828 gradum,
997 2793 1102 2828 quem
1128 2782 1288 2827 obtinet,
1326 2782 1493 2827 perfecti,
1531 2782 1818 2824 consequuntur,
1853 2781 1928 2812 tam
1970 2796 1984 2831 {³

138 2847 221 2887 apte
246 2842 365 2887 potuit
390 2840 436 2876 ad
459 2839 770 2874 tetrachordorum
795 2837 894 2872 ideas
919 2836 1075 2869 humano
1100 2834 1248 2869 arbitrio
1278 2834 1519 2870 conformatas
1542 2832 1745 2877 applicare,
1777 2827 1927 2887 perinde
1967 2833 1989 2883 ζῇ

139 2904 181 2929 ac
205 2893 235 2928 si
258 2899 385 2929 natura
409 2903 548 2928 summa
572 2896 607 2927 et
629 2902 727 2926 mera
762 2890 927 2926 libertate
950 2897 1017 2923 usa
1052 2887 1150 2923 hunc
1185 2887 1431 2923 harmonicum
1466 2884 1700 2930 archetypum
1722 2882 1759 2917 in
1783 2889 1926 2930 appar-rs
1968 2885 1975 2936 ³„

137 2947 294 2982 tionibus
319 2946 389 2981 illis
414 2944 679 2981 conformandis
704 2940 929 2988 spectaverit.

251 3011 348 3045 Nota
371 3011 415 3045 II.
464 3010 661 3045 Residuum
685 3007 829 3044 residuo
854 3007 1049 3049 comparat,
1074 3008 1130 3040 est
1145 3005 1263 3049 igitur,
1288 3008 1328 3039 ut
1353 3013 1462 3048 supra
1480 3011 1624 3046 quoque
1648 2999 1792 3042 dictum,
1818 2995 1923 3033 affec·

135 3065 211 3098 tata
234 3063 464 3107 comparatio,
488 3067 525 3099 et
549 3063 691 3098 omnino
716 3060 777 3096 dat
795 3067 939 3104 operam
962 3056 1203 3102 Ptolemaeus,
1228 3061 1268 3093 ut
1285 3055 1384 3092 nulla
1406 3065 1492 3100 pars
1516 3054 1669 3090 musices
1684 3051 1750 3100 sit,
1774 3049 1833 3086 cui
1849 3059 1922 3086 non
1963 3099 1966 3109 ι
