1994 3276
475 132 478 134 ,
518 94 700 134 suniam
718 95 869 143 Rupta-i
890 94 938 133 dc
956 74 1208 133 mensurnu-
1224 92 1453 141 uqufflone
1620 75 1636 80 ’
1783 91 1872 139 ιιι

99 214 286 260 gressiom
308 202 346 251 in
368 215 559 252 mensuris.
606 214 657 250 Et
673 213 750 259 jam
773 213 918 260 quidem
941 213 1027 258 dixi,
1063 212 1250 261 pulchram
1282 211 1395 248 videri
1417 212 1687 258 proportionem
1720 210 1876 261 duplam,

100 276 213 313 quare
235 271 274 303 et
294 267 517 304 octonariam
538 267 576 302 in
599 265 783 302 divisione.
830 266 874 303 Id
897 277 941 304 eo
964 266 1090 312 magis,
1114 266 1200 312 quia
1221 265 1260 300 in
1282 263 1505 301 nostratibus
1528 263 1758 310 ponderibus,
1782 266 1876 304 ulnis
1942 289 1946 299 .

99 324 138 355 et
151 318 329 367 mensuris
344 325 490 367 recepta
505 324 573 356 est.
621 319 728 356 Solus
744 330 809 367 pes
833 324 915 356 cum
930 328 1012 356 asse
1035 319 1198 355 Romano
1222 316 1373 355 discedit
1395 317 1433 354 in
1455 318 1663 364 ternariam,
1688 322 1877 367 senariam,

97 370 352 418 duodenarinu
374 372 596 419 divisionem

207 412 257 468 Ϊιι
275 422 477 470 colligenda
499 434 583 461 vero
605 424 835 462 multitudine
857 417 991 462 assium
1025 425 1168 460 omnino
1202 423 1368 472 praefero
1401 424 1694 472 inaequalitatem
1729 427 1877 478 quibus-
1917 467 1923 470 ,

97 486 240 523 cunque
328 477 575 524 gressionibus
598 477 777 514 continuis
801 482 839 514 et
860 476 1091 523 aequalibus·
1127 487 1200 514 non
1224 478 1322 523 quod
1354 487 1412 513 me
1445 477 1601 515 delectet
1629 471 1878 540 inaequalitas,

99 528 179 578 sed
307 529 460 566 suadeat
484 534 521 566 et
543 530 704 576 requirat
725 529 795 567 boc
819 532 855 575 1)
878 530 976 567 varia
998 530 1170 566 mercium
1190 536 1341 574 natura,
1370 530 1412 575 2)
1435 531 1695 579 antiquissima,
1713 533 1792 578 ,iam
1813 543 1880 580 per

100 570 221 619 omnia
241 570 324 619 loca
351 582 476 620 inolita
499 583 734 634 consuetudo,
771 582 978 620 difficillime
1001 581 1193 629 mutand&
1206 582 1241 628 3)
1257 583 1467 620 numerandi
1482 583 1727 623 commoditas.
1749 585 1877 625 Dicam

83 634 146 673 'dc
168 635 334 696 omnibus
355 636 485 673 tribus.

105 719 110 723 .
214 688 281 730 De
294 692 462 730 natura
483 698 603 724 rerum
619 688 940 725 meusurandarum
964 688 1010 725 do
1034 687 1238 734 exemplum
1261 688 1363 724 vini.
1410 687 1624 735 Hicmagna
1645 695 1704 728 est
1726 701 1880 728 comno-

103 738 200 778 dius
221 750 246 777 a
267 740 452 787 cantharo,
477 741 539 787 qui
563 741 799 786 quantitatem
823 741 934 776 habet
968 751 1040 777 uon
1063 739 1217 776 alienam
1241 750 1264 776 a
1286 736 1415 777 diurno
1438 741 1546 791 victu,
1569 741 1617 778 ad
1641 742 1775 778 dolium
1796 753 1881 788 pro-

99 793 213 839 aedi,
236 792 345 838 quale
367 794 518 832 duorum
542 795 694 831 triumve
716 793 901 830 homiuum
925 790 995 839 ope
1016 793 1167 828 tractari
1186 796 1323 838 potesta
1360 792 1407 828 ab
1430 786 1500 828 hoc
1524 792 1571 828 ad
1594 794 1617 830 5
1639 794 1697 830 vel
1727 794 1751 831 6
1773 794 1882 841 dolis,
1914 819 1917 821 -

100 851 195 903 quot
212 855 263 882 sc.
286 856 359 881 uno
381 846 544 892 plaustro
570 846 805 884 communiter
827 845 910 881 vehi
934 844 1118 882 commode
1141 850 1305 890 possunt.
1351 844 1421 881 Hic
1444 845 1513 880 etsi
1535 856 1605 882 non
1641 856 1784 891 semper
1803 856 1881 882 rem

100 900 170 937 'acu
193 898 384 946 taugiinus,
409 903 530 935 tamen
552 910 623 935 non
647 898 753 943 longe
778 898 916 934 abimus
956 909 978 933 a
1013 897 1273 944 significatione
1309 896 1473 933 vocabuli
1500 897 1615 940 Fass,
1636 897 1781 935 Fueder
1802 897 1883 943 etc„
1930 911 1934 916 ⁴

108 950 205 998 quod
227 950 315 988 facit
338 952 386 988 ad
409 951 627 1000 memoriam,
652 955 689 989 et
712 950 915 997 exemplum
939 950 1114 986 habemus
1138 951 1176 986 in
1200 949 1428 986 astronomia.
1475 950 1565 986 Cum
1593 949 1688 985 enim
1718 950 1756 986 in
1787 961 1882 987 auno

101 1006 225 1040 essent
250 1002 326 1046 dies
350 998 430 1046 365,
452 979 627 1050 artifices,
642 1004 783 1039 invitati
805 1003 1057 1039 commoditate
1077 995 1186 1038 'vicini
1214 1002 1370 1047 numeri,
1399 1006 1523 1048 partes
1547 1001 1627 1047 360,
1651 1007 1687 1038 et
1710 1001 1757 1038 ob
1778 1001 1888 1048 luna-⁴

101 1055 219 1092 tiones
241 1061 364 1102 partes
388 1058 543 1103 majores
563 1068 629 1103 per
652 1067 692 1093 se
719 1057 761 1093 12
785 1057 1058 1093 constituerunt.

217 1107 274 1144 De
303 1107 631 1146 consuetudine
663 1108 816 1145 ostendo
847 1108 916 1144 has
952 1107 1182 1145 difficultates
1220 1107 1387 1153 exemplo
1422 1108 1634 1153 ponderum.
1669 1109 1887 1146 ‚centenarii

102 1172 175 1198 vox
196 1161 234 1196 in
257 1160 422 1197 omnibus
445 1162 578 1207 linguis
612 1167 668 1199 est
696 1166 852 1208 recepta.
899 1161 944 1197 Vi
979 1159 1146 1198 vocabuli
1180 1161 1249 1198 100
1282 1160 1405 1206 pondo
1439 1161 1565 1197 insunt
1594 1161 1633 1197 in
1668 1163 1884 1204 centenario·

101 1215 179 1252 Aut
198 1213 309 1260 igitur
331 1213 509 1251 abolenda
531 1214 600 1250 erit
623 1225 694 1250 vox
717 1215 931 1256 centenarii,
964 1213 1226 1251 introducenda
1248 1213 1341 1256 alia,
1375 1217 1439 1248 aut
1472 1213 1679 1249 centenario
1712 1223 1883 1250 numerus

105 1268 280 1306 librarum
305 1267 444 1304 dandus
468 1266 573 1305 alius.
597 1273 722 1304 contra
744 1267 986 1305 manifestatu-
1002 1268 1101 1304 vocis
1133 1277 1272 1304 sonum.
1320 1265 1521 1310 Utrumque
1549 1275 1634 1301 vero
1663 1265 1773 1312 plane
1803 1277 1887 1311 gra-

105 1318 430 1365 vissimum'factu;
456 1331 525 1355 usu
550 1330 622 1355 uon
645 1320 697 1356 ita
721 1320 926 1367 expetibile,
952 1321 983 1355 si
1007 1320 1092 1365 quid
1117 1318 1218 1354 valeo
1238 1317 1392 1363 judicio.
1433 1318 1525 1353 Nam
1542 1318 1575 1354 si
1591 1328 1663 1363 qua
1678 1319 1883 1365 progressio
1952 1317 1955 1323 ’
1986 1295 1990 1299 Ρ

105 1373 289 1420 recipitur,
310 1373 350 1410 id
370 1373 414 1408 fit
437 1383 548 1409 causa
571 1373 772 1418 compendii
796 1373 835 1408 in
859 1371 1055 1418 majoribus
1079 1371 1247 1416 numeris,
1272 1371 1398 1415 itaque
1419 1375 1569 1416 recepta
1587 1375 1650 1407 est
1671 1372 1827 1416 primum
1849 1372 1885 1407 in

103 1436 273 1463 numeros
294 1425 405 1471 ipsos,
428 1425 492 1470 qui
508 1429 592 1461 sunt
608 1425 703 1460 omni
726 1435 766 1459 re
782 1428 970 1460 numerata
991 1423 1266 1467 numerosiores,
1294 1422 1423 1459 deinde
1445 1422 1483 1457 in
1506 1423 1777 1468 astronomiam,
1802 1424 1889 1469 quia

104 1478 325 1516 numerando
350 1478 397 1515 ad
421 1477 655 1514 subtilissima
677 1487 745 1512 uos
769 1476 937 1522 progredi
969 1486 1117 1512 necesse
1149 1479 1226 1519 est,
1264 1475 1310 1511 ob
1334 1481 1495 1511 motuum
1518 1476 1819 1521 perpetuitatem,
1842 1486 1890 1512 ne

71 1528 195 1579 ²·quid
217 1531 254 1576 in
277 1530 473 1577 longinquo
497 1534 669 1575 peccetur
691 1529 860 1565 notabile.
908 1530 991 1565 Jam
1028 1539 1121 1574 quae
1155 1538 1222 1564 nos
1257 1527 1490 1563 metimur‘et
1521 1538 1615 1572 quae
1643 1529 1887 1574 ponderamus

107 1582 363 1629 communiter,
399 1582 461 1617 illa
489 1581 616 1617 breves
647 1581 790 1616 omniuo
822 1591 978 1616 summas
1003 1581 1160 1624 faciunt,
1195 1580 1351 1625 majores
1384 1590 1470 1616 vero
1505 1580 1604 1625 apud
1639 1580 1888 1626 paucissimos.

106 1636 199 1677 Nam
222 1634 276 1672 sic
299 1635 476 1677 existimo,
502 1634 535 1670 si
558 1634 638 1678 quis
667 1635 779 1670 10000
802 1633 1011 1669 fuderorum
1028 1633 1100 1667 vini
1116 1633 1282 1668 Rhenani
1297 1638 1476 1676 numeret,
1499 1633 1608 1668 unius
1631 1633 1716 1668 anni
1737 1642 1888 1677 proven-

107 1695 184 1725 tum
206 1681 280 1724 non
303 1687 394 1722 adeo
417 1686 538 1722 multis
563 1686 701 1722 vicibus
725 1686 804 1721 fore
828 1687 1008 1731 majorem.
1056 1686 1126 1731 Qui
1148 1696 1233 1721 vero
1265 1685 1420 1729 maj0res
1449 1695 1606 1720 summas
1639 1689 1815 1729 tractant,
1847 1690 1889 1720 ut

106 1743 146 1779 in
168 1751 209 1778 re
231 1741 440 1783 monetaria,
462 1740 507 1775 iis
531 1739 736 1784 exemplum
759 1737 982 1774 Archimedis
1006 1738 1043 1773 in
1074 1737 1249 1773 tradendo
1282 1747 1413 1774 arenae
1437 1747 1585 1773 numero
1608 1738 1656 1774 ad
1678 1737 1889 1774 imitandum

108 1800 171 1841 est
184 1794 421 1842 propositum.

182 1856 190 1863 ”
222 1847 294 1882 Est
314 1857 399 1882 vero
422 1846 570 1890 insuper
592 1844 784 1880 metuenda
806 1843 946 1889 clades,
981 1844 1013 1879 si
1036 1843 1230 1888 recipiatur
1253 1842 1515 1888 progressionis
1538 1843 1751 1887 aequalitas.
1796 1844 1890 1880 Nam

107 1906 152 1937 ut
171 1905 382 1946 praesentes
408 1903 444 1933 et
466 1902 633 1943 posteros
658 1897 694 1932 in
718 1902 899 1941 potestate
923 1901 1048 1932 nostra
1071 1896 1268 1931 habeamus
1281 1922 1290 1938 ‚
1331 1894 1484 1938 majores
1518 1899 1617 1930 certe
1649 1900 1794 1932 nonu-os
1816 1907 1890 1932 non

110 1953 294 1989 habemus.
339 1952 468 1996 Itaque
494 1961 575 1986 eum
598 1950 705 1985 iidem
728 1949 982 1995 inaequalitate
1006 1950 1043 1984 in
1069 1948 1269 1993 colligendo
1294 1947 1365 1982 sint
1381 1947 1450 1992 usi,
1475 1957 1522 1982 an
1538 1958 1610 1983 non
1629 1948 1714 1984 olim
1727 1950 1889 1994 ipsorum

109 2005 260 2042 rationis
292 2003 502 2039 numerandi
536 2003 681 2047 penitus
716 2003 966 2039 obliviscemur
980 2031 988 2046 ,
1024 2002 1212 2048 repudiata
1247 1999 1517 2046 inaequalitate:
1554 2000 1609 2035 uti
1639 2001 1782 2044 quidem
1811 2001 1891 2037 sola

109 2064 312 2105 temporum
335 2057 568 2092 diuturnitate
592 2056 727 2092 factum
747 2057 824 2100 jam
850 2055 1010 2091 videmus
1036 2056 1080 2091 de
1103 2054 1279 2089 mensuris
1302 2053 1560 2096 Romanorum,
1594 2063 1685 2098 quas
1708 2053 1775 2089 viri
1803 2054 1888 2090 doc-

110 2110 240 2155 tissimi
261 2110 321 2144 vix
344 2109 441 2144 omni
464 2108 584 2144 studio
608 2109 645 2143 in
668 2109 784 2144 lucem
808 2114 990 2144 revocant.
1172 2119 1184 2125 ²

225 2162 310 2198 Dixi
334 2172 418 2197 vero
443 2166 479 2196 et
503 2161 712 2207 numerandi
737 2160 1103 2196 commoditatem
1132 2158 1297 2203 adjuvari
1327 2157 1593 2203 inaequalitate.
1642 2157 1737 2193 Nam
1759 2158 1807 2194 ad
1829 2168 1891 2195 ex-

111 2215 233 2260 pedite
256 2214 526 2257 numerandum,
550 2214 761 2260 praesertim
784 2214 821 2248 in
846 2211 1105 2249 contractibus.
1138 2211 1332 2256 requiritur
1360 2210 1533 2245 memoria
1555 2214 1591 2244 et
1614 2210 1890 2247 reminiscentia.

110 2267 193 2303 Jam
209 2267 312 2303 valde
326 2267 464 2302 lubrica
486 2267 648 2302 redditur
670 2266 825 2301 facultas
849 2266 930 2310 ista,
955 2265 1018 2300 ubi
1042 2264 1142 2299 nulla
1175 2268 1300 2299 contra
1330 2272 1369 2297 se
1394 2261 1560 2296 distincta
1584 2260 1721 2297 invenit
1742 2262 1891 2298 admini-

113 2318 206 2355 cula.
255 2318 343 2362 Quis
360 2320 452 2354 em'm
476 2320 598 2355 statim
623 2329 661 2353 se
686 2318 840 2363 colliget,
865 2318 902 2352 in
926 2317 1094 2352 secundis
1117 2327 1164 2351 an
1187 2316 1303 2351 tertiis
1329 2319 1500 2358 versetur,
1525 2314 1557 2348 si
1581 2313 1820 2351 secundorum
1843 2316 1890 2351 ad

112 2372 222 2407 tertia
244 2372 293 2407 sit
315 2372 438 2407 eadem
461 2372 658 2417 proportio,
684 2381 776 2416 quae
800 2370 993 2415 primorum
1019 2369 1064 2404 ad
1088 2368 1256 2412 secunda,
1280 2367 1348 2402 nisi
1372 2367 1417 2402 ad
1435 2376 1556 2401 omnes
1574 2365 1691 2401 nictus
1707 2366 1892 2403 oculorum

112 2434 258 2472 manum
281 2423 413 2459 habeat
436 2425 474 2459 iu
496 2424 620 2460 tabula
644 2429 817 2467 notetque
841 2432 1007 2457 numeros
1033 2421 1221 2466 apicibus?
1261 2419 1424 2462 Omnino,
1449 2418 1547 2462 quod
1570 2417 1606 2451 in
1629 2417 1732 2453 clivis
1754 2419 1891 2463 platea-

112 2487 193 2512 rum
208 2481 292 2512 sunt
309 2477 430 2521 scrupi
445 2482 481 2512 et
504 2476 629 2519 laevia,
650 2476 720 2510 hoc
743 2475 883 2510 videtur
906 2474 944 2508 in
968 2471 1274 2507 numeratiombus
1298 2479 1378 2506 esse
1402 2469 1640 2515 inaequalitas
1664 2475 1702 2538 et
1724 2472 1893 2508 continua

113 2531 333 2585 progressio.

227 2583 280 2619 Ut
302 2593 387 2617 vero
411 2593 477 2627 per
500 2592 625 2617 omnes
650 2581 815 2626 regiones
840 2589 912 2614 una
937 2583 972 2613 et
997 2577 1121 2612 eadem
1151 2577 1243 2611 ratio
1268 2575 1504 2619 collectionis,
1536 2576 1661 2612 eadem
1690 2577 1893 2613 aestimatio

115 2636 235 2671 fuderi
256 2635 292 2670 in
319 2634 510 2679 amphoris,
535 2634 730 2670 centenarii
755 2634 791 2668 in
814 2631 916 2667 libris
941 2630 1161 2673 stabiliatur,
1193 2639 1307 2672 eaque
1329 2628 1429 2672 talis,
1465 2639 1558 2672 quae
1580 2628 1753 2673 pulchros
1776 2633 1817 2664 et
1836 2639 1894 2664 ro·

115 2688 247 2723 tundos
271 2697 438 2721 numeros
463 2686 582 2731 eligat,
611 2696 703 2731 quae
727 2696 798 2719 non
823 2684 928 2727 longe
953 2683 1059 2716 abeat
1094 2681 1138 2715 ab
1176 2680 1343 2715 extremis
1373 2681 1549 2715 variarum
1584 2680 1782 2724 regionum,
1821 2691 1895 2717 nou

114 2740 168 2781 ita
190 2739 339 2774 multum
363 2737 542 2782 improbo;
577 2749 657 2773 cum
690 2747 812 2771 omnes
843 2735 951 2770 hodie
985 2733 1148 2777 regiones
1182 2741 1274 2776 pene
1298 2732 1345 2766 ad
1369 2741 1475 2767 unam
1498 2730 1674 2766 rationem
1697 2731 1894 2777 adspirent.
1958 2750 1966 2752 -

115 2791 243 2834 Itaque
265 2790 359 2825 hauc
382 2794 520 2834 partem
544 2789 763 2834 quaestionis
794 2798 874 2822 cum
909 2785 1168 2822 introducenda
1203 2793 1450 2819 mensurarum
1479 2783 1641 2829 ipsarum
1665 2783 1895 2828 aequalitate,
1925 2788 1940 2795 “

116 2854 194 2888 cap.
218 2842 247 2877 Ι.
273 2841 453 2886 ventilata,
479 2842 586 2888 plane
611 2846 794 2877 connecto.
