1994 3276
119 106 203 147 224
224 146 230 152 ¹,
668 102 724 138 De
748 100 1098 146 Couflgurationibus
1127 101 1364 147 Harmonicis.

118 234 281 262 omnem.
344 223 527 270 Denique
554 221 686 259 anima
714 221 818 271 ipsa,
860 232 1020 261 versans
1059 222 1098 259 in
1129 221 1204 261 hac
1243 225 1419 274 energia,
1462 230 1522 264 est
1558 228 1759 280 proposita
1801 226 1915 270 nobis

117 282 333 328 harmonia,
366 281 467 318 sicut
497 281 579 318 sine
610 284 787 330 respectu
818 278 933 329 hujus
965 281 1143 330 energiae
1176 285 1234 319 est
1255 283 1422 321 circulus
1445 284 1606 335 eJusque
1628 298 1732 336 pars,
1764 291 1916 328 termini

117 352 169 379 sc.
202 340 447 387 harmoniae3
490 337 725 388 tandemque
754 337 955 376 harmonia
994 339 1147 388 penitus
1189 340 1444 380 animificatur
1485 342 1663 394 adeoque
1705 345 1914 386 deificatur.

880 494 1067 541 CAPUT
1103 495 1151 540 ll.

234 592 357 638 Quot
382 591 634 637 qualesque
661 592 755 627 sint
779 591 956 627 animae
979 590 1234 633 facul-tates
1259 593 1505 629 secundum
1530 595 1798 649 harmonias⁵

234 690 412 728 Diximus
441 689 629 728 hactenus
671 688 717 726 de
757 688 1070 739 proportionibus
1100 688 1352 738 harmonicis,
1395 690 1489 741 quid
1530 691 1624 731 illae
1662 681 1739 732 sint
1781 698 1819 733 et
1849 695 1916 734 ubi

119 750 355 798 consistant3
386 758 512 798 neque
545 746 636 784 dum
669 747 782 785 nobis
813 746 989 784 videmur
1038 748 1215 797 attigisse
1255 750 1524 798 quaestionem
1565 751 1743 790 instituto
1787 760 1919 793 nostro

119 804 435 852 convenientem,
483 805 587 855 quod
630 816 707 843 non
743 810 823 843 tam
862 806 899 841 in
939 806 1033 855 ipsis
1072 807 1386 857 proportionibus
1423 807 1687 859 harmonicis,
1721 822 1838 861 quam
1877 813 1915 850 in

117 865 305 905 facultate
336 867 488 904 animae
519 865 767 911 harmonica,
810 863 958 902 scilicet
987 863 1128 912 agendi
1159 864 1371 903 secundum
1403 869 1693 917 proportiones,
1727 874 1915 910 versatur.

118 924 318 966 Hactenus
361 925 479 973 igitur
511 923 557 960 de
588 922 904 972 proportionibus
935 922 1084 971 egimus
1117 934 1236 961 causa
1268 925 1437 974 ipsarum
1481 927 1692 975 essentiae,
1735 938 1837 967 nunc
1868 929 1914 967 de

118 983 255 1023 iisdem
287 981 482 1031 agendum
513 992 631 1019 causa
662 982 783 1030 ipsius
817 982 982 1019 animae.
1842 1018 1852 1024 ,

231 1040 385 1091 Duplex
417 1045 547 1078 autem
579 1039 743 1077 facultas
781 1040 883 1077 circa
912 1038 1154 1077 harmonicas
1195 1041 1463 1090 proportiones
1502 1043 1654 1090 existit,
1695 1041 1819 1083 altera
1849 1056 1916 1096 per

117 1099 354 1147 discursum,
396 1098 581 1137 mentalis
608 1097 671 1136 vel
702 1098 832 1147 quasi,
864 1096 987 1135 altera
1017 1098 1238 1148 operativa;
1282 1103 1319 1136 et
1360 1099 1539 1138 mentalis
1577 1101 1734 1151 quidem
1765 1113 1914 1142 rursum

116 1158 277 1208 duplex:
309 1161 377 1196 aut
408 1158 508 1195 enim
540 1157 740 1195 inventiva
771 1156 1063 1206 proportionum
1094 1157 1264 1205 ipsarum
1299 1167 1348 1195 ex
1378 1157 1584 1205 abstractis
1615 1161 1914 1210 quantitatibus,

117 1223 185 1255 aut
216 1217 391 1266 agnitiva
428 1226 498 1254 seu
530 1214 845 1253 animadversiva
886 1213 1093 1252 electarum
1133 1216 1425 1264 proportionum
1468 1217 1505 1254 in
1537 1217 1652 1256 rebus
1693 1218 1914 1258 sensilibus.

116 1275 299 1314 Facultas
329 1275 467 1324 igitur,
510 1285 610 1322 quae
642 1273 802 1322 indagat
834 1274 1006 1327 rationes
1037 1271 1298 1321 harmonicas,
1343 1279 1402 1312 est
1433 1274 1586 1324 eadem,
1626 1287 1727 1325 quae
1759 1282 1798 1315 et
1827 1276 1919 1316 reli—

117 1345 213 1384 quas
245 1334 428 1371 scientias
459 1337 641 1381 artesque
673 1331 953 1381 complectitur,
985 1332 1102 1369 animi
1135 1332 1283 1370 scilicet
1314 1332 1473 1371 humani
1503 1345 1594 1384 pars
1617 1337 1805 1384 superior.
1857 1336 1917 1376 De

117 1392 203 1431 Deo
236 1393 338 1429 enim
368 1391 431 1429 hic
468 1389 586 1441 nihil,
626 1395 669 1428 ut
710 1392 776 1440 qui
816 1400 891 1427 non
934 1388 1107 1428 discursu
1147 1395 1185 1428 et
1215 1390 1343 1429 studio
1387 1393 1588 1442 quippiam
1629 1391 1811 1448 indagat,
1849 1394 1919 1434 sed

117 1453 190 1489 scit
220 1451 270 1488 ab
302 1454 471 1488 aeterno.

234 1508 418 1546 Facultas
458 1506 537 1555 illa,
571 1517 672 1556 quae
702 1507 969 1555 proportiones
1012 1505 1162 1544 nobiles
1204 1507 1242 1542 in
1274 1506 1480 1545 sensilibus
1512 1507 1576 1546 vel
1607 1511 1723 1547 etiam
1762 1511 1801 1548 in
1832 1510 1919 1550 aliis

116 1568 230 1606 rebus
262 1572 370 1605 extra
401 1577 441 1603 se
474 1565 694 1604 constitutis
726 1563 1000 1602 animadvertit
1031 1565 1299 1614 agnoscitque,
1333 1569 1391 1603 est
1421 1566 1577 1604 inferior
1608 1569 1761 1608 animae
1791 1569 1917 1608 facul-

116 1631 189 1674 tas,
222 1636 358 1663 sensus
390 1625 561 1676 proxime
593 1623 803 1661 informans
834 1629 902 1660 aut
933 1622 1062 1661 adhuc
1093 1622 1260 1670 inferior,
1292 1623 1374 1661 scil.
1399 1627 1550 1662 tantum
1571 1625 1735 1665 facultas
1765 1629 1919 1667 animae

117 1683 269 1731 vitalis,
312 1685 455 1734 quippe
496 1693 596 1732 quae
637 1692 707 1720 nec
747 1680 944 1728 discurrit,
988 1686 1030 1718 ut
1068 1680 1288 1731 philosophi
1321 1682 1466 1730 solent,
1500 1683 1734 1724 methodove
1765 1682 1920 1724 adhoc

117 1744 249 1789 utitur,
281 1753 353 1780 nec
383 1744 421 1778 in
454 1740 538 1778 solo
571 1741 669 1778 inest
699 1739 867 1786 homine,
899 1738 968 1777 sed
1000 1741 1117 1778 etiam
1148 1740 1186 1776 in
1210 1741 1299 1778 feris
1331 1745 1368 1778 et
1403 1741 1621 1790 pecudibus
1654 1744 1770 1793 inque
1790 1745 1920 1783 anima
1976 1743 1979 1781 ζ

116 1801 332 1839 sublunari.
395 1799 591 1848 Quaeras,
637 1800 669 1836 si
700 1797 768 1836 illa
807 1809 883 1835 non
916 1809 1076 1847 compos
1109 1796 1305 1836 discursus
1345 1810 1470 1849 eoque
1510 1811 1588 1839 non
1619 1803 1742 1851 possit
1778 1814 1920 1853 appre-
1976 1794 1980 1822 '-

118 1859 284 1898 henderc
328 1859 529 1896 scientiam
575 1857 885 1894 harmonicarum
925 1857 1238 1907 proportionum,
1285 1857 1386 1896 unde
1428 1869 1520 1907 ergo
1565 1858 1639 1897 hoc
1675 1859 1834 1909 habeat,
1877 1865 1920 1898 ut

118 1923 307 1968 agnoscat
338 1916 550 1954 forinsecus
583 1914 766 1953 oblatas?
825 1914 924 1953 Nam
956 1926 1167 1964 agnoscere
1199 1920 1268 1964 est,
1301 1921 1501 1954 externum
1532 1913 1674 1956 sensile
1707 1929 1794 1956 cum
1822 1917 1919 1957 ideis
1974 1920 1976 1922 ’

121 1977 281 2015 internis
323 1975 494 2012 conferre
534 1975 666 2023 eisque
706 1984 919 2022 congruum
952 1972 1141 2022 judicare.
1205 1973 1317 2022 Quod
1350 1973 1511 2025 pulchre
1551 1977 1728 2024 exprimit
1757 1975 1918 2016 Proclus

122 2034 316 2072 vocabulo
357 2030 586 2079 suscitandi,
631 2030 739 2069 velut
780 2042 800 2069 e
841 2042 990 2068 somno.
1053 2030 1162 2069 Sicut
1200 2033 1301 2070 enim
1343 2032 1502 2070 sensilia
1542 2033 1635 2071 foris
1677 2036 1919 2074 occurrentia

120 2093 267 2131 faciunt
298 2102 369 2129 nos
401 2090 592 2128 recordari
625 2101 774 2136 eorum,
818 2100 919 2138 quae
950 2094 1067 2126 antea
1098 2100 1429 2138 cognoveramuS,
1469 2091 1525 2128 sic
1563 2092 1798 2132 mathemata
1827 2103 1918 2132 sen-

114 2151 224 2198 silia,
271 2151 303 2188 si
335 2154 617 2199 agnoscuntur,
661 2148 820 2186 eliciunt
860 2148 978 2196 igitur
1009 2147 1290 2186 intellectualia
1331 2154 1421 2186 ante
1452 2150 1555 2187 intus
1595 2153 1833 2201 praesentia,
1877 2157 1921 2190 ut

117 2221 220 2247 nunc
250 2213 340 2246 actu
372 2206 570 2246 reluceant
600 2207 638 2243 in
669 2207 817 2251 anima,
858 2216 958 2254 quae
989 2206 1095 2256 prius
1126 2205 1249 2244 veluti
1292 2207 1364 2245 sub
1399 2206 1486 2244 velo
1517 2210 1715 2257 potentiae
1746 2208 1920 2248 latebant

120 2269 157 2304 in
190 2279 248 2305 ea.
311 2265 516 2315 Quomodo
547 2266 664 2314 igitur
694 2265 912 2314 irruperunt
941 2263 1074 2301 intro?
1133 2262 1379 2313 Respondeo,
1414 2267 1569 2304 omnino
1601 2266 1711 2306 ideas
1740 2277 1808 2306 seu
1839 2268 1919 2306 for·
1970 2291 1975 2296 -

119 2327 240 2364 males
270 2326 441 2364 rationes
473 2324 802 2369 harmonicarum‚
836 2327 878 2359 ut
909 2320 956 2360 de
988 2322 1034 2359 iis
1065 2333 1183 2371 supra
1215 2323 1516 2371 disserebamus,
1559 2325 1685 2363 inesse
1718 2326 1789 2374 iis,
1820 2337 1919 2375 quae

120 2384 194 2422 hac
226 2382 463 2433 agnoscendi
502 2381 686 2420 facultate
716 2380 884 2430 pollent,
925 2379 993 2418 sed
1033 2390 1110 2417 non
1153 2379 1306 2418 demum
1339 2382 1544 2419 introrsum
1584 2384 1701 2433 recipi
1741 2394 1807 2434 per
1838 2383 1918 2422 dis·-

120 2454 285 2490 cursum,
319 2443 412 2491 quin
441 2442 572 2490 potius
604 2451 650 2478 ex
682 2440 864 2476 instinctu
896 2438 1060 2476 naturali
1093 2437 1310 2488 dependere
1343 2441 1467 2489 iisque
1490 2443 1694 2488 connasci,
1714 2446 1758 2480 ut
1788 2440 1918 2480 formis

122 2501 342 2551 plantarum
385 2500 630 2537 connascitur
666 2508 847 2535 numerus
881 2493 963 2549 (res
993 2494 1288 2550 intellectualis)
1320 2497 1499 2535 foliorum
1531 2499 1568 2535 in
1599 2499 1691 2538 flore
1727 2504 1765 2538 et
1797 2499 1918 2538 cellu-
1971 2503 1973 2518 ³

120 2560 243 2597 larum
275 2560 313 2596 in
344 2569 474 2608 pomo.
535 2555 648 2605 Quod
681 2556 985 2605 experimentum
1018 2555 1055 2590 in
1085 2553 1247 2603 plantis,
1286 2555 1411 2594 simile
1442 2556 1657 2595 rationibus
1688 2556 1917 2597 harmonicis
1971 2548 1973 2554 ⁴

122 2619 326 2665 (numerus
358 2617 459 2654 enim
491 2620 528 2653 et
557 2615 754 2665 proportio
785 2624 845 2650 res
877 2616 1067 2662 cognatae
1097 2618 1198 2660 sunt,
1230 2618 1273 2650 ut
1304 2625 1422 2663 supra
1446 2610 1606 2668 patuit),
1638 2614 1765 2663 efficit,
1798 2621 1841 2653 ut
1870 2627 1917 2654 ne

122 2675 370 2725 vegetativae
410 2673 565 2723 quidem
605 2674 756 2710 animae
797 2670 972 2708 facultati
1011 2670 1231 2719 plantisque
1282 2673 1375 2720 ipsis
1417 2671 1638 2711 facultatem
1680 2674 1912 2722 agnoscendi

119 2734 364 2772 harmonicas
395 2732 663 2783 proportiones
694 2729 887 2767 radiorum
918 2727 1140 2766 sideralium
1174 2729 1409 2768 confidenter
1438 2732 1582 2779 possim
1613 2730 1802 2780 adimere3
1842 2733 1911 2771 etsi
1975 2765 1994 2772 .,

120 2794 203 2831 sine
235 2790 505 2842 experimentis
537 2790 700 2840 propriis
732 2785 826 2824 nihil
857 2792 999 2824 statuo.
1061 2786 1124 2823 Sic
1145 2787 1262 2836 igitur
1291 2787 1345 2835 fit,
1379 2794 1421 2826 ut
1441 2789 1560 2838 pueri,
1593 2794 1635 2827 ut
1656 2789 1781 2837 rudes,
1813 2790 1917 2839 agri-
1973 2785 1994 2841 f«

121 2851 253 2898 colae,
295 2849 449 2888 barbari
488 2849 674 2897 ipsaeque
717 2845 816 2884 adeo
855 2844 958 2882 ferae
998 2845 1211 2895 percipiant
1252 2845 1472 2884 harmonias
1504 2857 1665 2895 vocum,
1710 2849 1780 2886 etsi
1821 2847 1916 2885 nihil
1971 2853 1994 2890 3⁴.

121 2910 248 2946 sciunt
279 2908 325 2946 de
357 2907 518 2945 scientia
549 2905 784 2943 harmonica.
845 2902 885 2940 Si
918 2907 1109 2951 quaeras,
1144 2903 1246 2941 unde
1287 2904 1362 2941 illis
1403 2904 1464 2942 hic
1495 2904 1729 2943 instinctus?
1770 2909 1837 2942 aut
1868 2905 1915 2943 ad
1978 2934 1986 2950 ,-

121 2965 252 3003 Deum
295 2965 535 3013 confugiam,
586 2965 651 3013 qui
693 2962 763 3000 has
799 2960 1030 3010 ‘corporibus
1070 2960 1231 3007 formas,
1273 2973 1405 3000 omnes
1458 2963 1516 2999 sui
1556 2963 1676 3012 ipsius
1717 2962 1914 3012 imagines,
1966 2960 1991 2994 ,ἓ

122 3024 333 3061 secundum
363 3024 487 3072 magis
519 3027 645 3060 tamen
678 3024 716 3059 et
745 3021 883 3066 minus,
917 3018 1091 3056 efformat
1123 3023 1159 3056 et
1190 3019 1363 3069 praeficit
1393 3030 1600 3068 secumque
1632 3021 1725 3071 ipsis
1750 3020 1914 3059 *harmo-

122 3083 230 3120 nicas
259 3083 429 3119 rationes
473 3082 767 3130 circumgestare
799 3078 909 3125 facit,
953 3077 1007 3113 uti
1038 3078 1122 3127 ipse
1154 3089 1219 3115 cas
1265 3078 1314 3116 ab
1346 3083 1502 3116 aeterno
1534 3083 1662 3116 mente
1693 3077 1915 3128 complexus
