1994 3276
123 53 208 95 364
805 49 1005 89 Ptolemaei
1020 51 1227 89 Harmonia.

117 168 261 213 quidem
285 167 439 214 partium
465 166 588 203 circuli
621 178 686 213 per
710 167 844 212 figuras
869 168 1086 214 geometrice
1112 155 1234 215 divi—sn
1268 167 1377 205 anim'i
1401 177 1492 204 vero¹
1518 171 1603 204 sunt
1635 178 1708 204 non
1739 157 1827 204 nudi
1850 180 1916 205 nu·

116 222 221 265 meri,
256 221 321 257 sed
346 220 468 256 circuli
493 220 637 264 quidam
660 221 898 267 potentiales,
929 223 1039 268 idque
1064 223 1284 268 formaliter,
1317 231 1383 258 seu
1412 220 1533 266 potius
1562 221 1737 267 imagines
1761 221 1848 267 Dei,
1878 221 1916 257 in

116 284 187 319 quo
213 273 339 310 circuli
362 272 444 308 idea
467 276 624 309 aeterna.
672 273 763 310 Vide
790 274 851 311 lib.
876 276 936 311 IV.
961 286 1039 322 cap.
1063 276 1097 312 8.

827 471 1015 518 CAPUT
1042 471 1158 517 'Vlll.
1173 465 1205 494 ¹'

199 580 260 616 De
291 579 596 617 similitudine
628 582 827 628 perfecti
858 581 1120 628 systematis
1139 583 1186 624 ΙΙ)
1217 592 1310 617 cum
1335 571 1518 618 'circulo
1546 591 1625 628 per
1654 580 1838 617 medium

899 650 1133 685 signorum.

246 748 550 787 Familiaritates
589 750 706 799 igitur
748 750 966 788 animorum
1004 747 1262 788 humanorum
1299 760 1387 788 cum
1427 748 1661 788 harmonicis
1709 761 1780 800 per
1818 750 1914 790 hac-

117 804 229 845 tenus
261 807 364 845 dicta
394 808 507 845 nobis
539 808 588 846 ob
621 808 757 846 oeulos
786 809 940 858 positae
971 805 1177 857 sunt0111);
1218 809 1400 846 inventae
1440 811 1531 846 sunt
1561 808 1687 856 enim,
1728 813 1772 847 ut
1804 820 1914 847 com-

116 864 258 915 pendio
290 866 525 917 complectar
556 868 696 914 omnia,
731 866 1059 905 identisonantiae
1091 871 1130 904 et
1150 868 1428 905 consonantiae
1448 877 1518 916 per
1537 867 1741 916 primarias
1762 868 1914 906 animae

118 928 246 974 partes
278 923 523 973 distributae,
557 925 704 963 formae
735 936 826 963 vero
859 930 1045 963 cantuum
1075 936 1143 974 per
1173 925 1315 963 formas
1338 925 1525 963 virtutum
1538 921 1615 976 ¹V)3
1647 926 1703 963 sic
1734 924 1916 964 differen-

119 983 196 1020 tiae
228 984 330 1021 circa
360 983 692 1022 tetrachordorum
723 995 866 1032 genera
897 983 1106 1032 generibus
1137 984 1322 1021 virtutum
1355 982 1543 1033 dignitate
1579 988 1618 1022 et
1645 983 1914 1033 magnitudine

117 1039 380 1080 differentibus
395 1039 459 1090 V),
503 1047 541 1080 et
571 1041 846 1080 translationes
889 1041 936 1079 de
970 1046 1062 1079 tono
1101 1042 1138 1078 in
1180 1047 1315 1079 tonum
1359 1037 1640 1080 mutationibus
1683 1052 1830 1080 morum
1874 1043 1914 1080 in

117 1100 406 1138 occurrentibus
450 1100 555 1139 vitae
595 1100 894 1139 circumstantiis
938 1104 1028 1138 sunt
1068 1105 1329 1150 comparatae.
1397 1100 1555 1147 Restat,
1595 1104 1639 1138 ut
1678 1099 1753 1138 hoc
1793 1101 1912 1140 etiam

117 1157 402 1207 confirmemus,
445 1158 670 1197 coelestium
701 1159 991 1209 suppositiones
1030 1158 1080 1196 ad
1116 1159 1387 1209 proportiones
1418 1158 1662 1198 harmonicas
1701 1170 1786 1197 esse
1818 1171 1914 1198 con-

115 1215 381 1266 formatasw).
443 1215 518 1256 Ubi
550 1219 705 1266 gemina
738 1219 803 1255 via
835 1216 1069 1265 incedemus,
1102 1229 1180 1256 una
1202 1217 1406 1264 communi,
1439 1216 1486 1256 de
1507 1217 1687 1256 omnibus
1708 1221 1776 1255 aut
1796 1229 1914 1267 quam

116 1275 314 1326 plurimis3
347 1275 469 1315 altera
499 1276 706 1326 singulari,
741 1276 787 1314 de
820 1275 983 1325 singulis
1014 1287 1169 1321 eorum,
1209 1287 1310 1325 quae
1339 1275 1603 1325 particulatim
1634 1275 1915 1325 comprehensa

116 1332 307 1385 suntVH).
370 1333 540 1373 Priorem
583 1339 620 1372 et
651 1345 894 1372 communem
925 1334 1015 1372 hinc
1047 1333 1260 1383 ordiemur3
1302 1333 1406 1384 qnod
1438 1335 1539 1372 enim
1579 1334 1690 1372 initio
1722 1333 1912 1383 videmuS,

116 1392 202 1431 sola
238 1392 476 1431 intervallari
516 1395 686 1431 motione
728 1398 765 1431 et
804 1403 921 1431 sonos
962 1393 1186 1442 pertransiri
1216 1392 1450 1442 absolvique
1492 1397 1532 1431 et
1570 1390 1746 1431 similiter
1783 1397 1912 1431 motus

117 1450 304 1490 coelestes
335 1450 493 1499 locales,
526 1451 581 1489 sic
611 1457 655 1489 ut
685 1451 833 1489 nullam
865 1450 933 1488 illa
962 1450 1208 1489 alterativam
1240 1452 1493 1489 mutationem
1513 1450 1755 1490 substantiae
1781 1462 1912 1490 secum

116 1509 256 1556 trahat,
290 1521 337 1548 ea
367 1511 457 1560 ipsa
488 1521 528 1548 re
561 1511 751 1548 evincitur
782 1508 1068 1559 quodammodo
1100 1506 1454 1560 propositumV¹11).

234 1567 409 1606 Alterum
440 1572 711 1618 argumentum
742 1567 817 1606 hoc
848 1573 918 1616 est,
951 1567 1055 1617 quod
1088 1573 1126 1605 et
1156 1567 1383 1606 coelestium
1415 1578 1618 1617 corporum
1649 1566 1913 1606 revolutiones

118 1638 264 1665 omnes.
282 1626 487 1665 circulares
518 1631 608 1665 sunt
638 1631 677 1665 et
707 1626 909 1665 ordinatae
940 1625 1228 1676 regularesque,
1261 1630 1300 1664 et
1329 1630 1584 1677 systematum
1603 1624 1913 1665 harmonicorum

117 1684 385 1724 absolutiones
425 1685 853 1735 redintegrationesque
896 1684 1072 1723 similiter
1102 1681 1327 1735 habentIX).
1388 1684 1488 1722 Nam
1525 1685 1596 1723 etsi
1634 1686 1808 1723 extensio
1847 1695 1912 1722 or-

118 1743 344 1794 dinatioque
375 1755 557 1782 sonorum
589 1744 628 1781 in
659 1748 767 1782 recta
796 1744 902 1782 linea
934 1742 1056 1781 veluti
1087 1742 1295 1781 succedere
1326 1742 1480 1781 videtur
1498 1740 1561 1794 X),
1604 1747 1646 1780 at
1674 1743 1841 1783 facultas
1874 1747 1914 1780 et

117 1801 219 1853 quod
251 1803 336 1840 soni
369 1807 471 1840 certo
501 1802 618 1841 modo
650 1807 741 1840 sunt
778 1803 877 1841 inter
908 1814 948 1840 se
980 1798 1315 1854 comparati¹(qui
1345 1800 1484 1839 modus
1523 1802 1696 1851 ipsorum
1718 1802 1912 1852 proprius

117 1862 195 1912 est)
226 1859 501 1899 determinatur
532 1868 569 1900 et
601 1862 874 1910 constringitur
913 1861 952 1897 in
983 1871 1102 1897 unum
1134 1859 1378 1909 eundemque
1410 1859 1612 1898 circuitum
1653 1858 1702 1897 ad
1734 1870 1909 1898 normam

116 1920 298 1958 motionis
331 1918 614 1971 circula1·isX1);
657 1920 739 1957 acsi
768 1931 817 1957 ne
858 1919 918 1956 sui
958 1917 1114 1967 quidem
1145 1919 1375 1968 principium
1417 1916 1576 1967 aliquod
1607 1921 1746 1956 natura
1787 1917 1911 1966 detur,

116 1977 183 2016 sed
214 1978 408 2027 positione
439 1978 564 2016 solum
596 1981 816 2015 assumatur
846 1977 945 2015 alias
976 1975 1103 2024 aliud,
1146 1977 1186 2013 in
1217 1976 1324 2015 locos
1364 1976 1496 2014 ordine
1537 1975 1912 2026 succedentespro-

117 2037 318 2086 gressuris.
379 2036 471 2075 Sive
513 2047 605 2086 ergo
650 2037 737 2085 quis
779 2035 964 2074 circulum
1006 2036 1203 2084 signorum
1243 2035 1382 2073 mentis
1419 2035 1697 2083 imaginatione
1737 2039 1842 2074 secet
1873 2035 1911 2071 in

117 2094 300 2133 alterutro
331 2100 561 2144 punctorum
603 2093 949 2143 aequinoctialium
986 2097 1025 2131 et
1053 2092 1177 2131 veluti
1208 2092 1443 2142 explicatum
1475 2085 1602 2140 ¹inque
1640 2092 1799 2141 longum
1841 2103 1911 2131 ex-

119 2160 270 2192 tensum
301 2153 471 2203 applicet
502 2153 704 2203 systemati
736 2152 906 2201 perfecto
939 2150 1188 2200 disdiapason
1228 2150 1441 2189 seeundum
1473 2149 1658 2200 aequales
1695 2149 1911 2199 longitudi-

117 2223 207 2259 nes,
239 2217 423 2262 punctum
454 2211 619 2250 alterum
650 2209 959 2259 aequinoctiale,
999 2209 1036 2244 in
1070 2220 1146 2257 quo
1179 2211 1298 2246 sectio
1337 2220 1412 2246 non
1447 2213 1505 2246 est
1535 2208 1660 2256 facta,
1695 2208 1842 2247 incidet
1872 2209 1910 2246 in

119 2281 271 2317 mesen3
311 2275 351 2308 at
391 2270 521 2309 circuli
561 2270 654 2307 secti
687 2270 874 2306 terminus
915 2267 1011 2306 alter
1041 2266 1080 2304 in
1107 2267 1544 2316 proslambanomenon,
1584 2266 1682 2305 alter
1719 2267 1757 2303 in
1794 2271 1908 2305 neten

119 2327 430 2379 hyperbolaeon3
466 2329 551 2366 sive
583 2339 603 2365 e
636 2329 828 2366 contrario
867 2330 1037 2376 systema
1067 2323 1317 2374 disdiapason
1359 2326 1398 2362 in
1429 2324 1613 2363 circulum
1653 2329 1909 2374 contorqueas

122 2390 328 2436 potestate,
362 2392 401 2425 et
430 2387 622 2436 coaptatis
653 2386 824 2424 invicem
855 2389 943 2423 nete
973 2382 1262 2433 hyperbolaeon
1296 2387 1334 2421 et
1363 2381 1781 2433 proslambanomenon
1812 2382 1910 2421 duos

118 2447 268 2483 sonitus
289 2445 328 2481 in
348 2457 466 2483 unum
486 2445 695 2494 redegeris,
728 2445 820 2482 unio
851 2443 949 2481 haec
980 2440 1255 2479 diametraliter
1277 2440 1432 2490 quidem
1453 2445 1670 2491 opponetur
1696 2442 1771 2490 ipsi
1791 2452 1908 2489 mese,

119 2514 241 2542 nexus
271 2504 343 2541 iste
383 2505 453 2542 erit
485 2514 578 2541 vero
611 2502 660 2540 ad
692 2503 817 2552 ipsam
856 2499 1093 2539 concordans
1134 2500 1173 2535 in
1204 2499 1421 2538 identisono
1455 2495 1746 2552 diapasonXss).
1793 2498 1909 2548 ‘Quin

119 2562 236 2600 etiam
265 2561 339 2599 hac
370 2563 435 2599 via
464 2560 724 2610 probabilitas
754 2559 872 2609 hujus
904 2557 1203 2607 comparationis
1234 2557 1454 2604 stabilitur,¹
1472 2556 1577 2607 quod
1606 2569 1685 2595 non
1715 2557 1911 2596 absimilia

120 2620 348 2668 contingunt
378 2619 617 2669 oppositioni
650 2617 868 2657 diametrali
900 2617 938 2653 in
971 2614 1112 2653 circulo
1144 2616 1208 2663 iis,
1252 2627 1351 2664 quae
1383 2616 1484 2654 circa
1514 2614 1700 2665 diapason
1737 2614 1910 2654 accidere

120 2675 586 2726 demonstravimusXffl).
646 2675 746 2714 Nam
785 2678 824 2713 in
857 2674 1101 2724 oppositione
1144 2673 1479 2723 comprehenditur
1517 2675 1617 2712 ratio
1654 2672 1774 2722 dupla
1813 2674 1911 2712 inter

119 2741 242 2774 totum
284 2736 466 2774 circulum
510 2740 548 2774 et
591 2734 874 2773 semicirculum
888 2729 992 2781 XIV),
1043 2730 1330 2781 plurimumque
1373 2730 1621 2779 aequalitatis
1664 2742 1757 2780 prae
1804 2735 1911 2770 cete-

118 2794 170 2831 ris
184 2791 276 2842 XV),
322 2801 360 2832 et
401 2792 506 2843 quod
554 2804 623 2843 per
664 2798 834 2832 centrum
876 2789 1008 2828 circuli
1047 2800 1125 2826 una
1155 2789 1240 2828 sola
1279 2789 1465 2828 diameter
1502 2790 1719 2828 necessario
1750 2788 1908 2835 incedit,

122 2863 223 2899 quae
254 2853 378 2902 prima
409 2863 528 2890 causa
558 2856 616 2889 est
647 2850 895 2903 aequalitatis
928 2844 1190 2896 figuraexvl),
1224 2848 1406 2897 quodque
1437 2858 1536 2896 quae
1565 2847 1679 2900 aliter
1699 2845 1909 2885 traducun-

120 2914 202 2957 tur,
241 2910 312 2948 etsi
345 2910 692 2949 circumferentiam
731 2914 852 2947 totam
891 2907 928 2942 in
960 2909 1207 2954 quotcunque
1242 2911 1372 2955 partes
1412 2904 1596 2953 aequales
1628 2903 1825 2951 dividant,
1868 2906 1909 2942 at

121 2976 196 3003 non
238 2968 293 3006 sic
324 2973 362 3006 et
392 2973 515 3006 totum
558 2967 719 3017 planum
731 2995 754 3015 ,,
786 2965 971 3004 diameter
1011 2974 1103 3000 vero
1142 2967 1180 3002 et
1210 2963 1555 3002 circumferentiam
1597 2967 1636 3001 et
1663 2962 1822 3012 planum
1851 2961 1908 2998 si-

121 3023 259 3062 militer
271 3023 389 3079 XVH).
449 3025 552 3064 Hinc
583 3033 652 3075 est,
686 3024 790 3076 quod
822 3021 1145 3071 configurationes
1167 3026 1357 3060 astrorum
1376 3020 1524 3060 zodiaci
1546 3018 1790 3060 diametrales
1810 3020 1908 3057 inter
