1988 3276
110 136 162 174 62
606 132 794 179 Epistulae
816 133 966 180 Kepleri
987 134 1208 181 aliorumque
1231 139 1380 171 mutuae

108 251 226 283 Terrae
250 260 362 283 rursus
387 252 602 295 obsistentes,
634 250 692 285 sed
715 261 774 293 per
796 252 961 285 inscitiam
988 254 1174 295 complures
1199 254 1390 295 opinionem
1415 253 1456 285 de
1478 253 1586 292 geniis
1607 252 1901 294 profundissimam

109 301 201 329 tuam
228 299 365 330 evellere
391 299 607 330 connitentes.
657 298 962 342 Quomodocunque
986 310 1037 333 res
1061 310 1133 333 sese
1156 301 1325 343 habuerit,
1350 304 1389 332 tu
1411 299 1476 332 tibi
1499 300 1644 332 nominis
1668 299 1900 332 immortalita-

109 347 209 376 tatem
236 346 474 386 comparaveris
499 347 532 376 οι
556 355 615 385 ego
639 348 716 377 tuus
741 350 925 388 opportune
951 348 1139 389 explorator
1169 357 1241 390 ero,
1275 348 1413 388 relator,
1439 349 1621 390 protector,
1652 355 1783 388 semper
1805 355 1900 378 verus

107 391 231 423 amicus
267 396 299 422 et
332 401 452 423 servus.
495 392 685 424 Animalem
711 393 900 425 facultatem
925 395 961 425 in
994 395 1164 426 elementis
1195 403 1334 435 ponere,
1369 393 1562 435 praesertim
1585 393 1620 424 in
1645 393 1762 432 Terra,
1795 395 1834 424 ut
1863 395 1900 424 tu

108 438 200 478 facis,
226 439 346 470 scimus
371 439 526 481 antiquos
542 440 721 471 nonnullos
739 440 946 473 contendisse
961 441 1192 482 philosophos.
1232 441 1292 473 Sin
1315 449 1391 473 vero
1414 440 1523 483 nobis,
1543 440 1706 482 ‘quoniam
1722 438 1901 471 Christiani

107 494 231 526 sumus,
256 485 336 517 haec
360 489 393 516 et
416 486 539 517 similia
563 487 725 527 speculari
750 486 976 523 interdicitur.
1001 497 1176 529 possumus
1201 488 1242 519 ab
1267 488 1414 520 acuendo
1437 486 1570 526 ingenio
1594 485 1751 518 desistere
1782 490 1816 518 et
1845 486 1899 518 lu-

106 532 198 562 mina
222 532 342 563 mentis
369 533 591 575 exstinguere,
621 533 807 574 penetralia
840 534 1016 566 abhorrere
1046 538 1182 566 naturae
1215 537 1248 565 et
1281 535 1437 566 virtutem
1469 533 1706 575 veritatemque
1737 536 1900 575 tanquam

106 582 267 609 mortuam
292 579 478 610 recondere.
526 579 632 619 Igitur
656 580 737 622 quid
762 580 798 611 in
821 580 884 612 hoc
907 582 1079 622 proposito
1105 584 1287 624 exspectas,
1310 585 1349 614 ut
1370 581 1435 612 tibi
1459 589 1518 619 ego
1535 580 1776 621 respondeam?
1801 578 1900 620 Quod

106 626 321 664 cogitationes
345 626 513 658 mirabiles
538 635 605 657 non
623 635 751 658 enarres
775 624 876 661 tuas?
918 627 1028 671 Quod,
1053 629 1135 670 quia
1151 628 1351 659 documenta
1375 637 1442 659 non
1465 626 1566 658 facile
1582 627 1713 668 capient
1728 629 1786 658 tua
1801 626 1899 658 rudes

106 674 138 702 et
161 671 297 712 indocti,
323 675 359 703 tu
383 676 557 713 propterea
581 674 746 713 sapientes
770 682 837 704 non
861 676 967 714 magis
993 676 1153 706 edoceas?
1186 675 1383 706 Aristoteles
1399 673 1615 713 Physicomm
1637 672 1743 705 libros
1766 681 1834 704 non
1858 672 1900 704 ad

107 718 265 750 stolidum
290 718 445 750 Graeciae
469 720 623 762 vulgum,
657 720 715 751 sed
744 720 786 750 ad
810 722 1006 762 praecipuos
1031 722 1236 753 Athenarum
1263 721 1479 761 philosophos
1503 720 1651 761 scripsit3
1683 720 1732 751 sic
1764 722 1802 752 tu
1832 728 1898 751 non

53 766 60 773 ”
105 765 298 805 vulgaribus
323 766 525 808 hominibus,
553 767 643 808 quod
664 769 732 806 jam
757 766 852 798 video
878 771 910 798 te
934 769 1044 809 ipsum
1068 768 1226 800 annuisse
1247 768 1285 798 in
1308 771 1369 799 tua
1384 766 1612 798 admonitione
1636 766 1680 798 ad
1693 766 1898 806 bibliopolas

105 814 146 850 (v.
173 821 198 844 5.
224 821 258 852 p.
285 813 304 843 8
332 815 363 843 et
381 810 455 855 60).
481 813 579 853 plena
604 813 830 855 eloquentiae,
854 814 956 854 plena
979 814 1153 855 gravitatis
1179 817 1211 845 et
1234 815 1416 857 religionis.
1463 812 1575 845 Motus
1599 812 1719 844 Terrae
1743 814 1772 844 si
1797 822 1899 854 parvo

104 860 236 898 negotio
261 862 318 890 aut
342 868 382 889 ex
407 859 551 891 siderum
576 861 698 902 positu,
724 863 781 891 aut
805 869 846 891 ex
862 862 960 892 maris
978 862 1080 902 fluxu,
1105 863 1162 892 aut
1186 870 1228 892 ex
1250 861 1361 893 insitis
1379 860 1498 903 causis,
1523 862 1583 890 aut
1598 868 1639 891 ex
1655 859 1900 891 mathematicis

104 906 291 937 rationibus
316 907 508 946 conjicitur,
543 907 750 938 facilioribus
776 911 809 938 et
832 908 1050 948 amplioribus
1075 908 1276 947 argumentis
1301 908 1442 940 facultas
1466 906 1621 939 animalis
1644 907 1839 947 probabitur
1862 907 1898 940 111

104 952 188 992 ipsa.
238 953 344 994 Atqui
369 954 467 984 etiam
492 955 520 984 si
546 953 644 984 Terra
668 963 734 984 non
759 957 958 997 moveretur,
990 956 1133 987 rationes
1166 963 1233 985 non
1259 954 1433 986 deficerent
1463 962 1523 994 pro
1547 953 1684 984 animali
1707 962 1768 985 sua
1791 953 1898 985 facul-

103 1002 181 1030 tate.
229 1000 280 1030 Ex
307 1000 429 1041 quibus
453 1000 593 1031 aliorum
617 1001 799 1031 nonnullae
824 1002 853 1031 si
870 1002 1054 1033 rationibus
1078 1002 1146 1033 tuis
1169 1002 1400 1042 insererentur,
1425 999 1548 1032 radioli
1571 1003 1681 1032 essent
1704 1000 1899 1032 subobscuri

103 1055 177 1076 cum
203 1046 393 1078 clarissimis
426 1047 493 1077 tuis
525 1047 709 1078 luminibus
739 1048 907 1087 permixti.
956 1047 1142 1090 „Cedamus
1166 1047 1301 1079 Phoebo
1326 1051 1358 1079 et
1382 1047 1501 1079 moniti
1524 1046 1661 1078 meliora
1685 1044 1896 1089 sequamnr“.

101 1092 232 1123 Mittam
258 1102 328 1124 cras
353 1093 546 1124 accersitum
570 1094 787 1133 bibliopolam
812 1097 845 1125 et
868 1094 964 1126 illum
989 1095 1182 1127 conveniam
1207 1094 1246 1126 de
1262 1093 1517 1135 Ephemeridum
1534 1093 1743 1135 aliorumque
1766 1097 1898 1125 tuorum

100 1139 259 1170 librorum
282 1149 427 1172 numer0.
475 1140 646 1181 Inquiram
680 1149 895 1182 quaecunque
921 1142 1057 1173 mandas
1089 1145 1122 1173 et
1146 1141 1186 1172 de
1211 1142 1364 1173 omnibus
1387 1144 1420 1172 te
1444 1142 1560 1181 postea
1583 1149 1683 1181 quam
1707 1139 1896 1180 diligentis·

101 1187 181 1217 sime
205 1187 323 1218 faciam
348 1187 530 1220 certiorem.
581 1187 683 1226 Libri,
710 1197 794 1229 quos
815 1187 858 1218 ad
881 1197 932 1220 me
956 1189 1079 1232 mittis,
1105 1188 1213 1220 adhuc
1234 1189 1270 1220 in
1295 1189 1412 1219 itinere
1437 1189 1530 1226 sunt3
1566 1195 1646 1219 auro
1670 1187 1796 1218 ornabo
1819 1186 1897 1218 illos

101 1236 134 1263 et
157 1233 209 1264 illi
233 1234 378 1264 animum
402 1234 601 1265 inaurabnnt
624 1243 734 1265 meum
752 1258 761 1268 .
789 1257 797 1266 .
821 1259 830 1267 .
857 1259 864 1267 .

217 1279 346 1312 Marcus
371 1280 536 1311 Antonius
562 1280 602 1312 de
626 1280 779 1312 Dominis
803 1281 896 1321 vivit,
922 1285 955 1313 et
976 1282 1071 1325 vivit,
1092 1284 1130 1313 ut
1154 1284 1187 1313 et
1211 1290 1288 1313 suos
1313 1283 1451 1313 conatus
1476 1282 1509 1312 et
1533 1283 1627 1311 tuum
1650 1280 1897 1321 prognosticum

102 1326 248 1367 impleat.
299 1328 373 1358 Vox
399 1336 531 1368 quoque
555 1328 611 1358 1110
635 1330 720 1368 erat,
745 1327 840 1359 illum
867 1329 1005 1372 obiisse,
1037 1328 1095 1360 sed
1120 1337 1160 1359 ex
1184 1328 1312 1359 ultimis
1335 1328 1441 1362 literis
1467 1327 1606 1359 oratoris
1631 1327 1741 1362 nostri,
1761 1327 1795 1357 in
1820 1326 1896 1358 Bri-

101 1375 214 1404 tannia
237 1374 322 1405 nihil
347 1377 406 1405 est.
459 1374 713 1413 Prognosticum
738 1377 832 1405 tuum
857 1375 897 1406 de
920 1376 1035 1417 aliquo
1058 1375 1284 1406 haeresiarcha
1303 1376 1372 1414 jam
1396 1375 1468 1406 vice
1493 1373 1618 1405 oraculi
1633 1382 1740 1414 pono,
1763 1373 1896 1405 tametsi

100 1421 249 1452 nondum
274 1421 428 1464 legerim,
463 1421 550 1451 nihil
582 1421 671 1452 enim
694 1424 731 1451 tu
755 1422 839 1452 mihi
863 1421 985 1453 videris
1018 1423 1089 1453 sine
1122 1422 1253 1453 fortiori
1285 1421 1397 1463 aliqua
1429 1422 1557 1452 ratione
1588 1420 1693 1462 loqui.
1743 1420 1841 1459 Quod
1864 1420 1896 1457 si

101 1477 213 1499 omnes
236 1468 284 1499 ita
307 1468 467 1510 facerent,
500 1476 567 1498 non
590 1470 641 1498 tot
666 1471 855 1499 emanarent
884 1468 1059 1500 futilitates
1090 1472 1123 1500 et
1146 1468 1306 1501 fallaciae.
1333 1485 1378 1491 -
1402 1468 1484 1500 Vale
1508 1466 1569 1498 Vir
1593 1467 1838 1508 sapientissime
1863 1469 1897 1498 et

101 1514 172 1546 dies
196 1523 293 1554 super
319 1514 390 1545 dies
415 1514 505 1545 Deus
531 1514 569 1547 Ο.
594 1513 639 1545 Μ,
665 1513 811 1554 adjiciat.
860 1515 1009 1546 Venetiis
1033 1515 1120 1555 prid.
1146 1514 1195 1546 Id.
1219 1514 1319 1548 Mart.
1346 1512 1448 1548 1619.

214 1568 275 1599 His
292 1565 499 1607 Keplerus
523 1566 695 1608 respondit
718 1567 835 1607 paucis
860 1568 969 1599 verbis
992 1567 1131 1608 postrid.
1155 1567 1208 1601 Id.
1222 1567 1349 1607 Aprilis
1375 1564 1482 1601 1619:
1514 1560 1576 1599 Ill.
1608 1559 1759 1599 Comes.
1827 1559 1898 1598 Li-

97 1625 198 1659 teras
228 1625 315 1659 tuas
346 1621 479 1670 accepi
509 1631 542 1659 c.
572 1620 687 1659 finem
707 1620 850 1670 Martii,
881 1621 1106 1661 ineuntibus
1136 1619 1316 1659 nundinis
1338 1621 1494 1672 nostris,
1525 1629 1626 1669 quae
1653 1618 1780 1658 solent
1811 1629 1896 1658 esse

98 1690 284 1730 perquam
326 1678 600 1718 tumultuosae.
669 1678 778 1729 Quae
808 1681 926 1730 igitur
953 1678 1016 1721 ΠΙ
1054 1679 1172 1730 Dign.
1203 1678 1290 1717 Tua
1325 1679 1439 1730 petiit
1469 1680 1651 1727 (calculum
1663 1680 1896 1722 astrologicam

99 1742 142 1773 ad
166 1743 300 1782 genesin
324 1740 465 1773 Blanchi
487 1743 735 1787 pertinentem),
766 1739 897 1778 statim
927 1742 971 1776 ut
999 1739 1110 1789 potui
1127 1737 1263 1777 effecta
1283 1735 1387 1788 dedi,
1418 1748 1518 1787 quae
1548 1736 1714 1787 accipiet
1742 1732 1897 1784 adjecta

99 1795 242 1834 charta.
299 1794 419 1834 Plura
447 1806 550 1834 nunc
579 1797 618 1833 111
649 1797 772 1836 turbis
792 1792 1050 1836 nundinarum
1069 1807 1234 1846 nequeo.
1295 1794 1410 1834 Addo
1439 1793 1614 1835 residuas
1633 1793 1798 1846 paginas
1826 1803 1896 1831 us-

99 1865 173 1903 que
204 1852 255 1892 ad
283 1852 398 1892 finem
427 1854 516 1893 libri
535 1854 610 1903 V.‚
641 1854 739 1894 liber
759 1855 791 1894 I.
825 1861 863 1894 et
884 1855 935 1893 II.
971 1854 1193 1907 propediem
1223 1854 1295 1892 sub
1325 1853 1476 1904 prelum
1504 1854 1688 1893 mittetur.
1739 1850 1801 1891 De
1821 1863 1895 1903 ap-

97 1911 259 1963 pendice
290 1923 382 1950 vero
412 1912 506 1950 mihi
536 1913 776 1952 renunciavit
805 1912 1084 1965 typographus.
1134 1912 1273 1962 Itaque
1303 1913 1431 1962 cogito
1461 1911 1568 1951 illam
1597 1910 1750 1949 mittere
1770 1908 1896 1948 Fran-

97 1970 297 2009 cofurtum.
359 1970 459 2010 Vale
490 1970 621 2010 Decus
641 1970 880 2011 Nobilitatis.

1303 2027 1446 2066 Illustr.
1478 2026 1529 2066 D.
1560 2025 1606 2065 Τ.
1640 2025 1835 2065 officiosus

1438 2084 1482 2124 J.
1514 2083 1725 2134 Keplerus.

216 2171 448 2204 Blanchus
484 2174 520 2204 in
553 2174 658 2205 literis
684 2172 715 2204 d.
743 2171 771 2206 1.
796 2171 870 2204 Jan.
904 2169 997 2205 1620
1037 2172 1143 2203 amice
1173 2171 1352 2210 exprobrat
1384 2170 1528 2210 Keplero
1562 2169 1734 2203 silentium
1765 2169 1895 2202 diutur—

98 2228 188 2261 num,
216 2219 342 2252 addens
366 2221 488 2251 librum
514 2219 645 2262 (Parere
677 2221 805 2250 interno
837 2219 900 2250 ulli
932 2219 1090 2250 caracteri
1122 2219 1180 2250 che
1211 2226 1294 2248 50110
1324 2226 1421 2257 sopra
1452 2217 1582 2249 manico
1614 2217 1670 2249 del
1693 2216 1826 2250 coltello
1851 2216 1892 2248 de

98 2265 130 2297 S.
155 2266 265 2298 Pietro
292 2264 373 2309 etc.)
408 2276 528 2308 „quem
560 2270 672 2298 nostra
705 2266 826 2298 excudi
850 2265 1053 2297 desideravit
1075 2261 1298 2305 respublica&
1348 2263 1511 2303 Keplerus
1535 2264 1587 2295 his
1612 2263 1742 2306 culpam
1765 2260 1892 2296 silentii

97 2313 504 2353 ‹111uit1111ustrissime
526 2312 676 2353 Comes.
728 2313 791 2352 Ab
821 2313 868 2350 iis
897 2312 1033 2361 literis,
1066 2323 1163 2362 quas
1194 2310 1291 2363 prid.
1313 2310 1371 2349 ld.
1392 2310 1524 2349 Martii
1555 2311 1736 2351 a.1619
1766 2312 1891 2363 scrip-

98 2373 192 2420 sisti,
224 2374 366 2423 primas
395 2384 497 2412 nunc
527 2373 674 2424 accipio
706 2371 787 2411 Cal.
819 2370 910 2410 Jan.
950 2370 1059 2409 1620
1091 2371 1276 2420 signatas.
1338 2368 1436 2407 Cum
1465 2369 1567 2408 enim
1606 2374 1796 2409 mercator
1823 2368 1890 2408 ille

95 2429 295 2482 Venetus,
325 2430 497 2482 Schoper
528 2430 677 2483 dictus,
718 2428 892 2480 ejusdem
922 2430 1143 2468 mercatoris
1174 2427 1388 2467 Wclsensis
1419 2429 1578 2478 negotia
1608 2427 1785 2467 Venetiis
1814 2438 1889 2479 ge-

94 2494 174 2535 rat,
214 2489 323 2538 quus
361 2491 519 2539 negotia
549 2489 673 2528 Lincii
712 2489 811 2539 gerit
839 2487 1132 2538 Pergheimerus
1147 2516 1159 2538 ,
1195 2486 1332 2537 plenus
1375 2496 1446 2536 ego
1478 2485 1743 2526 admirationis
1772 2496 1889 2538 super

97 2551 164 2585 tuo
196 2546 348 2586 silentio
381 2547 554 2596 quotidie
585 2548 663 2586 fere
693 2547 840 2585 accessi
869 2550 1071 2596 rogatum,
1112 2555 1206 2582 num
1236 2543 1328 2594 quid
1358 2543 1534 2583 Venetiis
1573 2545 1765 2597 acceperit
1793 2543 1887 2583 lite-

95 2617 242 2657 rarum,
283 2605 442 2654 jamque
473 2607 654 2644 convenit
695 2606 793 2642 inter
823 2615 915 2655 nos,
952 2604 1202 2641 scriberemus
1243 2602 1294 2640 ad
1324 2601 1583 2653 Schoperum,
1626 2607 1808 2653 rogantes
1838 2601 1886 2641 (10

94 2664 208 2702 1011115
238 2662 299 2701 Ill.
332 2663 433 2703 Clar
466 2663 596 2715 Tuae,
629 2674 797 2712 quonam
827 2666 955 2700 essent
984 2661 1073 2699 illae
1104 2660 1204 2699 loco.
1263 2660 1375 2699 Nunc
1405 2660 1630 2700 fasciculum
1659 2662 1778 2699 istum
1807 2671 1885 2699 non

96 2720 413 2773 Pergheimerus,
454 2721 523 2761 sed
553 2721 778 2760 tabellarius
806 2719 1111 2769 Salisburgensis
1143 2717 1334 2758 Welsium
1367 2719 1498 2758 attulit
1531 2708 1725 2768 deditque
1755 2717 1884 2758 tabel-

97 2778 193 2818 lario
223 2779 291 2819 alii
321 2779 497 2818 Lincium
529 2780 693 2818 currenti
734 2783 772 2817 et
800 2777 1013 2816 mercedem
1044 2777 1262 2816 cursoribus
1293 2776 1460 2828 publicis
1501 2775 1731 2816 solvendam
1767 2789 1793 2816 a
1820 2788 1882 2816 me

95 2840 235 2887 exegit.
294 2837 379 2876 Nisi
409 2838 547 2876 fallunt
576 2849 636 2876 me
667 2839 764 2875 istae
785 2836 1107 2886 circumstantiae,
1137 2834 1313 2885 repudiat
1337 2839 1524 2874 mercator
1542 2834 1757 2874 Welsensis
1785 2835 1883 2874 haec

95 2895 355 2948 internuncia,
393 2896 489 2934 forte
520 2896 612 2945 quia
639 2906 708 2945 per
737 2894 1001 2944 Schopperum
1031 2894 1105 2944 ipsi
1134 2895 1334 2943 negotium
1365 2893 1517 2945 dedisti,
1553 2892 1786 2942 numerandi,
1808 2904 1882 2944 pe-

95 2954 227 2992 cunias
256 2965 326 3003 pro
357 2953 485 3003 libris,
516 2966 605 2992 nam
635 2953 827 3004 acceperis
855 2951 975 2990 libros
995 2962 1128 2998 necne,
1161 2951 1381 2991 adhucdum
1399 2953 1565 2990 incertus
1593 2962 1691 3000 sum,
1721 2950 1880 2990 literae-

95 3022 191 3059 que,
230 3012 371 3060 quibus
402 3011 441 3050 id
471 3011 605 3062 procul
636 3011 753 3050 dubio
783 3009 1035 3061 significasti,
1070 3009 1204 3048 fraude
1234 3010 1370 3049 talium
1399 3010 1635 3049 πλεονεκτων
1672 3007 1880 3048 intercide-

93 3074 191 3107 runt.
251 3069 390 3117 Itaque
420 3075 526 3108 ratus
558 3071 758 3108 occasione
787 3067 984 3115 utendum,
1016 3066 1150 3106 eadem
1180 3068 1246 3106 via
1276 3080 1296 3107 e
1324 3068 1488 3117 vestigio
1519 3068 1727 3107 rescribere
1755 3067 1879 3117 volui,

96 3130 138 3165 ut
167 3128 294 3176 scires,
328 3127 420 3176 quid
451 3132 637 3178 ageretur.
698 3126 846 3176 Quodsi
877 3126 1129 3177 rescripseris,
1161 3127 1404 3165 occasionem
1434 3124 1606 3175 ostende,
1638 3136 1716 3176 qua
1746 3129 1878 3165 trans-
