<?xml version="1.0" encoding="UTF-8"?>
<!DOCTYPE html PUBLIC "-//W3C//DTD XHTML 1.0 Transitional//EN"
    "http://www.w3.org/TR/xhtml1/DTD/xhtml1-transitional.dtd">
<html xmlns="http://www.w3.org/1999/xhtml" xml:lang="en" lang="en">
 <head>
  <title>
</title>
<meta http-equiv="Content-Type" content="text/html;charset=utf-8" />
  <meta name='ocr-system' content='tesseract 3.04.00' />
  <meta name='ocr-capabilities' content='ocr_page ocr_carea ocr_par ocr_line ocrx_word'/>
</head>
<body>
  <div class='ocr_page' id='page_1' title='image "./operaomniaedidit05kepluoft_0275.png"; bbox 0 0 1994 3276; ppageno 0'>
   <div class='ocr_carea' id='block_1_1' title="bbox 755 95 1861 181">
    <p class='ocr_par' dir='ltr' id='par_1_1' title="bbox 755 95 1861 181">
     <span class='ocr_line' id='line_1_1' title="bbox 755 95 1861 181; baseline 0.002 -13"><span class='ocrx_word' id='word_1_1' title='bbox 755 129 866 181; x_wconf 61' lang='lat' dir='ltr'><strong>mser</strong></span> <span class='ocrx_word' id='word_1_2' title='bbox 881 128 944 169; x_wconf 75' lang='lat' dir='ltr'><strong>tv.</strong></span> <span class='ocrx_word' id='word_1_3' title='bbox 969 95 1176 178; x_wconf 59' lang='lat' dir='ltr'><strong>cmiv-n.</strong></span> <span class='ocrx_word' id='word_1_4' title='bbox 1777 129 1861 172; x_wconf 73' lang='lat'><strong>25⁷</strong></span> 
     </span>
    </p>
   </div>
   <div class='ocr_carea' id='block_1_2' title="bbox 68 246 1875 1983">
    <p class='ocr_par' dir='ltr' id='par_1_2' title="bbox 68 246 1869 1520">
     <span class='ocr_line' id='line_1_2' title="bbox 69 246 1862 303; baseline -0.002 -12"><span class='ocrx_word' id='word_1_5' title='bbox 69 249 362 301; x_wconf 60' lang='lat' dir='ltr'><strong>daemonem</strong></span> <span class='ocrx_word' id='word_1_6' title='bbox 389 249 706 303; x_wconf 81' lang='lat' dir='ltr'><strong>configurationis</strong></span> <span class='ocrx_word' id='word_1_7' title='bbox 735 260 824 289; x_wconf 83' lang='lat' dir='ltr'><strong>cum</strong></span> <span class='ocrx_word' id='word_1_8' title='bbox 851 250 1100 299; x_wconf 68' lang='lat' dir='ltr'><strong>aliis;.solus</strong></span> <span class='ocrx_word' id='word_1_9' title='bbox 1129 246 1221 289; x_wconf 82' lang='lat' dir='ltr'><strong>facit</strong></span> <span class='ocrx_word' id='word_1_10' title='bbox 1252 249 1413 289; x_wconf 79' lang='lat' dir='ltr'><strong>omnia?</strong></span> <span class='ocrx_word' id='word_1_11' title='bbox 1455 259 1581 300; x_wconf 81' lang='lat' dir='ltr'><strong>eaque</strong></span> <span class='ocrx_word' id='word_1_12' title='bbox 1610 259 1690 287; x_wconf 83' lang='lat' dir='ltr'><strong>non</strong></span> <span class='ocrx_word' id='word_1_13' title='bbox 1720 252 1765 286; x_wconf 87' lang='lat' dir='ltr'><strong>ut</strong></span> <span class='ocrx_word' id='word_1_14' title='bbox 1793 258 1862 288; x_wconf 75' lang='lat' dir='ltr'><strong>eu·</strong></span> 
     </span>
     <span class='ocr_line' id='line_1_3' title="bbox 69 306 1864 359; baseline -0.001 -13"><span class='ocrx_word' id='word_1_15' title='bbox 69 308 252 356; x_wconf 74' lang='lat' dir='ltr'><strong>rationis,</strong></span> <span class='ocrx_word' id='word_1_16' title='bbox 281 307 368 347; x_wconf 80' lang='lat' dir='ltr'><strong>sed</strong></span> <span class='ocrx_word' id='word_1_17' title='bbox 380 314 425 347; x_wconf 83' lang='lat' dir='ltr'><strong>ut</strong></span> <span class='ocrx_word' id='word_1_18' title='bbox 453 319 574 347; x_wconf 87' lang='lat' dir='ltr'><strong>causa</strong></span> <span class='ocrx_word' id='word_1_19' title='bbox 601 307 812 357; x_wconf 75' lang='lat' dir='ltr'><strong>naturalis,</strong></span> <span class='ocrx_word' id='word_1_20' title='bbox 842 315 1036 359; x_wconf 87' lang='lat' dir='ltr'><strong>quatenns</strong></span> <span class='ocrx_word' id='word_1_21' title='bbox 1064 319 1119 347; x_wconf 89' lang='lat' dir='ltr'><strong>sc.</strong></span> <span class='ocrx_word' id='word_1_22' title='bbox 1148 308 1314 347; x_wconf 80' lang='lat' dir='ltr'><strong>intendit</strong></span> <span class='ocrx_word' id='word_1_23' title='bbox 1342 309 1390 347; x_wconf 90' lang='lat' dir='ltr'><strong>iis</strong></span> <span class='ocrx_word' id='word_1_24' title='bbox 1420 308 1595 358; x_wconf 81' lang='lat' dir='ltr'><strong>partibus</strong></span> <span class='ocrx_word' id='word_1_25' title='bbox 1623 306 1794 347; x_wconf 79' lang='lat' dir='ltr'><strong>calorem</strong></span> <span class='ocrx_word' id='word_1_26' title='bbox 1824 310 1864 345; x_wconf 89' lang='lat' dir='ltr'><strong>et</strong></span> 
     </span>
     <span class='ocr_line' id='line_1_4' title="bbox 69 362 1865 417; baseline -0.001 -13"><span class='ocrx_word' id='word_1_27' title='bbox 69 370 251 413; x_wconf 64' lang='lat' dir='ltr'><strong>assum,</strong></span> <span class='ocrx_word' id='word_1_28' title='bbox 261 371 309 405; x_wconf 77' lang='lat' dir='ltr'><strong>ut</strong></span> <span class='ocrx_word' id='word_1_29' title='bbox 332 365 385 405; x_wconf 80' lang='lat' dir='ltr'><strong>ad</strong></span> <span class='ocrx_word' id='word_1_30' title='bbox 412 371 543 416; x_wconf 76' lang='lat' dir='ltr'><strong>partes</strong></span> <span class='ocrx_word' id='word_1_31' title='bbox 572 368 629 404; x_wconf 90' lang='lat' dir='ltr'><strong>sic</strong></span> <span class='ocrx_word' id='word_1_32' title='bbox 656 372 778 405; x_wconf 79' lang='lat' dir='ltr'><strong>tostas</strong></span> <span class='ocrx_word' id='word_1_33' title='bbox 799 377 847 405; x_wconf 81' lang='lat' dir='ltr'><strong>ex</strong></span> <span class='ocrx_word' id='word_1_34' title='bbox 867 372 991 406; x_wconf 85' lang='lat' dir='ltr'><strong>terrae</strong></span> <span class='ocrx_word' id='word_1_35' title='bbox 1021 366 1235 410; x_wconf 83' lang='lat' dir='ltr'><strong>visceribus</strong></span> <span class='ocrx_word' id='word_1_36' title='bbox 1255 367 1424 417; x_wconf 82' lang='lat' dir='ltr'><strong>exspiret</strong></span> <span class='ocrx_word' id='word_1_37' title='bbox 1443 371 1667 405; x_wconf 82' lang='lat' dir='ltr'><strong>attenuatus</strong></span> <span class='ocrx_word' id='word_1_38' title='bbox 1697 362 1865 404; x_wconf 72' lang='lat' dir='ltr'><strong>humor?</strong></span> 
     </span>
     <span class='ocr_line' id='line_1_5' title="bbox 69 421 1863 474; baseline -0.001 -13"><span class='ocrx_word' id='word_1_39' title='bbox 69 421 315 473; x_wconf 76' lang='lat' dir='ltr'><strong>Respondet),</strong></span> <span class='ocrx_word' id='word_1_40' title='bbox 346 425 539 463; x_wconf 81' lang='lat' dir='ltr'><strong>actionem</strong></span> <span class='ocrx_word' id='word_1_41' title='bbox 568 425 669 463; x_wconf 84' lang='lat' dir='ltr'><strong>hauc</strong></span> <span class='ocrx_word' id='word_1_42' title='bbox 695 424 912 463; x_wconf 76' lang='lat' dir='ltr'><strong>naturalem</strong></span> <span class='ocrx_word' id='word_1_43' title='bbox 941 423 1025 463; x_wconf 88' lang='lat' dir='ltr'><strong>Soli</strong></span> <span class='ocrx_word' id='word_1_44' title='bbox 1053 435 1133 463; x_wconf 90' lang='lat' dir='ltr'><strong>non</strong></span> <span class='ocrx_word' id='word_1_45' title='bbox 1162 435 1248 463; x_wconf 89' lang='lat' dir='ltr'><strong>esse</strong></span> <span class='ocrx_word' id='word_1_46' title='bbox 1276 424 1515 474; x_wconf 84' lang='lat' dir='ltr'><strong>negandam3</strong></span> <span class='ocrx_word' id='word_1_47' title='bbox 1546 430 1591 463; x_wconf 86' lang='lat' dir='ltr'><strong>at</strong></span> <span class='ocrx_word' id='word_1_48' title='bbox 1618 434 1668 462; x_wconf 83' lang='lat' dir='ltr'><strong>ea</strong></span> <span class='ocrx_word' id='word_1_49' title='bbox 1695 433 1774 461; x_wconf 82' lang='lat' dir='ltr'><strong>non</strong></span> <span class='ocrx_word' id='word_1_50' title='bbox 1803 425 1863 461; x_wconf 82' lang='lat' dir='ltr'><strong>est</strong></span> 
     </span>
     <span class='ocr_line' id='line_1_6' title="bbox 69 479 1863 533; baseline -0.001 -14"><span class='ocrx_word' id='word_1_51' title='bbox 69 480 191 519; x_wconf 82' lang='lat' dir='ltr'><strong>solius</strong></span> <span class='ocrx_word' id='word_1_52' title='bbox 219 492 342 521; x_wconf 75' lang='lat' dir='ltr'><strong>zonae</strong></span> <span class='ocrx_word' id='word_1_53' title='bbox 368 481 534 520; x_wconf 82' lang='lat' dir='ltr'><strong>torn‘dae</strong></span> <span class='ocrx_word' id='word_1_54' title='bbox 563 483 729 533; x_wconf 76' lang='lat' dir='ltr'><strong>propria,</strong></span> <span class='ocrx_word' id='word_1_55' title='bbox 758 482 827 521; x_wconf 90' lang='lat' dir='ltr'><strong>sed</strong></span> <span class='ocrx_word' id='word_1_56' title='bbox 857 483 975 521; x_wconf 86' lang='lat' dir='ltr'><strong>etiam</strong></span> <span class='ocrx_word' id='word_1_57' title='bbox 1003 493 1124 532; x_wconf 86' lang='lat' dir='ltr'><strong>penes</strong></span> <span class='ocrx_word' id='word_1_58' title='bbox 1151 493 1225 521; x_wconf 88' lang='lat' dir='ltr'><strong>nos</strong></span> <span class='ocrx_word' id='word_1_59' title='bbox 1254 484 1420 532; x_wconf 86' lang='lat' dir='ltr'><strong>spectari</strong></span> <span class='ocrx_word' id='word_1_60' title='bbox 1449 486 1595 532; x_wconf 87' lang='lat' dir='ltr'><strong>potest.-</strong></span> <span class='ocrx_word' id='word_1_61' title='bbox 1639 480 1740 520; x_wconf 79' lang='lat' dir='ltr'><strong>Nam</strong></span> <span class='ocrx_word' id='word_1_62' title='bbox 1770 479 1863 519; x_wconf 88' lang='lat' dir='ltr'><strong>Sole</strong></span> 
     </span>
     <span class='ocr_line' id='line_1_7' title="bbox 68 538 1863 592; baseline 0.001 -16"><span class='ocrx_word' id='word_1_63' title='bbox 68 540 111 576; x_wconf 90' lang='lat' dir='ltr'><strong>in</strong></span> <span class='ocrx_word' id='word_1_64' title='bbox 139 543 273 578; x_wconf 61' lang='grc' dir='ltr'>ποια-ο</span> <span class='ocrx_word' id='word_1_65' title='bbox 301 540 586 590; x_wconf 80' lang='lat' dir='ltr'><strong>hemisphaerio</strong></span> <span class='ocrx_word' id='word_1_66' title='bbox 615 551 685 591; x_wconf 89' lang='lat' dir='ltr'><strong>per</strong></span> <span class='ocrx_word' id='word_1_67' title='bbox 710 546 899 579; x_wconf 76' lang='lat' dir='ltr'><strong>aestatem</strong></span> <span class='ocrx_word' id='word_1_68' title='bbox 922 542 1166 589; x_wconf 86' lang='lat' dir='ltr'><strong>obversante,</strong></span> <span class='ocrx_word' id='word_1_69' title='bbox 1197 540 1422 592; x_wconf 90' lang='lat' dir='ltr'><strong>plerumque</strong></span> <span class='ocrx_word' id='word_1_70' title='bbox 1452 541 1691 590; x_wconf 65' lang='lat' dir='ltr'><strong>copiosiores</strong></span> <span class='ocrx_word' id='word_1_71' title='bbox 1721 538 1863 577; x_wconf 81' lang='lat' dir='ltr'><strong>imbres</strong></span> 
     </span>
     <span class='ocr_line' id='line_1_8' title="bbox 69 596 1864 649; baseline 0 -15"><span class='ocrx_word' id='word_1_72' title='bbox 69 596 275 645; x_wconf 87' lang='lat' dir='ltr'><strong>decidunt,</strong></span> <span class='ocrx_word' id='word_1_73' title='bbox 305 609 424 648; x_wconf 82' lang='lat' dir='ltr'><strong>quam</strong></span> <span class='ocrx_word' id='word_1_74' title='bbox 450 609 519 649; x_wconf 90' lang='lat' dir='ltr'><strong>per</strong></span> <span class='ocrx_word' id='word_1_75' title='bbox 547 597 733 647; x_wconf 84' lang='lat' dir='ltr'><strong>hiemem,</strong></span> <span class='ocrx_word' id='word_1_76' title='bbox 765 599 926 638; x_wconf 84' lang='lat' dir='ltr'><strong>absente</strong></span> <span class='ocrx_word' id='word_1_77' title='bbox 956 598 1061 646; x_wconf 87' lang='lat' dir='ltr'><strong>Sole,</strong></span> <span class='ocrx_word' id='word_1_78' title='bbox 1090 599 1307 638; x_wconf 76' lang='lat' dir='ltr'><strong>solet‘esse</strong></span> <span class='ocrx_word' id='word_1_79' title='bbox 1337 598 1418 638; x_wconf 85' lang='lat' dir='ltr'><strong>ulla</strong></span> <span class='ocrx_word' id='word_1_80' title='bbox 1446 599 1526 637; x_wconf 88' lang='lat' dir='ltr'><strong>nix.</strong></span> <span class='ocrx_word' id='word_1_81' title='bbox 1587 596 1704 647; x_wconf 85' lang='lat' dir='ltr'><strong>Quod</strong></span> <span class='ocrx_word' id='word_1_82' title='bbox 1734 603 1864 636; x_wconf 86' lang='lat' dir='ltr'><strong>autem</strong></span> 
     </span>
     <span class='ocr_line' id='line_1_9' title="bbox 69 650 1864 707; baseline -0.001 -14"><span class='ocrx_word' id='word_1_83' title='bbox 69 655 185 694; x_wconf 87' lang='lat' dir='ltr'><strong>uobis</strong></span> <span class='ocrx_word' id='word_1_84' title='bbox 213 660 403 706; x_wconf 77' lang='lat' dir='ltr'><strong>augentur</strong></span> <span class='ocrx_word' id='word_1_85' title='bbox 418 650 590 694; x_wconf 50' lang='lat' dir='ltr'><strong>filumina</strong></span> <span class='ocrx_word' id='word_1_86' title='bbox 611 656 912 706; x_wconf 69' lang='lat' dir='ltr'><strong>liquescentibus</strong></span> <span class='ocrx_word' id='word_1_87' title='bbox 932 658 1102 706; x_wconf 87' lang='lat' dir='ltr'><strong>nivibus,</strong></span> <span class='ocrx_word' id='word_1_88' title='bbox 1134 669 1234 707; x_wconf 89' lang='lat' dir='ltr'><strong>qnae</strong></span> <span class='ocrx_word' id='word_1_89' title='bbox 1265 657 1453 695; x_wconf 85' lang='lat' dir='ltr'><strong>imbribus</strong></span> <span class='ocrx_word' id='word_1_90' title='bbox 1485 655 1756 695; x_wconf 80' lang='lat' dir='ltr'><strong>decidentibus</strong></span> <span class='ocrx_word' id='word_1_91' title='bbox 1786 665 1864 693; x_wconf 87' lang='lat' dir='ltr'><strong>non</strong></span> 
     </span>
     <span class='ocr_line' id='line_1_10' title="bbox 71 711 1865 764; baseline -0.001 -12"><span class='ocrx_word' id='word_1_92' title='bbox 71 713 170 752; x_wconf 84' lang='lat' dir='ltr'><strong>adeo</strong></span> <span class='ocrx_word' id='word_1_93' title='bbox 200 713 380 752; x_wconf 84' lang='lat' dir='ltr'><strong>videntur</strong></span> <span class='ocrx_word' id='word_1_94' title='bbox 409 716 554 764; x_wconf 88' lang='lat' dir='ltr'><strong>augeri,</strong></span> <span class='ocrx_word' id='word_1_95' title='bbox 588 720 688 753; x_wconf 88' lang='lat' dir='ltr'><strong>certe</strong></span> <span class='ocrx_word' id='word_1_96' title='bbox 717 725 795 753; x_wconf 89' lang='lat' dir='ltr'><strong>non</strong></span> <span class='ocrx_word' id='word_1_97' title='bbox 823 715 921 754; x_wconf 87' lang='lat' dir='ltr'><strong>adeo</strong></span> <span class='ocrx_word' id='word_1_98' title='bbox 943 715 1132 754; x_wconf 89' lang='lat' dir='ltr'><strong>diuturnis</strong></span> <span class='ocrx_word' id='word_1_99' title='bbox 1160 716 1417 762; x_wconf 76' lang='lat' dir='ltr'><strong>incrementis,</strong></span> <span class='ocrx_word' id='word_1_100' title='bbox 1450 713 1488 752; x_wconf 93' lang='lat' dir='ltr'><strong>id</strong></span> <span class='ocrx_word' id='word_1_101' title='bbox 1519 715 1660 764; x_wconf 79' lang='lat' dir='ltr'><strong>partim</strong></span> <span class='ocrx_word' id='word_1_102' title='bbox 1690 713 1780 751; x_wconf 87' lang='lat' dir='ltr'><strong>inde</strong></span> <span class='ocrx_word' id='word_1_103' title='bbox 1808 711 1865 760; x_wconf 84' lang='lat' dir='ltr'><strong>fit,</strong></span> 
     </span>
     <span class='ocr_line' id='line_1_11' title="bbox 71 771 1867 823; baseline -0.001 -14"><span class='ocrx_word' id='word_1_104' title='bbox 71 773 342 821; x_wconf 48' lang='lat' dir='ltr'><strong>quia‘nivium</strong></span> <span class='ocrx_word' id='word_1_105' title='bbox 369 773 590 810; x_wconf 81' lang='lat' dir='ltr'><strong>minutatim</strong></span> <span class='ocrx_word' id='word_1_106' title='bbox 619 771 879 811; x_wconf 80' lang='lat' dir='ltr'><strong>decidentium</strong></span> <span class='ocrx_word' id='word_1_107' title='bbox 909 773 1088 823; x_wconf 81' lang='lat' dir='ltr'><strong>singulae</strong></span> <span class='ocrx_word' id='word_1_108' title='bbox 1117 775 1272 812; x_wconf 84' lang='lat' dir='ltr'><strong>tunicae</strong></span> <span class='ocrx_word' id='word_1_109' title='bbox 1313 772 1561 812; x_wconf 84' lang='lat' dir='ltr'><strong>cumulantur</strong></span> <span class='ocrx_word' id='word_1_110' title='bbox 1596 777 1636 810; x_wconf 92' lang='lat' dir='ltr'><strong>et</strong></span> <span class='ocrx_word' id='word_1_111' title='bbox 1664 773 1703 809; x_wconf 89' lang='lat' dir='ltr'><strong>in</strong></span> <span class='ocrx_word' id='word_1_112' title='bbox 1734 781 1867 822; x_wconf 89' lang='lat' dir='ltr'><strong>prom-</strong></span> 
     </span>
     <span class='ocr_line' id='line_1_12' title="bbox 71 829 1864 881; baseline -0.001 -13"><span class='ocrx_word' id='word_1_113' title='bbox 71 830 204 868; x_wconf 72' lang='lat' dir='ltr'><strong>tuariov</strong></span> <span class='ocrx_word' id='word_1_114' title='bbox 226 841 296 880; x_wconf 87' lang='lat' dir='ltr'><strong>per</strong></span> <span class='ocrx_word' id='word_1_115' title='bbox 321 829 464 868; x_wconf 76' lang='lat' dir='ltr'><strong>mult‘os</strong></span> <span class='ocrx_word' id='word_1_116' title='bbox 494 841 648 869; x_wconf 86' lang='lat' dir='ltr'><strong>menses</strong></span> <span class='ocrx_word' id='word_1_117' title='bbox 671 832 718 868; x_wconf 71' lang='lat' dir='ltr'><strong>vi</strong></span> <span class='ocrx_word' id='word_1_118' title='bbox 746 831 900 881; x_wconf 71' lang='lat' dir='ltr'><strong>trigoris</strong></span> <span class='ocrx_word' id='word_1_119' title='bbox 929 837 1203 880; x_wconf 85' lang='lat' dir='ltr'><strong>asservantur,</strong></span> <span class='ocrx_word' id='word_1_120' title='bbox 1235 842 1324 870; x_wconf 88' lang='lat' dir='ltr'><strong>cum</strong></span> <span class='ocrx_word' id='word_1_121' title='bbox 1354 831 1495 870; x_wconf 87' lang='lat' dir='ltr'><strong>imbres</strong></span> <span class='ocrx_word' id='word_1_122' title='bbox 1527 831 1713 877; x_wconf 83' lang='lat' dir='ltr'><strong>aestivos,</strong></span> <span class='ocrx_word' id='word_1_123' title='bbox 1745 830 1864 868; x_wconf 89' lang='lat' dir='ltr'><strong>etiam</strong></span> 
     </span>
     <span class='ocr_line' id='line_1_13' title="bbox 72 887 1866 940; baseline -0.001 -14"><span class='ocrx_word' id='word_1_124' title='bbox 72 887 329 937; x_wconf 80' lang='lat' dir='ltr'><strong>largissimos,</strong></span> <span class='ocrx_word' id='word_1_125' title='bbox 370 895 471 927; x_wconf 89' lang='lat' dir='ltr'><strong>terra</strong></span> <span class='ocrx_word' id='word_1_126' title='bbox 499 888 648 927; x_wconf 90' lang='lat' dir='ltr'><strong>solibus</strong></span> <span class='ocrx_word' id='word_1_127' title='bbox 691 900 805 927; x_wconf 84' lang='lat' dir='ltr'><strong>arens</strong></span> <span class='ocrx_word' id='word_1_128' title='bbox 834 891 1038 939; x_wconf 86' lang='lat' dir='ltr'><strong>potissima</strong></span> <span class='ocrx_word' id='word_1_129' title='bbox 1070 896 1180 940; x_wconf 87' lang='lat' dir='ltr'><strong>parte</strong></span> <span class='ocrx_word' id='word_1_130' title='bbox 1220 890 1375 928; x_wconf 78' lang='lat' dir='ltr'><strong>hauriat</strong></span> <span class='ocrx_word' id='word_1_131' title='bbox 1403 890 1556 937; x_wconf 78' lang='lat' dir='ltr'><strong>statim3</strong></span> <span class='ocrx_word' id='word_1_132' title='bbox 1602 889 1743 938; x_wconf 90' lang='lat' dir='ltr'><strong>partim</strong></span> <span class='ocrx_word' id='word_1_133' title='bbox 1773 897 1866 925; x_wconf 86' lang='lat' dir='ltr'><strong>vero</strong></span> 
     </span>
     <span class='ocr_line' id='line_1_14' title="bbox 72 944 1865 998; baseline -0.001 -15"><span class='ocrx_word' id='word_1_134' title='bbox 72 945 162 984; x_wconf 90' lang='lat' dir='ltr'><strong>inde</strong></span> <span class='ocrx_word' id='word_1_135' title='bbox 190 946 246 995; x_wconf 80' lang='lat' dir='ltr'><strong>fit,</strong></span> <span class='ocrx_word' id='word_1_136' title='bbox 276 948 370 998; x_wconf 85' lang='lat' dir='ltr'><strong>quia</strong></span> <span class='ocrx_word' id='word_1_137' title='bbox 398 948 466 984; x_wconf 82' lang='lat' dir='ltr'><strong>nix</strong></span> <span class='ocrx_word' id='word_1_138' title='bbox 495 948 533 983; x_wconf 91' lang='lat' dir='ltr'><strong>in</strong></span> <span class='ocrx_word' id='word_1_139' title='bbox 564 946 757 996; x_wconf 75' lang='lat' dir='ltr'><strong>Alpibus,</strong></span> <span class='ocrx_word' id='word_1_140' title='bbox 775 948 850 985; x_wconf 91' lang='lat' dir='ltr'><strong>nisi</strong></span> <span class='ocrx_word' id='word_1_141' title='bbox 882 950 1042 987; x_wconf 81' lang='lat' dir='ltr'><strong>aestivis</strong></span> <span class='ocrx_word' id='word_1_142' title='bbox 1062 948 1250 986; x_wconf 84' lang='lat' dir='ltr'><strong>imbribus</strong></span> <span class='ocrx_word' id='word_1_143' title='bbox 1271 948 1555 997; x_wconf 81' lang='lat' dir='ltr'><strong>copiosissimis</strong></span> <span class='ocrx_word' id='word_1_144' title='bbox 1583 944 1865 991; x_wconf 76' lang='lat' dir='ltr'><strong>decidentibus,</strong></span> 
     </span>
     <span class='ocr_line' id='line_1_15' title="bbox 72 1003 1866 1054; baseline -0.002 -10"><span class='ocrx_word' id='word_1_145' title='bbox 72 1005 237 1044; x_wconf 79' lang='lat' dir='ltr'><strong>dissolvi</strong></span> <span class='ocrx_word' id='word_1_146' title='bbox 264 1016 342 1043; x_wconf 91' lang='lat' dir='ltr'><strong>uon</strong></span> <span class='ocrx_word' id='word_1_147' title='bbox 370 1010 511 1054; x_wconf 86' lang='lat' dir='ltr'><strong>potest,</strong></span> <span class='ocrx_word' id='word_1_148' title='bbox 543 1010 587 1042; x_wconf 92' lang='lat' dir='ltr'><strong>ut</strong></span> <span class='ocrx_word' id='word_1_149' title='bbox 617 1006 673 1042; x_wconf 85' lang='lat' dir='ltr'><strong>sie</strong></span> <span class='ocrx_word' id='word_1_150' title='bbox 703 1007 888 1044; x_wconf 80' lang='lat' dir='ltr'><strong>continua</strong></span> <span class='ocrx_word' id='word_1_151' title='bbox 909 1006 976 1045; x_wconf 85' lang='lat' dir='ltr'><strong>illa</strong></span> <span class='ocrx_word' id='word_1_152' title='bbox 1005 1007 1206 1044; x_wconf 90' lang='lat' dir='ltr'><strong>fluminum</strong></span> <span class='ocrx_word' id='word_1_153' title='bbox 1235 1007 1471 1045; x_wconf 84' lang='lat' dir='ltr'><strong>incrementa</strong></span> <span class='ocrx_word' id='word_1_154' title='bbox 1491 1015 1568 1043; x_wconf 90' lang='lat' dir='ltr'><strong>non</strong></span> <span class='ocrx_word' id='word_1_155' title='bbox 1589 1005 1667 1043; x_wconf 87' lang='lat' dir='ltr'><strong>sint</strong></span> <span class='ocrx_word' id='word_1_156' title='bbox 1696 1003 1866 1042; x_wconf 88' lang='lat' dir='ltr'><strong>solarum</strong></span> 
     </span>
     <span class='ocr_line' id='line_1_16' title="bbox 68 1060 1868 1118; baseline -0.002 -16"><span class='ocrx_word' id='word_1_157' title='bbox 68 1065 230 1118; x_wconf 72' lang='lat' dir='ltr'><strong>nivium,</strong></span> <span class='ocrx_word' id='word_1_158' title='bbox 259 1062 330 1102; x_wconf 87' lang='lat' dir='ltr'><strong>sed</strong></span> <span class='ocrx_word' id='word_1_159' title='bbox 359 1064 477 1101; x_wconf 85' lang='lat' dir='ltr'><strong>etiam</strong></span> <span class='ocrx_word' id='word_1_160' title='bbox 502 1062 725 1111; x_wconf 88' lang='lat' dir='ltr'><strong>junctorum</strong></span> <span class='ocrx_word' id='word_1_161' title='bbox 755 1063 947 1103; x_wconf 88' lang='lat' dir='ltr'><strong>imbrium.</strong></span> <span class='ocrx_word' id='word_1_162' title='bbox 1007 1063 1136 1113; x_wconf 86' lang='lat' dir='ltr'><strong>Quare</strong></span> <span class='ocrx_word' id='word_1_163' title='bbox 1168 1065 1200 1101; x_wconf 87' lang='lat' dir='ltr'><strong>si</strong></span> <span class='ocrx_word' id='word_1_164' title='bbox 1232 1066 1364 1103; x_wconf 82' lang='lat' dir='ltr'><strong>omnia</strong></span> <span class='ocrx_word' id='word_1_165' title='bbox 1394 1062 1606 1114; x_wconf 81' lang='lat' dir='ltr'><strong>expendas,</strong></span> <span class='ocrx_word' id='word_1_166' title='bbox 1637 1061 1765 1111; x_wconf 78' lang='lat' dir='ltr'><strong>maJor</strong></span> <span class='ocrx_word' id='word_1_167' title='bbox 1791 1060 1868 1098; x_wconf 91' lang='lat' dir='ltr'><strong>hu-</strong></span> 
     </span>
     <span class='ocr_line' id='line_1_17' title="bbox 69 1118 1866 1173; baseline -0.002 -13"><span class='ocrx_word' id='word_1_168' title='bbox 69 1123 188 1160; x_wconf 81' lang='lat' dir='ltr'><strong>moris</strong></span> <span class='ocrx_word' id='word_1_169' title='bbox 216 1123 331 1172; x_wconf 77' lang='lat' dir='ltr'><strong>copia</strong></span> <span class='ocrx_word' id='word_1_170' title='bbox 357 1119 586 1171; x_wconf 88' lang='lat' dir='ltr'><strong>plerumque</strong></span> <span class='ocrx_word' id='word_1_171' title='bbox 616 1132 684 1170; x_wconf 91' lang='lat' dir='ltr'><strong>per</strong></span> <span class='ocrx_word' id='word_1_172' title='bbox 713 1127 904 1160; x_wconf 80' lang='lat' dir='ltr'><strong>aestatem</strong></span> <span class='ocrx_word' id='word_1_173' title='bbox 935 1122 1100 1161; x_wconf 86' lang='lat' dir='ltr'><strong>exsudat</strong></span> <span class='ocrx_word' id='word_1_174' title='bbox 1119 1124 1237 1161; x_wconf 87' lang='lat' dir='ltr'><strong>etiam</strong></span> <span class='ocrx_word' id='word_1_175' title='bbox 1267 1133 1386 1173; x_wconf 87' lang='lat' dir='ltr'><strong>penes</strong></span> <span class='ocrx_word' id='word_1_176' title='bbox 1415 1133 1501 1170; x_wconf 88' lang='lat' dir='ltr'><strong>nos,</strong></span> <span class='ocrx_word' id='word_1_177' title='bbox 1533 1132 1650 1171; x_wconf 86' lang='lat' dir='ltr'><strong>quam</strong></span> <span class='ocrx_word' id='word_1_178' title='bbox 1679 1131 1748 1170; x_wconf 88' lang='lat' dir='ltr'><strong>per</strong></span> <span class='ocrx_word' id='word_1_179' title='bbox 1779 1118 1866 1156; x_wconf 87' lang='lat' dir='ltr'><strong>hie-</strong></span> 
     </span>
     <span class='ocr_line' id='line_1_18' title="bbox 69 1177 1868 1229; baseline -0.003 -10"><span class='ocrx_word' id='word_1_180' title='bbox 69 1191 183 1219; x_wconf 82' lang='lat' dir='ltr'><strong>mem.</strong></span> <span class='ocrx_word' id='word_1_181' title='bbox 241 1178 330 1218; x_wconf 76' lang='lat' dir='ltr'><strong>Hoc</strong></span> <span class='ocrx_word' id='word_1_182' title='bbox 365 1180 482 1228; x_wconf 87' lang='lat' dir='ltr'><strong>igitur</strong></span> <span class='ocrx_word' id='word_1_183' title='bbox 519 1180 700 1228; x_wconf 82' lang='lat' dir='ltr'><strong>impetrat</strong></span> <span class='ocrx_word' id='word_1_184' title='bbox 742 1179 935 1229; x_wconf 88' lang='lat' dir='ltr'><strong>objectio,</strong></span> <span class='ocrx_word' id='word_1_185' title='bbox 974 1187 1017 1218; x_wconf 88' lang='lat' dir='ltr'><strong>ut</strong></span> <span class='ocrx_word' id='word_1_186' title='bbox 1052 1182 1104 1219; x_wconf 92' lang='lat' dir='ltr'><strong>sit</strong></span> <span class='ocrx_word' id='word_1_187' title='bbox 1145 1191 1355 1218; x_wconf 85' lang='lat' dir='ltr'><strong>concursus</strong></span> <span class='ocrx_word' id='word_1_188' title='bbox 1393 1190 1597 1219; x_wconf 86' lang='lat' dir='ltr'><strong>cansarum</strong></span> <span class='ocrx_word' id='word_1_189' title='bbox 1628 1177 1868 1224; x_wconf 89' lang='lat' dir='ltr'><strong>coelestium,</strong></span> 
     </span>
     <span class='ocr_line' id='line_1_19' title="bbox 71 1236 1869 1289; baseline -0.002 -13"><span class='ocrx_word' id='word_1_190' title='bbox 71 1248 232 1289; x_wconf 81' lang='lat' dir='ltr'><strong>quarum</strong></span> <span class='ocrx_word' id='word_1_191' title='bbox 261 1239 311 1276; x_wconf 89' lang='lat' dir='ltr'><strong>sit</strong></span> <span class='ocrx_word' id='word_1_192' title='bbox 341 1236 422 1275; x_wconf 86' lang='lat' dir='ltr'><strong>alia</strong></span> <span class='ocrx_word' id='word_1_193' title='bbox 451 1236 651 1284; x_wconf 85' lang='lat' dir='ltr'><strong>naturalis,</strong></span> <span class='ocrx_word' id='word_1_194' title='bbox 682 1236 787 1276; x_wconf 88' lang='lat' dir='ltr'><strong>calor</strong></span> <span class='ocrx_word' id='word_1_195' title='bbox 808 1237 924 1287; x_wconf 88' lang='lat' dir='ltr'><strong>Solis,</strong></span> <span class='ocrx_word' id='word_1_196' title='bbox 955 1237 1035 1278; x_wconf 88' lang='lat' dir='ltr'><strong>alia</strong></span> <span class='ocrx_word' id='word_1_197' title='bbox 1064 1237 1279 1286; x_wconf 84' lang='lat' dir='ltr'><strong>rationalis,</strong></span> <span class='ocrx_word' id='word_1_198' title='bbox 1309 1243 1512 1287; x_wconf 83' lang='lat' dir='ltr'><strong>aspectus3</strong></span> <span class='ocrx_word' id='word_1_199' title='bbox 1542 1239 1596 1276; x_wconf 89' lang='lat' dir='ltr'><strong>sit</strong></span> <span class='ocrx_word' id='word_1_200' title='bbox 1624 1237 1742 1275; x_wconf 88' lang='lat' dir='ltr'><strong>etiam</strong></span> <span class='ocrx_word' id='word_1_201' title='bbox 1773 1245 1869 1274; x_wconf 88' lang='lat' dir='ltr'><strong>con-</strong></span> 
     </span>
     <span class='ocr_line' id='line_1_20' title="bbox 71 1293 1869 1346; baseline -0.002 -11"><span class='ocrx_word' id='word_1_202' title='bbox 71 1296 207 1336; x_wconf 76' lang='lat' dir='ltr'><strong>cursus</strong></span> <span class='ocrx_word' id='word_1_203' title='bbox 237 1305 441 1334; x_wconf 63' lang='lat' dir='ltr'><strong>musarum</strong></span> <span class='ocrx_word' id='word_1_204' title='bbox 470 1293 756 1342; x_wconf 89' lang='lat' dir='ltr'><strong>sublunarium,</strong></span> <span class='ocrx_word' id='word_1_205' title='bbox 798 1302 842 1334; x_wconf 89' lang='lat' dir='ltr'><strong>ut</strong></span> <span class='ocrx_word' id='word_1_206' title='bbox 870 1308 947 1335; x_wconf 91' lang='lat' dir='ltr'><strong>non</strong></span> <span class='ocrx_word' id='word_1_207' title='bbox 979 1302 1130 1335; x_wconf 89' lang='lat' dir='ltr'><strong>tantum</strong></span> <span class='ocrx_word' id='word_1_208' title='bbox 1160 1307 1240 1337; x_wconf 86' lang='lat' dir='ltr'><strong>una</strong></span> <span class='ocrx_word' id='word_1_209' title='bbox 1269 1307 1370 1334; x_wconf 82' lang='lat' dir='ltr'><strong>zona</strong></span> <span class='ocrx_word' id='word_1_210' title='bbox 1401 1295 1491 1346; x_wconf 86' lang='lat' dir='ltr'><strong>plus</strong></span> <span class='ocrx_word' id='word_1_211' title='bbox 1519 1295 1666 1334; x_wconf 87' lang='lat' dir='ltr'><strong>habeat</strong></span> <span class='ocrx_word' id='word_1_212' title='bbox 1695 1293 1869 1332; x_wconf 89' lang='lat' dir='ltr'><strong>humoris</strong></span> 
     </span>
     <span class='ocr_line' id='line_1_21' title="bbox 71 1350 1869 1404; baseline -0.002 -12"><span class='ocrx_word' id='word_1_213' title='bbox 71 1365 191 1404; x_wconf 89' lang='lat' dir='ltr'><strong>quam</strong></span> <span class='ocrx_word' id='word_1_214' title='bbox 218 1350 318 1400; x_wconf 78' lang='lat' dir='ltr'><strong>alia,</strong></span> <span class='ocrx_word' id='word_1_215' title='bbox 359 1352 429 1391; x_wconf 88' lang='lat' dir='ltr'><strong>sed</strong></span> <span class='ocrx_word' id='word_1_216' title='bbox 459 1354 578 1391; x_wconf 87' lang='lat' dir='ltr'><strong>etiam</strong></span> <span class='ocrx_word' id='word_1_217' title='bbox 615 1354 656 1390; x_wconf 86' lang='lat' dir='ltr'><strong>iu</strong></span> <span class='ocrx_word' id='word_1_218' title='bbox 685 1353 823 1391; x_wconf 87' lang='lat' dir='ltr'><strong>eodem</strong></span> <span class='ocrx_word' id='word_1_219' title='bbox 859 1354 1014 1393; x_wconf 89' lang='lat' dir='ltr'><strong>climate</strong></span> <span class='ocrx_word' id='word_1_220' title='bbox 1046 1367 1126 1393; x_wconf 86' lang='lat' dir='ltr'><strong>una</strong></span> <span class='ocrx_word' id='word_1_221' title='bbox 1159 1356 1267 1403; x_wconf 85' lang='lat' dir='ltr'><strong>regio</strong></span> <span class='ocrx_word' id='word_1_222' title='bbox 1299 1354 1388 1404; x_wconf 90' lang='lat' dir='ltr'><strong>plus</strong></span> <span class='ocrx_word' id='word_1_223' title='bbox 1419 1365 1536 1403; x_wconf 88' lang='lat' dir='ltr'><strong>quam</strong></span> <span class='ocrx_word' id='word_1_224' title='bbox 1566 1353 1667 1401; x_wconf 85' lang='lat' dir='ltr'><strong>alia,</strong></span> <span class='ocrx_word' id='word_1_225' title='bbox 1707 1353 1791 1390; x_wconf 88' lang='lat' dir='ltr'><strong>suis</strong></span> <span class='ocrx_word' id='word_1_226' title='bbox 1821 1350 1869 1388; x_wconf 91' lang='lat' dir='ltr'><strong>de</strong></span> 
     </span>
     <span class='ocr_line' id='line_1_22' title="bbox 72 1411 1869 1494; baseline -0.002 -43"><span class='ocrx_word' id='word_1_227' title='bbox 72 1413 213 1451; x_wconf 68' lang='lat' dir='ltr'><strong>oaus&#39;n.</strong></span> <span class='ocrx_word' id='word_1_228' title='bbox 271 1411 430 1450; x_wconf 86' lang='lat' dir='ltr'><strong>Interim</strong></span> <span class='ocrx_word' id='word_1_229' title='bbox 469 1412 586 1448; x_wconf 89' lang='lat' dir='ltr'><strong>etiam</strong></span> <span class='ocrx_word' id='word_1_230' title='bbox 622 1411 662 1447; x_wconf 91' lang='lat' dir='ltr'><strong>in</strong></span> <span class='ocrx_word' id='word_1_231' title='bbox 702 1411 847 1450; x_wconf 85' lang='lat' dir='ltr'><strong>torrida</strong></span> <span class='ocrx_word' id='word_1_232' title='bbox 885 1413 973 1463; x_wconf 87' lang='lat' dir='ltr'><strong>plus</strong></span> <span class='ocrx_word' id='word_1_233' title='bbox 1010 1413 1143 1463; x_wconf 87' lang='lat' dir='ltr'><strong>pluere</strong></span> <span class='ocrx_word' id='word_1_234' title='bbox 1181 1418 1312 1462; x_wconf 85' lang='lat' dir='ltr'><strong>potest</strong></span> <span class='ocrx_word' id='word_1_235' title='bbox 1340 1413 1414 1451; x_wconf 89' lang='lat' dir='ltr'><strong>sub</strong></span> <span class='ocrx_word' id='word_1_236' title='bbox 1444 1418 1599 1494; x_wconf 84' lang='lat' dir='ltr'><strong>tempus</strong></span> <span class='ocrx_word' id='word_1_237' title='bbox 1630 1415 1869 1462; x_wconf 83' lang='lat' dir='ltr'><strong>aspectuum,</strong></span> 
     </span>
     <span class='ocr_line' id='line_1_23' title="bbox 74 1468 873 1520; baseline -0.001 -11"><span class='ocrx_word' id='word_1_238' title='bbox 74 1480 191 1520; x_wconf 87' lang='lat' dir='ltr'><strong>quam</strong></span> <span class='ocrx_word' id='word_1_239' title='bbox 211 1468 359 1508; x_wconf 69' lang='lat' dir='ltr'><strong>-diebus</strong></span> <span class='ocrx_word' id='word_1_240' title='bbox 389 1469 440 1507; x_wconf 86' lang='lat' dir='ltr'><strong>ab</strong></span> <span class='ocrx_word' id='word_1_241' title='bbox 470 1469 695 1518; x_wconf 76' lang='lat' dir='ltr'><strong>aspectibus</strong></span> <span class='ocrx_word' id='word_1_242' title='bbox 725 1471 873 1508; x_wconf 86' lang='lat' dir='ltr'><strong>vacuis.</strong></span> 
     </span>
    </p>

    <p class='ocr_par' dir='ltr' id='par_1_3' title="bbox 74 1525 1875 1983">
     <span class='ocr_line' id='line_1_24' title="bbox 91 1525 1868 1576; baseline -0.002 -10"><span class='ocrx_word' id='word_1_243' title='bbox 91 1540 108 1554; x_wconf 79' lang='grc'><strong>·-</strong></span> <span class='ocrx_word' id='word_1_244' title='bbox 184 1526 300 1566; x_wconf 79' lang='lat' dir='ltr'><strong>Hanc</strong></span> <span class='ocrx_word' id='word_1_245' title='bbox 330 1538 434 1573; x_wconf 82' lang='lat' dir='ltr'><strong>vero,</strong></span> <span class='ocrx_word' id='word_1_246' title='bbox 465 1538 583 1576; x_wconf 86' lang='lat' dir='ltr'><strong>quam</strong></span> <span class='ocrx_word' id='word_1_247' title='bbox 604 1526 775 1566; x_wconf 89' lang='lat' dir='ltr'><strong>secundo</strong></span> <span class='ocrx_word' id='word_1_248' title='bbox 805 1527 894 1566; x_wconf 90' lang='lat' dir='ltr'><strong>loco</strong></span> <span class='ocrx_word' id='word_1_249' title='bbox 925 1528 1018 1576; x_wconf 83' lang='lat' dir='ltr'><strong>dixi,</strong></span> <span class='ocrx_word' id='word_1_250' title='bbox 1049 1528 1454 1567; x_wconf 86' lang='lat' dir='ltr'><strong>characterisationem</strong></span> <span class='ocrx_word' id='word_1_251' title='bbox 1485 1528 1639 1566; x_wconf 87' lang='lat' dir='ltr'><strong>animae</strong></span> <span class='ocrx_word' id='word_1_252' title='bbox 1661 1525 1868 1572; x_wconf 86' lang='lat' dir='ltr'><strong>Terrenae,</strong></span> 
     </span>
     <span class='ocr_line' id='line_1_25' title="bbox 74 1576 1870 1636; baseline -0.002 -13"><span class='ocrx_word' id='word_1_253' title='bbox 74 1584 215 1623; x_wconf 76' lang='lat' dir='ltr'><strong>factam</strong></span> <span class='ocrx_word' id='word_1_254' title='bbox 245 1597 270 1623; x_wconf 85' lang='lat' dir='ltr'><strong>a</strong></span> <span class='ocrx_word' id='word_1_255' title='bbox 298 1584 460 1623; x_wconf 78' lang='lat' dir='ltr'><strong>zodiaco</strong></span> <span class='ocrx_word' id='word_1_256' title='bbox 489 1576 626 1623; x_wconf 83' lang='lat' dir='ltr'><strong>sensili</strong></span> <span class='ocrx_word' id='word_1_257' title='bbox 658 1590 818 1634; x_wconf 86' lang='lat' dir='ltr'><strong>totaque</strong></span> <span class='ocrx_word' id='word_1_258' title='bbox 849 1585 948 1624; x_wconf 87' lang='lat' dir='ltr'><strong>adeo</strong></span> <span class='ocrx_word' id='word_1_259' title='bbox 980 1586 1145 1636; x_wconf 86' lang='lat' dir='ltr'><strong>sphaera</strong></span> <span class='ocrx_word' id='word_1_260' title='bbox 1175 1586 1350 1634; x_wconf 85' lang='lat' dir='ltr'><strong>fixarum,</strong></span> <span class='ocrx_word' id='word_1_261' title='bbox 1380 1585 1479 1624; x_wconf 90' lang='lat' dir='ltr'><strong>illud</strong></span> <span class='ocrx_word' id='word_1_262' title='bbox 1509 1586 1626 1624; x_wconf 87' lang='lat' dir='ltr'><strong>etiam</strong></span> <span class='ocrx_word' id='word_1_263' title='bbox 1657 1583 1870 1630; x_wconf 87' lang='lat' dir='ltr'><strong>confirmat,</strong></span> 
     </span>
     <span class='ocr_line' id='line_1_26' title="bbox 74 1642 1872 1693; baseline -0.001 -13"><span class='ocrx_word' id='word_1_264' title='bbox 74 1642 179 1693; x_wconf 72' lang='lat' dir='ltr'><strong>quod</strong></span> <span class='ocrx_word' id='word_1_265' title='bbox 208 1654 350 1691; x_wconf 82' lang='lat' dir='ltr'><strong>magno</strong></span> <span class='ocrx_word' id='word_1_266' title='bbox 380 1648 595 1691; x_wconf 86' lang='lat' dir='ltr'><strong>temporum</strong></span> <span class='ocrx_word' id='word_1_267' title='bbox 627 1644 798 1680; x_wconf 90' lang='lat' dir='ltr'><strong>omnium</strong></span> <span class='ocrx_word' id='word_1_268' title='bbox 828 1655 1019 1682; x_wconf 87' lang='lat' dir='ltr'><strong>consensu</strong></span> <span class='ocrx_word' id='word_1_269' title='bbox 1050 1649 1222 1691; x_wconf 90' lang='lat' dir='ltr'><strong>constat,</strong></span> <span class='ocrx_word' id='word_1_270' title='bbox 1267 1646 1301 1682; x_wconf 90' lang='lat' dir='ltr'><strong>si</strong></span> <span class='ocrx_word' id='word_1_271' title='bbox 1341 1645 1436 1682; x_wconf 86' lang='lat' dir='ltr'><strong>novi</strong></span> <span class='ocrx_word' id='word_1_272' title='bbox 1467 1642 1558 1693; x_wconf 91' lang='lat' dir='ltr'><strong>quid</strong></span> <span class='ocrx_word' id='word_1_273' title='bbox 1589 1644 1627 1680; x_wconf 90' lang='lat' dir='ltr'><strong>in</strong></span> <span class='ocrx_word' id='word_1_274' title='bbox 1659 1642 1770 1680; x_wconf 92' lang='lat' dir='ltr'><strong>coelo</strong></span> <span class='ocrx_word' id='word_1_275' title='bbox 1801 1652 1872 1678; x_wconf 82' lang='lat' dir='ltr'><strong>ex-</strong></span> 
     </span>
     <span class='ocr_line' id='line_1_27' title="bbox 74 1695 1871 1750; baseline -0.002 -11"><span class='ocrx_word' id='word_1_276' title='bbox 74 1695 186 1747; x_wconf 74' lang='lat' dir='ltr'><strong>istst,</strong></span> <span class='ocrx_word' id='word_1_277' title='bbox 229 1711 300 1739; x_wconf 84' lang='lat' dir='ltr'><strong>seu</strong></span> <span class='ocrx_word' id='word_1_278' title='bbox 338 1699 550 1738; x_wconf 87' lang='lat' dir='ltr'><strong>secundum</strong></span> <span class='ocrx_word' id='word_1_279' title='bbox 589 1701 824 1738; x_wconf 89' lang='lat' dir='ltr'><strong>ordinarium</strong></span> <span class='ocrx_word' id='word_1_280' title='bbox 863 1701 962 1740; x_wconf 90' lang='lat' dir='ltr'><strong>coeli</strong></span> <span class='ocrx_word' id='word_1_281' title='bbox 1002 1713 1172 1749; x_wconf 88' lang='lat' dir='ltr'><strong>cursum,</strong></span> <span class='ocrx_word' id='word_1_282' title='bbox 1214 1707 1257 1739; x_wconf 91' lang='lat' dir='ltr'><strong>ut</strong></span> <span class='ocrx_word' id='word_1_283' title='bbox 1301 1708 1393 1740; x_wconf 88' lang='lat' dir='ltr'><strong>sunt</strong></span> <span class='ocrx_word' id='word_1_284' title='bbox 1434 1702 1598 1740; x_wconf 85' lang='lat' dir='ltr'><strong>rariores</strong></span> <span class='ocrx_word' id='word_1_285' title='bbox 1640 1709 1871 1750; x_wconf 87' lang='lat' dir='ltr'><strong>congressus</strong></span> 
     </span>
     <span class='ocr_line' id='line_1_28' title="bbox 75 1757 1874 1809; baseline 0 -14"><span class='ocrx_word' id='word_1_286' title='bbox 75 1758 241 1809; x_wconf 90' lang='lat' dir='ltr'><strong>plurium</strong></span> <span class='ocrx_word' id='word_1_287' title='bbox 270 1757 450 1804; x_wconf 89' lang='lat' dir='ltr'><strong>siderum,</strong></span> <span class='ocrx_word' id='word_1_288' title='bbox 482 1763 525 1795; x_wconf 90' lang='lat' dir='ltr'><strong>ut</strong></span> <span class='ocrx_word' id='word_1_289' title='bbox 555 1758 720 1807; x_wconf 87' lang='lat' dir='ltr'><strong>eclipses</strong></span> <span class='ocrx_word' id='word_1_290' title='bbox 739 1758 985 1797; x_wconf 89' lang='lat' dir='ltr'><strong>luminarium</strong></span> <span class='ocrx_word' id='word_1_291' title='bbox 1004 1761 1247 1809; x_wconf 83' lang='lat' dir='ltr'><strong>insigniores,</strong></span> <span class='ocrx_word' id='word_1_292' title='bbox 1279 1761 1363 1798; x_wconf 88' lang='lat' dir='ltr'><strong>sive</strong></span> <span class='ocrx_word' id='word_1_293' title='bbox 1383 1764 1536 1809; x_wconf 87' lang='lat' dir='ltr'><strong>praeter</strong></span> <span class='ocrx_word' id='word_1_294' title='bbox 1555 1764 1734 1796; x_wconf 89' lang='lat' dir='ltr'><strong>naturam</strong></span> <span class='ocrx_word' id='word_1_295' title='bbox 1764 1767 1874 1796; x_wconf 82' lang='lat' dir='ltr'><strong>com-</strong></span> 
     </span>
     <span class='ocr_line' id='line_1_29' title="bbox 74 1816 1874 1864; baseline -0.001 -10"><span class='ocrx_word' id='word_1_296' title='bbox 74 1827 241 1864; x_wconf 85' lang='lat' dir='ltr'><strong>munem,</strong></span> <span class='ocrx_word' id='word_1_297' title='bbox 271 1821 316 1853; x_wconf 91' lang='lat' dir='ltr'><strong>ut</strong></span> <span class='ocrx_word' id='word_1_298' title='bbox 344 1820 518 1854; x_wconf 84' lang='lat' dir='ltr'><strong>cometae</strong></span> <span class='ocrx_word' id='word_1_299' title='bbox 550 1822 618 1853; x_wconf 89' lang='lat' dir='ltr'><strong>aut</strong></span> <span class='ocrx_word' id='word_1_300' title='bbox 648 1816 786 1854; x_wconf 83' lang='lat' dir='ltr'><strong>stellae</strong></span> <span class='ocrx_word' id='word_1_301' title='bbox 816 1817 918 1856; x_wconf 82' lang='lat' dir='ltr'><strong>fixae</strong></span> <span class='ocrx_word' id='word_1_302' title='bbox 947 1829 1096 1856; x_wconf 85' lang='lat' dir='ltr'><strong>novae:</strong></span> <span class='ocrx_word' id='word_1_303' title='bbox 1129 1817 1243 1855; x_wconf 88' lang='lat' dir='ltr'><strong>simul</strong></span> <span class='ocrx_word' id='word_1_304' title='bbox 1265 1819 1382 1856; x_wconf 89' lang='lat' dir='ltr'><strong>etiam</strong></span> <span class='ocrx_word' id='word_1_305' title='bbox 1411 1824 1591 1855; x_wconf 89' lang='lat' dir='ltr'><strong>naturam</strong></span> <span class='ocrx_word' id='word_1_306' title='bbox 1621 1816 1874 1854; x_wconf 87' lang='lat' dir='ltr'><strong>sublunarem</strong></span> 
     </span>
     <span class='ocr_line' id='line_1_30' title="bbox 75 1873 1875 1925; baseline -0.001 -13"><span class='ocrx_word' id='word_1_307' title='bbox 75 1875 223 1913; x_wconf 76' lang='lat' dir='ltr'><strong>turbari</strong></span> <span class='ocrx_word' id='word_1_308' title='bbox 249 1885 328 1912; x_wconf 90' lang='lat' dir='ltr'><strong>non</strong></span> <span class='ocrx_word' id='word_1_309' title='bbox 349 1874 503 1912; x_wconf 87' lang='lat' dir='ltr'><strong>usitatis</strong></span> <span class='ocrx_word' id='word_1_310' title='bbox 522 1873 737 1921; x_wconf 88' lang='lat' dir='ltr'><strong>affectibus,</strong></span> <span class='ocrx_word' id='word_1_311' title='bbox 769 1880 814 1912; x_wconf 90' lang='lat' dir='ltr'><strong>ut</strong></span> <span class='ocrx_word' id='word_1_312' title='bbox 843 1881 933 1913; x_wconf 86' lang='lat' dir='ltr'><strong>sunt</strong></span> <span class='ocrx_word' id='word_1_313' title='bbox 952 1877 1087 1924; x_wconf 87' lang='lat' dir='ltr'><strong>ingens</strong></span> <span class='ocrx_word' id='word_1_314' title='bbox 1118 1882 1157 1914; x_wconf 84' lang='lat' dir='ltr'><strong>et</strong></span> <span class='ocrx_word' id='word_1_315' title='bbox 1177 1876 1361 1914; x_wconf 87' lang='lat' dir='ltr'><strong>continua</strong></span> <span class='ocrx_word' id='word_1_316' title='bbox 1392 1876 1452 1913; x_wconf 87' lang='lat' dir='ltr'><strong>vis</strong></span> <span class='ocrx_word' id='word_1_317' title='bbox 1482 1875 1704 1925; x_wconf 85' lang='lat' dir='ltr'><strong>pluviarum</strong></span> <span class='ocrx_word' id='word_1_318' title='bbox 1724 1878 1875 1923; x_wconf 87' lang='lat' dir='ltr'><strong>praeter</strong></span> 
     </span>
     <span class='ocr_line' id='line_1_31' title="bbox 75 1931 1874 1983; baseline -0.001 -13"><span class='ocrx_word' id='word_1_319' title='bbox 75 1931 281 1971; x_wconf 78' lang='lat' dir='ltr'><strong>modulum</strong></span> <span class='ocrx_word' id='word_1_320' title='bbox 304 1938 554 1982; x_wconf 86' lang='lat' dir='ltr'><strong>aspectuum,</strong></span> <span class='ocrx_word' id='word_1_321' title='bbox 586 1937 655 1969; x_wconf 87' lang='lat' dir='ltr'><strong>aut</strong></span> <span class='ocrx_word' id='word_1_322' title='bbox 684 1934 875 1970; x_wconf 88' lang='lat' dir='ltr'><strong>contraria</strong></span> <span class='ocrx_word' id='word_1_323' title='bbox 905 1935 1059 1972; x_wconf 86' lang='lat' dir='ltr'><strong>siccitas</strong></span> <span class='ocrx_word' id='word_1_324' title='bbox 1090 1939 1128 1972; x_wconf 90' lang='lat' dir='ltr'><strong>et</strong></span> <span class='ocrx_word' id='word_1_325' title='bbox 1158 1933 1360 1983; x_wconf 84' lang='lat' dir='ltr'><strong>squalores</strong></span> <span class='ocrx_word' id='word_1_326' title='bbox 1391 1933 1612 1982; x_wconf 83' lang='lat' dir='ltr'><strong>Terraeque</strong></span> <span class='ocrx_word' id='word_1_327' title='bbox 1644 1939 1775 1970; x_wconf 88' lang='lat' dir='ltr'><strong>motus</strong></span> <span class='ocrx_word' id='word_1_328' title='bbox 1806 1941 1874 1969; x_wconf 91' lang='lat' dir='ltr'><strong>co-</strong></span> 
     </span>
    </p>
   </div>
   <div class='ocr_carea' id='block_1_3' title="bbox 11 1988 1875 2057">
    <p class='ocr_par' dir='ltr' id='par_1_4' title="bbox 6 1988 1875 2057">
     <span class='ocr_line' id='line_1_32' title="bbox 11 1988 1875 2057; baseline -0.001 -29.005"><span class='ocrx_word' id='word_1_329' title='bbox 11 2003 34 2053; x_wconf 54' lang='lat'><em>3</em></span> <span class='ocrx_word' id='word_1_330' title='bbox 63 1989 209 2057; x_wconf 29' lang='lat' dir='ltr'><strong>{mitem</strong></span> <span class='ocrx_word' id='word_1_331' title='bbox 245 1989 410 2039; x_wconf 88' lang='lat' dir='ltr'><strong>denique</strong></span> <span class='ocrx_word' id='word_1_332' title='bbox 440 1988 617 2027; x_wconf 87' lang='lat' dir='ltr'><strong>madores</strong></span> <span class='ocrx_word' id='word_1_333' title='bbox 648 1991 747 2028; x_wconf 88' lang='lat' dir='ltr'><strong>a&#39;e&#39;ris</strong></span> <span class='ocrx_word' id='word_1_334' title='bbox 778 1992 939 2039; x_wconf 88' lang='lat' dir='ltr'><strong>insueti,</strong></span> <span class='ocrx_word' id='word_1_335' title='bbox 977 1994 1045 2041; x_wconf 94' lang='lat' dir='ltr'><strong>qui</strong></span> <span class='ocrx_word' id='word_1_336' title='bbox 1083 1991 1280 2030; x_wconf 82' lang='lat' dir='ltr'><strong>catarrhos</strong></span> <span class='ocrx_word' id='word_1_337' title='bbox 1325 1991 1555 2042; x_wconf 88' lang='lat' dir='ltr'><strong>pestilentes</strong></span> <span class='ocrx_word' id='word_1_338' title='bbox 1583 1990 1760 2040; x_wconf 88' lang='lat' dir='ltr'><strong>aliasque</strong></span> <span class='ocrx_word' id='word_1_339' title='bbox 1789 1988 1875 2027; x_wconf 82' lang='lat' dir='ltr'><strong>lues</strong></span> 
     </span>
    </p>
   </div>
   <div class='ocr_carea' id='block_1_4' title="bbox 11 2091 55 2165">
    <p class='ocr_par' dir='ltr' id='par_1_5' title="bbox 11 2091 55 2165">
     <span class='ocr_line' id='line_1_33' title="bbox 11 2091 55 2165; baseline 0 1111"><span class='ocrx_word' id='word_1_340' title='bbox 11 2091 55 2165; x_wconf 95' lang='lat' dir='ltr'><strong> </strong></span> 
     </span>
    </p>
   </div>
   <div class='ocr_carea' id='block_1_5' title="bbox 10 2047 1874 2160">
    <p class='ocr_par' dir='ltr' id='par_1_6' title="bbox 0 2047 1874 2160">
     <span class='ocr_line' id='line_1_34' title="bbox 11 2047 1874 2100; baseline -0.001 -14"><span class='ocrx_word' id='word_1_341' title='bbox 11 2054 45 2099; x_wconf 46' lang='lat'><strong>523·</strong></span> <span class='ocrx_word' id='word_1_342' title='bbox 79 2047 341 2098; x_wconf 76' lang='lat' dir='ltr'><strong>epidenricas</strong></span> <span class='ocrx_word' id='word_1_343' title='bbox 331 2049 380 2086; x_wconf 77' lang='lat' dir='ltr'><strong>iis</strong></span> <span class='ocrx_word' id='word_1_344' title='bbox 410 2048 654 2098; x_wconf 86' lang='lat' dir='ltr'><strong>potissimum</strong></span> <span class='ocrx_word' id='word_1_345' title='bbox 674 2047 769 2086; x_wconf 87' lang='lat' dir='ltr'><strong>locis</strong></span> <span class='ocrx_word' id='word_1_346' title='bbox 801 2049 979 2098; x_wconf 86' lang='lat' dir='ltr'><strong>inferunt,</strong></span> <span class='ocrx_word' id='word_1_347' title='bbox 1013 2049 1115 2089; x_wconf 89' lang='lat' dir='ltr'><strong>unde</strong></span> <span class='ocrx_word' id='word_1_348' title='bbox 1146 2051 1344 2100; x_wconf 83' lang='lat' dir='ltr'><strong>exspirant</strong></span> <span class='ocrx_word' id='word_1_349' title='bbox 1372 2049 1510 2098; x_wconf 85' lang='lat' dir='ltr'><strong>majori</strong></span> <span class='ocrx_word' id='word_1_350' title='bbox 1530 2050 1571 2087; x_wconf 82' lang='lat' dir='ltr'><strong>vi</strong></span> <span class='ocrx_word' id='word_1_351' title='bbox 1591 2054 1660 2087; x_wconf 91' lang='lat' dir='ltr'><strong>aut</strong></span> <span class='ocrx_word' id='word_1_352' title='bbox 1691 2058 1874 2097; x_wconf 89' lang='lat' dir='ltr'><strong>quorsum</strong></span> 
     </span>
     <span class='ocr_line' id='line_1_35' title="bbox 10 2104 752 2160; baseline -0.004 -14.041"><span class='ocrx_word' id='word_1_353' title='bbox 10 2118 29 2160; x_wconf 67' lang='lat' dir='ltr'><strong>j</strong></span> <span class='ocrx_word' id='word_1_354' title='bbox 78 2106 333 2145; x_wconf 71' lang='lat' dir='ltr'><strong>crebrioribus</strong></span> <span class='ocrx_word' id='word_1_355' title='bbox 364 2107 491 2143; x_wconf 86' lang='lat' dir='ltr'><strong>ventis</strong></span> <span class='ocrx_word' id='word_1_356' title='bbox 521 2104 752 2145; x_wconf 81' lang='lat' dir='ltr'><strong>deseruntur.</strong></span> 
     </span>
    </p>
   </div>
   <div class='ocr_carea' id='block_1_6' title="bbox 198 2163 1876 2212">
    <p class='ocr_par' dir='ltr' id='par_1_7' title="bbox 198 2163 1876 2212">
     <span class='ocr_line' id='line_1_36' title="bbox 198 2163 1876 2212; baseline -0.001 -11"><span class='ocrx_word' id='word_1_357' title='bbox 198 2163 387 2212; x_wconf 82' lang='lat' dir='ltr'><strong>Adeoque</strong></span> <span class='ocrx_word' id='word_1_358' title='bbox 416 2164 533 2201; x_wconf 91' lang='lat' dir='ltr'><strong>etiam</strong></span> <span class='ocrx_word' id='word_1_359' title='bbox 572 2163 719 2212; x_wconf 90' lang='lat' dir='ltr'><strong>aliquid</strong></span> <span class='ocrx_word' id='word_1_360' title='bbox 760 2164 884 2203; x_wconf 90' lang='lat' dir='ltr'><strong>simile</strong></span> <span class='ocrx_word' id='word_1_361' title='bbox 921 2167 1131 2204; x_wconf 86' lang='lat' dir='ltr'><strong>memoriae</strong></span> <span class='ocrx_word' id='word_1_362' title='bbox 1167 2166 1392 2204; x_wconf 87' lang='lat' dir='ltr'><strong>animalium</strong></span> <span class='ocrx_word' id='word_1_363' title='bbox 1432 2165 1524 2203; x_wconf 85' lang='lat' dir='ltr'><strong>huic</strong></span> <span class='ocrx_word' id='word_1_364' title='bbox 1554 2167 1706 2203; x_wconf 90' lang='lat' dir='ltr'><strong>animae</strong></span> <span class='ocrx_word' id='word_1_365' title='bbox 1737 2163 1876 2208; x_wconf 89' lang='lat' dir='ltr'><strong>inesse,</strong></span> 
     </span>
    </p>
   </div>
   <div class='ocr_carea' id='block_1_7' title="bbox 0 2191 1878 2273">
    <p class='ocr_par' dir='ltr' id='par_1_8' title="bbox 0 2191 1878 2273">
     <span class='ocr_line' id='line_1_37' title="bbox 0 2191 1878 2273; baseline -0.001 -14"><span class='ocrx_word' id='word_1_366' title='bbox 0 2191 43 2206; x_wconf 26' lang='lat'><em>¹</em></span> <span class='ocrx_word' id='word_1_367' title='bbox 79 2223 217 2260; x_wconf 77' lang='lat' dir='ltr'><strong>monui</strong></span> <span class='ocrx_word' id='word_1_368' title='bbox 246 2223 286 2258; x_wconf 88' lang='lat' dir='ltr'><strong>in</strong></span> <span class='ocrx_word' id='word_1_369' title='bbox 315 2220 414 2259; x_wconf 90' lang='lat' dir='ltr'><strong>libro</strong></span> <span class='ocrx_word' id='word_1_370' title='bbox 444 2220 491 2258; x_wconf 90' lang='lat' dir='ltr'><strong>de</strong></span> <span class='ocrx_word' id='word_1_371' title='bbox 522 2219 645 2259; x_wconf 87' lang='lat' dir='ltr'><strong>Stella</strong></span> <span class='ocrx_word' id='word_1_372' title='bbox 672 2221 786 2260; x_wconf 85' lang='lat' dir='ltr'><strong>Nova</strong></span> <span class='ocrx_word' id='word_1_373' title='bbox 826 2233 911 2273; x_wconf 83' lang='lat' dir='ltr'><strong>cap.</strong></span> <span class='ocrx_word' id='word_1_374' title='bbox 943 2223 998 2261; x_wconf 89' lang='lat' dir='ltr'><strong>X.</strong></span> <span class='ocrx_word' id='word_1_375' title='bbox 1031 2224 1097 2262; x_wconf 87' lang='lat' dir='ltr'><strong>fol.</strong></span> <span class='ocrx_word' id='word_1_376' title='bbox 1129 2225 1198 2263; x_wconf 82' lang='lat'><strong>44.</strong></span> <span class='ocrx_word' id='word_1_377' title='bbox 1236 2228 1290 2270; x_wconf 87' lang='lat'>(11.</span> <span class='ocrx_word' id='word_1_378' title='bbox 1311 2227 1404 2271; x_wconf 77' lang='lat'><strong>647.)</strong></span> <span class='ocrx_word' id='word_1_379' title='bbox 1457 2223 1556 2261; x_wconf 86' lang='lat' dir='ltr'><strong>Nam</strong></span> <span class='ocrx_word' id='word_1_380' title='bbox 1587 2223 1685 2260; x_wconf 90' lang='lat' dir='ltr'><strong>haec</strong></span> <span class='ocrx_word' id='word_1_381' title='bbox 1715 2225 1775 2258; x_wconf 92' lang='lat' dir='ltr'><strong>est</strong></span> <span class='ocrx_word' id='word_1_382' title='bbox 1803 2230 1878 2270; x_wconf 82' lang='lat' dir='ltr'><strong>na-</strong></span> 
     </span>
    </p>
   </div>
   <div class='ocr_carea' id='block_1_8' title="bbox 84 2277 1876 2330">
    <p class='ocr_par' dir='ltr' id='par_1_9' title="bbox 15 2277 1876 2330">
     <span class='ocr_line' id='line_1_38' title="bbox 84 2277 1876 2330; baseline -0.003 -12.222"><span class='ocrx_word' id='word_1_383' title='bbox 84 2281 173 2318; x_wconf 81' lang='lat' dir='ltr'><strong>tura.</strong></span> <span class='ocrx_word' id='word_1_384' title='bbox 198 2290 325 2318; x_wconf 87' lang='lat' dir='ltr'><strong>rerum</strong></span> <span class='ocrx_word' id='word_1_385' title='bbox 355 2279 543 2325; x_wconf 92' lang='lat' dir='ltr'><strong>omnium,</strong></span> <span class='ocrx_word' id='word_1_386' title='bbox 586 2290 686 2327; x_wconf 83' lang='lat' dir='ltr'><strong>qnae</strong></span> <span class='ocrx_word' id='word_1_387' title='bbox 723 2280 800 2318; x_wconf 91' lang='lat' dir='ltr'><strong>luci</strong></span> <span class='ocrx_word' id='word_1_388' title='bbox 843 2286 934 2319; x_wconf 90' lang='lat' dir='ltr'><strong>sunt</strong></span> <span class='ocrx_word' id='word_1_389' title='bbox 973 2287 1181 2330; x_wconf 83' lang='lat' dir='ltr'><strong>cognatae,</strong></span> <span class='ocrx_word' id='word_1_390' title='bbox 1222 2287 1266 2320; x_wconf 88' lang='lat' dir='ltr'><strong>ut</strong></span> <span class='ocrx_word' id='word_1_391' title='bbox 1305 2283 1454 2321; x_wconf 85' lang='lat' dir='ltr'><strong>excitae</strong></span> <span class='ocrx_word' id='word_1_392' title='bbox 1496 2293 1520 2319; x_wconf 89' lang='lat' dir='ltr'><strong>a</strong></span> <span class='ocrx_word' id='word_1_393' title='bbox 1556 2280 1643 2318; x_wconf 90' lang='lat' dir='ltr'><strong>luce</strong></span> <span class='ocrx_word' id='word_1_394' title='bbox 1674 2277 1780 2316; x_wconf 89' lang='lat' dir='ltr'><strong>Solis</strong></span> <span class='ocrx_word' id='word_1_395' title='bbox 1808 2281 1876 2314; x_wconf 79' lang='lat' dir='ltr'><strong>aut</strong></span> 
     </span>
    </p>
   </div>
   <div class='ocr_carea' id='block_1_9' title="bbox 7 2165 82 3012">
    <p class='ocr_par' dir='ltr' id='par_1_10' title="bbox 7 2165 82 3012">
     <span class='ocr_line' id='line_1_39' title="bbox 7 2165 82 3012; baseline 0 0"><span class='ocrx_word' id='word_1_396' title='bbox 7 2165 82 3012; x_wconf 95' lang='lat' dir='ltr'><strong> </strong></span> 
     </span>
    </p>
   </div>
   <div class='ocr_carea' id='block_1_10' title="bbox 80 2334 1877 2388">
    <p class='ocr_par' dir='ltr' id='par_1_11' title="bbox 26 2334 1877 2388">
     <span class='ocr_line' id='line_1_40' title="bbox 80 2334 1877 2388; baseline -0.003 -12.146"><span class='ocrx_word' id='word_1_397' title='bbox 80 2337 224 2376; x_wconf 76' lang='lat' dir='ltr'><strong>saltem</strong></span> <span class='ocrx_word' id='word_1_398' title='bbox 253 2336 340 2383; x_wconf 87' lang='lat' dir='ltr'><strong>diei,</strong></span> <span class='ocrx_word' id='word_1_399' title='bbox 370 2337 611 2374; x_wconf 87' lang='lat' dir='ltr'><strong>affectionem</strong></span> <span class='ocrx_word' id='word_1_400' title='bbox 640 2338 811 2386; x_wconf 86' lang='lat' dir='ltr'><strong>aliquam</strong></span> <span class='ocrx_word' id='word_1_401' title='bbox 842 2340 1074 2388; x_wconf 88' lang='lat' dir='ltr'><strong>concipiant,</strong></span> <span class='ocrx_word' id='word_1_402' title='bbox 1104 2339 1154 2377; x_wconf 89' lang='lat' dir='ltr'><strong>ad</strong></span> <span class='ocrx_word' id='word_1_403' title='bbox 1185 2346 1331 2378; x_wconf 87' lang='lat' dir='ltr'><strong>eertum</strong></span> <span class='ocrx_word' id='word_1_404' title='bbox 1362 2345 1512 2388; x_wconf 86' lang='lat' dir='ltr'><strong>tempus</strong></span> <span class='ocrx_word' id='word_1_405' title='bbox 1544 2336 1770 2375; x_wconf 83' lang='lat' dir='ltr'><strong>durabilem.</strong></span> <span class='ocrx_word' id='word_1_406' title='bbox 1810 2334 1877 2373; x_wconf 86' lang='lat' dir='ltr'><strong>Sic</strong></span> 
     </span>
    </p>
   </div>
   <div class='ocr_carea' id='block_1_11' title="bbox 83 2390 1873 2447">
    <p class='ocr_par' dir='ltr' id='par_1_12' title="bbox 83 2390 1873 2447">
     <span class='ocr_line' id='line_1_41' title="bbox 83 2390 1873 2447; baseline -0.003 -13"><span class='ocrx_word' id='word_1_407' title='bbox 83 2396 126 2435; x_wconf 77' lang='lat' dir='ltr'><strong>in</strong></span> <span class='ocrx_word' id='word_1_408' title='bbox 155 2394 277 2434; x_wconf 83' lang='lat' dir='ltr'><strong>oculis</strong></span> <span class='ocrx_word' id='word_1_409' title='bbox 307 2395 465 2443; x_wconf 86' lang='lat' dir='ltr'><strong>spiritus</strong></span> <span class='ocrx_word' id='word_1_410' title='bbox 493 2394 651 2444; x_wconf 82' lang='lat' dir='ltr'><strong>visorii,</strong></span> <span class='ocrx_word' id='word_1_411' title='bbox 681 2394 778 2433; x_wconf 90' lang='lat' dir='ltr'><strong>lucis</strong></span> <span class='ocrx_word' id='word_1_412' title='bbox 809 2396 984 2444; x_wconf 81' lang='lat' dir='ltr'><strong>soboles,</strong></span> <span class='ocrx_word' id='word_1_413' title='bbox 1016 2398 1152 2435; x_wconf 89' lang='lat' dir='ltr'><strong>imbuti</strong></span> <span class='ocrx_word' id='word_1_414' title='bbox 1184 2398 1233 2436; x_wconf 88' lang='lat' dir='ltr'><strong>ab</strong></span> <span class='ocrx_word' id='word_1_415' title='bbox 1264 2390 1482 2447; x_wconf 86' lang='lat' dir='ltr'><strong>improvido</strong></span> <span class='ocrx_word' id='word_1_416' title='bbox 1514 2399 1726 2444; x_wconf 88' lang='lat' dir='ltr'><strong>conspectu</strong></span> <span class='ocrx_word' id='word_1_417' title='bbox 1758 2392 1873 2439; x_wconf 90' lang='lat' dir='ltr'><strong>Solis,</strong></span> 
     </span>
    </p>
   </div>
   <div class='ocr_carea' id='block_1_12' title="bbox 26 2450 1881 3039">
    <p class='ocr_par' dir='ltr' id='par_1_13' title="bbox 24 2450 1881 3023">
     <span class='ocr_line' id='line_1_42' title="bbox 26 2450 1876 2504; baseline -0.003 -13"><span class='ocrx_word' id='word_1_418' title='bbox 26 2451 30 2454; x_wconf 66' lang='grc'><em>’</em></span> <span class='ocrx_word' id='word_1_419' title='bbox 55 2494 66 2496; x_wconf 68' lang='grc'><strong>,,</strong></span> <span class='ocrx_word' id='word_1_420' title='bbox 85 2454 316 2502; x_wconf 66' lang='lat' dir='ltr'><strong>quocunque</strong></span> <span class='ocrx_word' id='word_1_421' title='bbox 347 2452 493 2489; x_wconf 81' lang='lat' dir='ltr'><strong>aversis</strong></span> <span class='ocrx_word' id='word_1_422' title='bbox 521 2451 662 2503; x_wconf 80' lang='lat' dir='ltr'><strong>oeulis,</strong></span> <span class='ocrx_word' id='word_1_423' title='bbox 689 2459 829 2502; x_wconf 85' lang='lat' dir='ltr'><strong>gerunt</strong></span> <span class='ocrx_word' id='word_1_424' title='bbox 858 2455 1205 2504; x_wconf 72' lang='lat' dir='ltr'><strong>circumieruntque</strong></span> <span class='ocrx_word' id='word_1_425' title='bbox 1224 2455 1325 2494; x_wconf 90' lang='lat' dir='ltr'><strong>banc</strong></span> <span class='ocrx_word' id='word_1_426' title='bbox 1351 2456 1569 2504; x_wconf 88' lang='lat' dir='ltr'><strong>imaginem,</strong></span> <span class='ocrx_word' id='word_1_427' title='bbox 1601 2453 1720 2493; x_wconf 88' lang='lat' dir='ltr'><strong>etiam</strong></span> <span class='ocrx_word' id='word_1_428' title='bbox 1750 2450 1876 2487; x_wconf 84' lang='lat' dir='ltr'><strong>inviti.</strong></span> 
     </span>
     <span class='ocr_line' id='line_1_43' title="bbox 82 2506 1878 2562; baseline -0.003 -13.156"><span class='ocrx_word' id='word_1_429' title='bbox 82 2510 152 2551; x_wconf 76' lang='lat' dir='ltr'><strong>Sic</strong></span> <span class='ocrx_word' id='word_1_430' title='bbox 180 2513 279 2549; x_wconf 87' lang='lat' dir='ltr'><strong>iuter</strong></span> <span class='ocrx_word' id='word_1_431' title='bbox 307 2509 580 2559; x_wconf 84' lang='lat' dir='ltr'><strong>chymistarum</strong></span> <span class='ocrx_word' id='word_1_432' title='bbox 614 2521 756 2549; x_wconf 88' lang='lat' dir='ltr'><strong>arcana</strong></span> <span class='ocrx_word' id='word_1_433' title='bbox 802 2517 861 2549; x_wconf 88' lang='lat' dir='ltr'><strong>est</strong></span> <span class='ocrx_word' id='word_1_434' title='bbox 904 2512 1080 2550; x_wconf 88' lang='lat' dir='ltr'><strong>mirabile</strong></span> <span class='ocrx_word' id='word_1_435' title='bbox 1122 2513 1197 2550; x_wconf 87' lang='lat' dir='ltr'><strong>hoc</strong></span> <span class='ocrx_word' id='word_1_436' title='bbox 1236 2518 1275 2551; x_wconf 90' lang='lat' dir='ltr'><strong>et</strong></span> <span class='ocrx_word' id='word_1_437' title='bbox 1316 2513 1501 2562; x_wconf 88' lang='lat' dir='ltr'><strong>imprimis</strong></span> <span class='ocrx_word' id='word_1_438' title='bbox 1540 2506 1878 2549; x_wconf 88' lang='lat' dir='ltr'><strong>commemorabile</strong></span> 
     </span>
     <span class='ocr_line' id='line_1_44' title="bbox 26 2564 1876 2619; baseline 0.002 -15"><span class='ocrx_word' id='word_1_439' title='bbox 26 2585 64 2619; x_wconf 29' lang='grc' dir='ltr'><strong>ιε,</strong></span> <span class='ocrx_word' id='word_1_440' title='bbox 83 2570 409 2619; x_wconf 76' lang='lat' dir='ltr'><strong>experimentum,</strong></span> <span class='ocrx_word' id='word_1_441' title='bbox 440 2566 544 2615; x_wconf 92' lang='lat' dir='ltr'><strong>quod</strong></span> <span class='ocrx_word' id='word_1_442' title='bbox 574 2579 770 2616; x_wconf 89' lang='lat' dir='ltr'><strong>gemmas,</strong></span> <span class='ocrx_word' id='word_1_443' title='bbox 802 2575 844 2607; x_wconf 91' lang='lat' dir='ltr'><strong>ut</strong></span> <span class='ocrx_word' id='word_1_444' title='bbox 875 2581 997 2619; x_wconf 89' lang='lat' dir='ltr'><strong>nuper</strong></span> <span class='ocrx_word' id='word_1_445' title='bbox 1027 2570 1235 2608; x_wconf 88' lang='lat' dir='ltr'><strong>admodum</strong></span> <span class='ocrx_word' id='word_1_446' title='bbox 1265 2573 1404 2609; x_wconf 78' lang='lat' dir='ltr'><strong>rescivi</strong></span> <span class='ocrx_word' id='word_1_447' title='bbox 1435 2583 1460 2608; x_wconf 89' lang='lat' dir='ltr'><strong>a</strong></span> <span class='ocrx_word' id='word_1_448' title='bbox 1490 2569 1659 2619; x_wconf 90' lang='lat' dir='ltr'><strong>quodam</strong></span> <span class='ocrx_word' id='word_1_449' title='bbox 1689 2564 1876 2616; x_wconf 79' lang='grc' dir='ltr'><em>αὐτοπτῃ,</em></span> 
     </span>
     <span class='ocr_line' id='line_1_45' title="bbox 55 2624 1876 2678; baseline -0.002 -14"><span class='ocrx_word' id='word_1_450' title='bbox 55 2631 296 2676; x_wconf 58' lang='grc' dir='ltr'>ςυρριιιειιιι,</span> <span class='ocrx_word' id='word_1_451' title='bbox 327 2636 428 2675; x_wconf 87' lang='lat' dir='ltr'><strong>quae</strong></span> <span class='ocrx_word' id='word_1_452' title='bbox 460 2636 546 2661; x_wconf 90' lang='lat' dir='ltr'><strong>cum</strong></span> <span class='ocrx_word' id='word_1_453' title='bbox 575 2624 723 2663; x_wconf 87' lang='lat' dir='ltr'><strong>lateant</strong></span> <span class='ocrx_word' id='word_1_454' title='bbox 752 2629 790 2664; x_wconf 91' lang='lat' dir='ltr'><strong>in</strong></span> <span class='ocrx_word' id='word_1_455' title='bbox 822 2629 1012 2678; x_wconf 86' lang='lat' dir='ltr'><strong>tenebris,</strong></span> <span class='ocrx_word' id='word_1_456' title='bbox 1048 2633 1091 2665; x_wconf 88' lang='grc' dir='ltr'><strong>ιιι</strong></span> <span class='ocrx_word' id='word_1_457' title='bbox 1123 2628 1202 2667; x_wconf 88' lang='lat' dir='ltr'><strong>alia</strong></span> <span class='ocrx_word' id='word_1_458' title='bbox 1232 2628 1376 2667; x_wconf 91' lang='lat' dir='ltr'><strong>lumine</strong></span> <span class='ocrx_word' id='word_1_459' title='bbox 1408 2639 1531 2671; x_wconf 87' lang='lat' dir='ltr'><strong>cassa,</strong></span> <span class='ocrx_word' id='word_1_460' title='bbox 1564 2629 1597 2664; x_wconf 89' lang='lat' dir='ltr'><strong>si</strong></span> <span class='ocrx_word' id='word_1_461' title='bbox 1628 2626 1715 2675; x_wconf 89' lang='lat' dir='ltr'><strong>quis</strong></span> <span class='ocrx_word' id='word_1_462' title='bbox 1746 2629 1876 2661; x_wconf 88' lang='lat' dir='ltr'><strong>tamen</strong></span> 
     </span>
     <span class='ocr_line' id='line_1_46' title="bbox 58 2678 1875 2734; baseline -0.001 -14.017"><span class='ocrx_word' id='word_1_463' title='bbox 58 2678 173 2722; x_wconf 52' lang='lat' dir='ltr'><strong>{illas</strong></span> <span class='ocrx_word' id='word_1_464' title='bbox 203 2684 280 2722; x_wconf 91' lang='lat' dir='ltr'><strong>luci</strong></span> <span class='ocrx_word' id='word_1_465' title='bbox 308 2683 428 2721; x_wconf 89' lang='lat' dir='ltr'><strong>solius</strong></span> <span class='ocrx_word' id='word_1_466' title='bbox 460 2681 535 2719; x_wconf 91' lang='lat' dir='ltr'><strong>diei</strong></span> <span class='ocrx_word' id='word_1_467' title='bbox 566 2688 755 2731; x_wconf 81' lang='lat' dir='ltr'><strong>exponat,</strong></span> <span class='ocrx_word' id='word_1_468' title='bbox 799 2685 1056 2724; x_wconf 89' lang='lat' dir='ltr'><strong>incenduntur</strong></span> <span class='ocrx_word' id='word_1_469' title='bbox 1086 2698 1133 2724; x_wconf 88' lang='lat' dir='ltr'><strong>ea</strong></span> <span class='ocrx_word' id='word_1_470' title='bbox 1164 2692 1207 2724; x_wconf 90' lang='lat' dir='ltr'><strong>ut</strong></span> <span class='ocrx_word' id='word_1_471' title='bbox 1238 2686 1425 2724; x_wconf 88' lang='lat' dir='ltr'><strong>candelae</strong></span> <span class='ocrx_word' id='word_1_472' title='bbox 1455 2685 1778 2734; x_wconf 88' lang='lat' dir='ltr'><strong>splendoremque</strong></span> <span class='ocrx_word' id='word_1_473' title='bbox 1809 2691 1875 2719; x_wconf 85' lang='lat' dir='ltr'><strong>se-</strong></span> 
     </span>
     <span class='ocr_line' id='line_1_47' title="bbox 86 2740 1878 2794; baseline 0 -18"><span class='ocrx_word' id='word_1_474' title='bbox 86 2742 174 2780; x_wconf 68' lang='lat' dir='ltr'><strong>eu‘m</strong></span> <span class='ocrx_word' id='word_1_475' title='bbox 205 2744 243 2779; x_wconf 90' lang='lat' dir='ltr'><strong>in</strong></span> <span class='ocrx_word' id='word_1_476' title='bbox 272 2742 452 2780; x_wconf 83' lang='lat' dir='ltr'><strong>tenebras</strong></span> <span class='ocrx_word' id='word_1_477' title='bbox 484 2740 602 2778; x_wconf 86' lang='lat' dir='ltr'><strong>etiam</strong></span> <span class='ocrx_word' id='word_1_478' title='bbox 630 2740 815 2790; x_wconf 86' lang='lat' dir='ltr'><strong>deferunt,</strong></span> <span class='ocrx_word' id='word_1_479' title='bbox 858 2743 1032 2782; x_wconf 88' lang='lat' dir='ltr'><strong>lucentes</strong></span> <span class='ocrx_word' id='word_1_480' title='bbox 1064 2749 1105 2781; x_wconf 88' lang='lat' dir='ltr'><strong>ut</strong></span> <span class='ocrx_word' id='word_1_481' title='bbox 1136 2745 1238 2782; x_wconf 93' lang='lat' dir='ltr'><strong>oculi</strong></span> <span class='ocrx_word' id='word_1_482' title='bbox 1268 2744 1425 2794; x_wconf 76' lang='lat' dir='ltr'><strong>felium,</strong></span> <span class='ocrx_word' id='word_1_483' title='bbox 1468 2744 1534 2792; x_wconf 90' lang='lat' dir='ltr'><strong>qui</strong></span> <span class='ocrx_word' id='word_1_484' title='bbox 1566 2742 1674 2779; x_wconf 87' lang='lat' dir='ltr'><strong>brevi</strong></span> <span class='ocrx_word' id='word_1_485' title='bbox 1694 2745 1878 2788; x_wconf 67' lang='lat' dir='ltr'><strong>&#39;tempore</strong></span> 
     </span>
     <span class='ocr_line' id='line_1_48' title="bbox 33 2793 1880 2850; baseline -0.002 -13"><span class='ocrx_word' id='word_1_486' title='bbox 33 2793 39 2829; x_wconf 70' lang='grc' dir='ltr'>Ϊ</span> <span class='ocrx_word' id='word_1_487' title='bbox 67 2794 225 2840; x_wconf 54' lang='lat' dir='ltr'><strong>&#39;Rerum</strong></span> <span class='ocrx_word' id='word_1_488' title='bbox 256 2799 523 2848; x_wconf 87' lang='lat' dir='ltr'><strong>exstinguitur.</strong></span> <span class='ocrx_word' id='word_1_489' title='bbox 583 2796 680 2835; x_wconf 86' lang='lat' dir='ltr'><strong>Tale</strong></span> <span class='ocrx_word' id='word_1_490' title='bbox 717 2799 812 2847; x_wconf 90' lang='lat' dir='ltr'><strong>quid</strong></span> <span class='ocrx_word' id='word_1_491' title='bbox 839 2801 982 2839; x_wconf 88' lang='lat' dir='ltr'><strong>accidit</strong></span> <span class='ocrx_word' id='word_1_492' title='bbox 1011 2801 1101 2839; x_wconf 90' lang='lat' dir='ltr'><strong>huic</strong></span> <span class='ocrx_word' id='word_1_493' title='bbox 1131 2804 1305 2848; x_wconf 86' lang='lat' dir='ltr'><strong>animae,</strong></span> <span class='ocrx_word' id='word_1_494' title='bbox 1349 2813 1464 2850; x_wconf 90' lang='lat' dir='ltr'><strong>quam</strong></span> <span class='ocrx_word' id='word_1_495' title='bbox 1495 2800 1574 2837; x_wconf 88' lang='lat' dir='ltr'><strong>luci</strong></span> <span class='ocrx_word' id='word_1_496' title='bbox 1605 2804 1643 2836; x_wconf 89' lang='lat' dir='ltr'><strong>et</strong></span> <span class='ocrx_word' id='word_1_497' title='bbox 1673 2798 1754 2846; x_wconf 91' lang='lat' dir='ltr'><strong>igni</strong></span> <span class='ocrx_word' id='word_1_498' title='bbox 1783 2807 1880 2845; x_wconf 86' lang='lat' dir='ltr'><strong>cog-</strong></span> 
     </span>
     <span class='ocr_line' id='line_1_49' title="bbox 69 2854 1880 2907; baseline -0.001 -13.021"><span class='ocrx_word' id='word_1_499' title='bbox 69 2861 220 2896; x_wconf 13' lang='lat' dir='ltr'><strong>‘’uatam</strong></span> <span class='ocrx_word' id='word_1_500' title='bbox 250 2856 353 2904; x_wconf 79' lang='lat' dir='ltr'><strong>dixi,</strong></span> <span class='ocrx_word' id='word_1_501' title='bbox 394 2862 437 2894; x_wconf 91' lang='lat' dir='ltr'><strong>nt</strong></span> <span class='ocrx_word' id='word_1_502' title='bbox 465 2855 534 2892; x_wconf 86' lang='lat' dir='ltr'><strong>illa</strong></span> <span class='ocrx_word' id='word_1_503' title='bbox 563 2856 601 2890; x_wconf 91' lang='lat' dir='ltr'><strong>in</strong></span> <span class='ocrx_word' id='word_1_504' title='bbox 631 2854 750 2904; x_wconf 85' lang='lat' dir='ltr'><strong>plaga</strong></span> <span class='ocrx_word' id='word_1_505' title='bbox 784 2858 987 2906; x_wconf 86' lang='lat' dir='ltr'><strong>(punctum</strong></span> <span class='ocrx_word' id='word_1_506' title='bbox 1018 2861 1119 2897; x_wconf 90' lang='lat' dir='ltr'><strong>enim</strong></span> <span class='ocrx_word' id='word_1_507' title='bbox 1150 2866 1209 2898; x_wconf 88' lang='lat' dir='ltr'><strong>est</strong></span> <span class='ocrx_word' id='word_1_508' title='bbox 1240 2859 1325 2903; x_wconf 90' lang='lat' dir='ltr'><strong>illa,</strong></span> <span class='ocrx_word' id='word_1_509' title='bbox 1366 2859 1494 2907; x_wconf 88' lang='lat' dir='ltr'><strong>plagis</strong></span> <span class='ocrx_word' id='word_1_510' title='bbox 1526 2857 1769 2902; x_wconf 87' lang='lat' dir='ltr'><strong>distinctum,</strong></span> <span class='ocrx_word' id='word_1_511' title='bbox 1810 2864 1880 2894; x_wconf 85' lang='lat' dir='ltr'><strong>sou</strong></span> 
     </span>
     <span class='ocr_line' id='line_1_50' title="bbox 40 2885 1879 2966; baseline -0.001 -14"><span class='ocrx_word' id='word_1_512' title='bbox 40 2926 43 2927; x_wconf 49' lang='lat'><em>⁷</em></span> <span class='ocrx_word' id='word_1_513' title='bbox 71 2915 254 2964; x_wconf 54' lang='lat' dir='ltr'><strong>v&#39;reulus</strong></span> <span class='ocrx_word' id='word_1_514' title='bbox 283 2885 465 2953; x_wconf 81' lang='lat' dir='ltr'><strong>zodiacus</strong></span> <span class='ocrx_word' id='word_1_515' title='bbox 494 2911 753 2963; x_wconf 85' lang='lat' dir='ltr'><strong>potentialis),</strong></span> <span class='ocrx_word' id='word_1_516' title='bbox 783 2915 824 2951; x_wconf 89' lang='lat' dir='ltr'><strong>in</strong></span> <span class='ocrx_word' id='word_1_517' title='bbox 852 2927 931 2965; x_wconf 88' lang='lat' dir='ltr'><strong>qua</strong></span> <span class='ocrx_word' id='word_1_518' title='bbox 960 2919 1158 2966; x_wconf 87' lang='lat' dir='ltr'><strong>congressi</strong></span> <span class='ocrx_word' id='word_1_519' title='bbox 1187 2918 1341 2955; x_wconf 82' lang='lat' dir='ltr'><strong>fuerunt</strong></span> <span class='ocrx_word' id='word_1_520' title='bbox 1360 2917 1577 2965; x_wconf 88' lang='lat' dir='ltr'><strong>superiores</strong></span> <span class='ocrx_word' id='word_1_521' title='bbox 1597 2913 1779 2963; x_wconf 89' lang='lat' dir='ltr'><strong>planetae</strong></span> <span class='ocrx_word' id='word_1_522' title='bbox 1808 2916 1879 2950; x_wconf 85' lang='lat' dir='ltr'><strong>aut</strong></span> 
     </span>
     <span class='ocr_line' id='line_1_51' title="bbox 41 2967 1881 3039; baseline -0.002 -28"><span class='ocrx_word' id='word_1_523' title='bbox 41 2967 77 3039; x_wconf 35' lang='grc' dir='ltr'><strong>ἐξ</strong></span> <span class='ocrx_word' id='word_1_524' title='bbox 89 2968 245 3023; x_wconf 79' lang='lat' dir='ltr'><strong>&#39;eclipsis</strong></span> <span class='ocrx_word' id='word_1_525' title='bbox 273 2973 469 3023; x_wconf 86' lang='lat' dir='ltr'><strong>apparuit,</strong></span> <span class='ocrx_word' id='word_1_526' title='bbox 514 2970 708 3018; x_wconf 89' lang='lat' dir='ltr'><strong>concipiat</strong></span> <span class='ocrx_word' id='word_1_527' title='bbox 746 2970 1003 3012; x_wconf 86' lang='lat' dir='ltr'><strong>characterem</strong></span> <span class='ocrx_word' id='word_1_528' title='bbox 1048 2975 1352 3023; x_wconf 83' lang='lat' dir='ltr'><strong>conjunctionis,</strong></span> <span class='ocrx_word' id='word_1_529' title='bbox 1395 2971 1608 3010; x_wconf 89' lang='lat' dir='ltr'><strong>durabilem</strong></span> <span class='ocrx_word' id='word_1_530' title='bbox 1650 2973 1688 3008; x_wconf 91' lang='lat' dir='ltr'><strong>in</strong></span> <span class='ocrx_word' id='word_1_531' title='bbox 1719 2968 1881 3019; x_wconf 87' lang='lat' dir='ltr'><strong>aliquod</strong></span> 
     </span>
    </p>
   </div>
   <div class='ocr_carea' id='block_1_13' title="bbox 46 3019 1882 3142">
    <p class='ocr_par' dir='ltr' id='par_1_14' title="bbox 46 3019 1882 3142">
     <span class='ocr_line' id='line_1_52' title="bbox 46 3019 1882 3085; baseline -0.003 -15.889"><span class='ocrx_word' id='word_1_532' title='bbox 46 3019 263 3085; x_wconf 62' lang='grc' dir='ltr'>Ξὶοιιψιιε,</span> <span class='ocrx_word' id='word_1_533' title='bbox 301 3032 433 3079; x_wconf 80' lang='lat' dir='ltr'><strong>itaque</strong></span> <span class='ocrx_word' id='word_1_534' title='bbox 470 3028 622 3076; x_wconf 89' lang='lat' dir='ltr'><strong>quoties</strong></span> <span class='ocrx_word' id='word_1_535' title='bbox 651 3027 892 3076; x_wconf 85' lang='lat' dir='ltr'><strong>planetarum</strong></span> <span class='ocrx_word' id='word_1_536' title='bbox 930 3031 1094 3081; x_wconf 86' lang='lat' dir='ltr'><strong>aliquis,</strong></span> <span class='ocrx_word' id='word_1_537' title='bbox 1133 3035 1342 3081; x_wconf 89' lang='lat' dir='ltr'><strong>praecipue</strong></span> <span class='ocrx_word' id='word_1_538' title='bbox 1374 3030 1442 3068; x_wconf 88' lang='lat' dir='ltr'><strong>Sol</strong></span> <span class='ocrx_word' id='word_1_539' title='bbox 1482 3030 1546 3068; x_wconf 87' lang='lat' dir='ltr'><strong>vel</strong></span> <span class='ocrx_word' id='word_1_540' title='bbox 1577 3029 1707 3078; x_wconf 87' lang='lat' dir='ltr'><strong>Luna,</strong></span> <span class='ocrx_word' id='word_1_541' title='bbox 1753 3028 1882 3067; x_wconf 89' lang='lat' dir='ltr'><strong>locum</strong></span> 
     </span>
     <span class='ocr_line' id='line_1_53' title="bbox 48 3076 1880 3142; baseline -0.001 -18.978"><span class='ocrx_word' id='word_1_542' title='bbox 48 3076 244 3137; x_wconf 39' lang='lat' dir='ltr'><strong>&amp;sumaih</strong></span> <span class='ocrx_word' id='word_1_543' title='bbox 286 3094 372 3142; x_wconf 69' lang='lat' dir='ltr'><strong>ipsa</strong></span> <span class='ocrx_word' id='word_1_544' title='bbox 405 3095 481 3132; x_wconf 66' lang='lat' dir='ltr'><strong>vim</strong></span> <span class='ocrx_word' id='word_1_545' title='bbox 511 3097 621 3134; x_wconf 68' lang='lat' dir='ltr'><strong>suam</strong></span> <span class='ocrx_word' id='word_1_546' title='bbox 651 3084 768 3124; x_wconf 89' lang='lat' dir='ltr'><strong>talem</strong></span> <span class='ocrx_word' id='word_1_547' title='bbox 800 3094 974 3139; x_wconf 85' lang='lat' dir='ltr'><strong>exserat,</strong></span> <span class='ocrx_word' id='word_1_548' title='bbox 1011 3090 1166 3138; x_wconf 88' lang='lat' dir='ltr'><strong>qualem</strong></span> <span class='ocrx_word' id='word_1_549' title='bbox 1199 3089 1248 3128; x_wconf 89' lang='lat' dir='ltr'><strong>ad</strong></span> <span class='ocrx_word' id='word_1_550' title='bbox 1287 3092 1411 3139; x_wconf 86' lang='lat' dir='ltr'><strong>ipsam</strong></span> <span class='ocrx_word' id='word_1_551' title='bbox 1443 3087 1727 3136; x_wconf 83' lang='lat' dir='ltr'><strong>conjunctionis</strong></span> <span class='ocrx_word' id='word_1_552' title='bbox 1757 3086 1880 3125; x_wconf 86' lang='lat' dir='ltr'><strong>exsti-</strong></span> 
     </span>
    </p>
   </div>
   <div class='ocr_carea' id='block_1_14' title="bbox 161 3161 1674 3197">
    <p class='ocr_par' dir='ltr' id='par_1_15' title="bbox 161 3161 1674 3197">
     <span class='ocr_line' id='line_1_54' title="bbox 161 3161 1674 3197; baseline 0.005 -8"><span class='ocrx_word' id='word_1_553' title='bbox 161 3163 284 3196; x_wconf 66' lang='lat' dir='ltr'><strong>tepla-i</strong></span> <span class='ocrx_word' id='word_1_554' title='bbox 301 3164 399 3197; x_wconf 73' lang='lat' dir='ltr'><strong>Opera</strong></span> <span class='ocrx_word' id='word_1_555' title='bbox 415 3166 452 3192; x_wconf 85' lang='lat' dir='ltr'><strong>V</strong></span> <span class='ocrx_word' id='word_1_556' title='bbox 1626 3161 1674 3196; x_wconf 82' lang='grc'><strong>17</strong></span> 
     </span>
    </p>
   </div>
  </div>
 </body>
</html>
