1988 3276
110 135 164 175 85
696 132 752 168 De
775 130 988 178 Figuratum
1011 133 1305 169 Harmonicarum

110 250 228 286 ductis
253 247 513 294 diagonalibus.
562 247 647 284 Cum
681 250 800 284 autem
831 259 936 284 omne
971 249 1044 285 tale
1068 249 1283 294 triangulum
1317 250 1451 287 habeat
1472 254 1546 288 tres
1572 250 1737 296 (angulos)
1762 250 1903 289 duobus

109 304 218 342 rectis
244 302 431 348 aequales:
469 301 506 336 in
529 301 695 348 trigonici
718 301 827 346 igitur
851 301 983 346 angulo
1009 306 1064 337 est
1094 313 1179 348 pars
1205 303 1332 348 tertia,
1368 303 1408 339 in
1428 303 1646 349 'tetragonici
1677 297 1905 340 elementaris

110 355 242 402 angulo
266 365 351 400 pars
376 357 515 399 quarta,
539 353 575 388 in
600 353 829 399 pentagonici
852 365 936 400 pars
962 354 1098 400 quinta,
1122 354 1158 390 in
1183 355 1413 401 heptagonici
1437 365 1521 401 pars
1546 355 1699 401 septima.
1723 355 1904 398 etc.;duo-

110 419 191 444 rum
213 411 405 442 rectorum.
455 406 504 441 Et
527 406 572 442 ab
597 406 665 442 hac
690 406 890 451 quantitate
915 406 1037 451 anguli
1062 406 1188 452 incipit
1212 407 1470 444 demonstratio
1495 407 1681 453 cujusque.

225 456 301 494 XI.
335 455 591 496 Definitio.
650 457 866 506 Impropria
897 456 1172 496 demonstratio
1211 462 1287 507 est,
1327 469 1414 497 cum
1454 458 1650 510 proportio
1689 456 1824 498 lateris
1854 457 1905 498 ad

115 516 343 556 diametrum
374 526 421 553 ex
452 515 536 565 ipso
568 514 799 566 angulorum
827 526 987 554 numero
1024 515 1245 555 immediate
1287 516 1464 555 adhibito
1495 517 1630 567 nequit
1659 515 1906 556 determinari

111 575 364 626 geometrice,
395 573 472 611 nisi
501 572 734 613 adhibeatur
762 573 866 613 latus
895 573 1042 624 figurae
1072 573 1250 624 alterius,
1282 586 1360 614 non
1391 573 1511 626 duplo
1541 579 1610 614 aut
1630 573 1800 614 ‘dimidio
1829 586 1906 614 nu-

110 645 214 673 mero
245 633 421 672 laterum.

227 701 323 742 XII.
355 700 626 739 Definitio.
689 698 843 739 Gradus
873 701 1058 740 scientiae
1089 700 1232 740 diversi
1262 706 1374 751 sunt,
1415 701 1486 740 alii
1513 702 1670 749 remoti,
1715 701 1784 740 alii
1812 713 1906 753 pro-

111 763 261 814 pinqui.
310 759 464 798 Primus
495 764 533 797 et
561 759 760 808 proximus
791 758 947 809 gradus,
980 770 1066 798 cum
1097 758 1240 799 lineam
1259 760 1432 811 aliquam
1462 761 1543 799 scio
1574 763 1613 799 et
1641 759 1905 800 demonstrare

111 832 270 872 possum
301 829 386 858 esse
418 817 605 856 diametro
636 817 863 868 aequalem,
897 822 964 856 aut
993 817 1164 868 planum,
1196 819 1287 858 licet
1317 820 1430 858 aliter
1459 818 1684 867 formatum,
1717 818 1906 869 quadrato

112 879 289 918 diametri
319 876 496 926 aequale.

225 933 294 969 Hic
318 942 486 967 mensura
509 934 596 966 nota
618 930 787 976 perfecte,
813 929 950 969 scilicet
973 941 1012 967 se
1036 930 1117 976 ipsa
1141 934 1176 967 et
1199 942 1271 967 uno
1289 936 1383 977 actu,
1408 934 1594 968 mensurat
1616 931 1801 968 noscibile.

227 993 344 1032 XIII.
385 991 651 1030 Definitio.
712 991 914 1031 Secundus
951 991 1114 1042 gradus,
1155 1003 1243 1031 cum
1281 992 1467 1031 diametro
1505 993 1546 1029 in
1587 991 1739 1042 aliquot
1775 997 1908 1044 partes

113 1052 297 1103 aequales
329 1054 432 1090 certo
463 1061 622 1088 numero
656 1049 800 1103 divisa,
842 1049 906 1089 vel
937 1050 1021 1100 ejus
1053 1049 1241 1100 quadrato
1272 1051 1468 1099 similiter,
1507 1050 1612 1090 linea
1649 1050 1714 1090 vel
1743 1051 1903 1103 planum

111 1112 354 1164 propositum
386 1112 575 1158 aequatur
604 1107 673 1146 tali
704 1111 804 1160 parti
835 1109 898 1147 vel
927 1109 1115 1159 partibus.
1176 1109 1283 1148 Talis
1313 1109 1417 1148 linea
1455 1108 1595 1147 dicitur
1625 1106 1773 1149 Graece
1814 1106 1908 1163 ρητη

112 1186 235 1220 μηκει,
278 1167 443 1207 effabilis
474 1166 726 1216 longitudine.
787 1166 954 1205 Planum
985 1178 1077 1205 vero
1108 1166 1186 1207 tale
1215 1168 1442 1218 simpliciter
1471 1166 1611 1207 dicitur
1640 1163 1778 1220 ῥητον,
1810 1168 1906 1208 effa-

114 1228 204 1268 bile.
264 1227 455 1265 Numerus
486 1227 587 1263 enim
619 1230 678 1264 est
707 1231 988 1273 geometrarum
1017 1237 1156 1264 sermo.

229 1282 287 1318 Ad
322 1282 418 1317 hunc
443 1280 613 1316 scientiae
637 1280 788 1326 gradum
811 1280 868 1316 vel
893 1291 959 1326 per
986 1280 1265 1326 descriptionem
1301 1280 1644 1326 inscriptionemque
1666 1282 1907 1326 pervenimus,

113 1336 169 1372 vel
193 1335 297 1371 aliter
321 1333 427 1369 etiam
452 1342 517 1378 per
541 1333 790 1377 cognationem
816 1344 896 1369 cum
920 1333 990 1368 alia
1015 1333 1135 1379 aliqua
1161 1332 1378 1378 quantitate,
1417 1331 1464 1368 ad
1488 1342 1595 1378 quam
1618 1342 1684 1378 per
1707 1331 1770 1368 illa
1791 1335 1910 1372 media

114 1388 395 1438 perveniebatur.
429 1386 557 1431 quue
581 1396 653 1420 non
678 1384 890 1422 determinat
913 1386 1004 1422 haec
1028 1386 1181 1432 qualitas
1206 1396 1314 1421 unam
1330 1385 1489 1432 aliquam
1506 1383 1764 1432 quantitatem3
1790 1396 1908 1433 neque

115 1443 208 1479 enim
233 1440 368 1478 sufficit
392 1439 438 1475 ad
462 1437 812 1483 determinationem,
848 1443 888 1474 ut
913 1439 1045 1484 sciam,
1082 1438 1218 1484 aliquid
1252 1447 1361 1475 causa
1391 1438 1759 1477 commensurationis
1775 1439 1826 1476 sic
1849 1440 1908 1477 vel

115 1495 166 1532 sic
191 1504 270 1530 esse
296 1494 551 1537 comparatum,
578 1495 720 1535 oportet
737 1490 844 1526 etiam
859 1490 930 1526 hoc
947 1491 1050 1536 scire,
1075 1490 1266 1536 quomodo,
1290 1490 1327 1526 id
1343 1494 1399 1526 est
1422 1501 1494 1536 quo
1518 1501 1667 1526 numero
1686 1491 1732 1527 sit
1749 1490 1907 1530 effabile.

228 1543 342 1582 XIV.
375 1542 410 1579 D
426 1541 648 1580 ef1n1t10
709 1540 862 1579 Tertius
902 1541 1044 1591 gradus
1083 1546 1143 1580 est
1172 1541 1255 1587 hic,
1298 1553 1386 1579 cum
1427 1540 1532 1580 linea
1566 1541 1809 1591 longitudine
1849 1547 1908 1582 est

115 1602 340 1650 ineffabilis,
394 1605 435 1638 at
479 1599 563 1648 ejus
608 1597 839 1648 quadratum
886 1599 1040 1638 effabile
1082 1603 1121 1638 et
1166 1600 1360 1650 pertinens
1401 1598 1452 1638 ad
1488 1599 1701 1639 secundum
1730 1599 1905 1666 gradum.

115 1661 267 1700 Dicitur
297 1655 391 1712 ῥητη
424 1662 590 1705 δυναμει,
623 1657 787 1696 effabilis
816 1658 1003 1708 potentia.

230 1718 322 1757 XV.
354 1715 612 1755 Definitio.
672 1714 751 1765 Qui
781 1719 995 1766 sequuntur
1024 1713 1188 1765 gradus,
1221 1726 1353 1754 omnes
1384 1714 1632 1767 appellantur
1660 1714 1811 1770 ἄλογοι,
1843 1717 1907 1754 in—

118 1767 595 1824 effabiles.1nterpretes
625 1773 658 1811 Ι
660 1774 755 1812 atini
785 1778 983 1813 verterunt
1012 1773 1266 1823 irrationales,
1297 1784 1439 1824 magno
1471 1774 1736 1824 ambiguitatis
1766 1779 1806 1814 et
1834 1775 1908 1814 ab·

117 1836 317 1875 surditatis
347 1832 531 1886 periculo.
573 1831 654 1871 Nos
686 1832 920 1883 sepeliamus
950 1832 1053 1871 hunc
1083 1834 1191 1871 vocis
1211 1844 1338 1885 usum,
1369 1833 1464 1883 quia
1482 1832 1628 1872 multae
1647 1837 1739 1872 sunt
1767 1832 1906 1884 lineae,

117 1906 217 1944 quae
249 1893 427 1943 quamvis
460 1890 691 1939 ineffabiles,
735 1893 889 1941 optimis
926 1895 1055 1929 tamen
1097 1892 1340 1930 continentur
1376 1891 1604 1929 rationibus.
1664 1891 1908 1931 Arithmetici

118 1951 308 1991 consimili
338 1949 592 1990 translatione
624 1948 823 1999 appellant
853 1960 1032 1988 numeros
1063 1949 1224 1998 surdos,
1255 1949 1295 1987 id
1325 1953 1384 1988 est
1414 1950 1480 1999 qui
1511 1960 1589 1987 non
1619 1949 1709 1999 plus
1737 1949 1908 2000 loquun-

116 2015 188 2058 tur,
220 2022 336 2059 quam
357 2008 497 2048 surdus
519 2006 650 2046 audit:
681 2007 750 2046 sed
782 2008 854 2046 sub
884 2007 959 2046 hoc
988 2007 1142 2046 nomine
1173 2011 1253 2045 tam
1275 2007 1447 2046 effabiles
1468 2006 1554 2045 sola
1573 2009 1759 2057 potentia,
1791 2020 1909 2058 quam

117 2068 334 2107 ineffabiles
367 2067 605 2117 quantitates
637 2066 867 2116 intelligunt.
929 2066 998 2104 Est
1018 2066 1135 2115 igitur
1166 2069 1325 2115 quartus
1355 2066 1395 2102 in
1423 2065 1555 2103 ordine
1576 2065 1730 2115 gradus,
1761 2068 1908 2117 primus

116 2139 208 2166 vero
239 2125 514 2173 ineffabilium,
553 2124 708 2174 quando
746 2135 817 2163 nec
856 2123 961 2162 linea
1000 2134 1071 2162 nec
1103 2123 1186 2173 ejus
1219 2123 1450 2173 quadratum
1480 2127 1571 2161 sunt
1607 2124 1797 2174 effabilia,
1838 2124 1907 2166 sed

115 2191 244 2224 tamen
276 2184 508 2234 quadratum
537 2183 576 2220 in
597 2182 674 2221 tale
694 2182 962 2232 rectangulum
983 2181 1244 2221 transformari
1264 2186 1404 2232 potest,
1437 2182 1547 2231 cujus
1567 2181 1691 2222 latera
1711 2184 1788 2222 sint
1809 2183 1907 2222 effa-

116 2244 208 2282 bilia
229 2242 367 2281 saltem
388 2242 574 2293 potentia.
634 2239 743 2279 Haec
763 2242 867 2279 linea
891 2240 1028 2279 dicitur
1049 2251 1154 2278 mese
1175 2238 1314 2292 (μεση),
1344 2241 1437 2289 quia
1457 2245 1515 2279 est
1534 2239 1664 2280 media
1683 2243 1906 2293 proportio-'-

116 2302 215 2341 nalis
247 2303 345 2340 inter
377 2301 472 2339 duas
505 2299 675 2338 effabiles
707 2299 792 2338 sola
820 2300 996 2349 potentia
1016 2298 1399 2337 commensurabiles:
1431 2303 1475 2336 ut
1504 2299 1537 2336 si
1568 2310 1647 2337 una
1668 2299 1826 2349 quidem
1855 2301 1906 2338 sit

118 2359 280 2399 effabilis
310 2357 564 2409 longitudine,
597 2357 719 2396 altera
749 2357 834 2396 sola
863 2353 1054 2408 potentia,
1088 2361 1157 2395 aut
1186 2358 1219 2394 si
1251 2361 1415 2406 utraque
1445 2356 1530 2395 sola
1558 2359 1735 2407 potentia
1765 2358 1905 2397 effabi-

115 2419 176 2466 lis,
207 2419 406 2468 potentiae
437 2421 566 2455 tamen
599 2417 696 2455 inter
726 2428 767 2455 se
798 2428 875 2455 non
905 2417 982 2454 sint
1013 2419 1055 2453 ut
1085 2413 1297 2465 quadratus
1327 2425 1509 2453 numerus
1540 2415 1591 2453 ad
1610 2415 1854 2465 quadratum.
1869 2413 1905 2465 3)

117 2477 226 2516 Talis
258 2475 362 2514 linea
392 2487 469 2514 non
501 2476 618 2513 scitur
649 2474 985 2516 velrmensuratur
1014 2472 1256 2522 longitudine
1278 2477 1466 2512 certarum
1485 2474 1653 2523 partium
1682 2473 1906 2524 aequalium

119 2535 309 2582 diametri,
344 2545 416 2573 nec
447 2533 532 2583 ejus
565 2532 794 2582 quadratum
826 2532 1013 2583 quadrato
1046 2531 1244 2580 diametri3
1286 2531 1354 2570 sed
1384 2542 1455 2570 nec
1485 2531 1612 2571 lineae
1641 2536 1908 2571 mensurantur

118 2606 142 2632 a
177 2593 364 2632 diametro
397 2592 534 2630 ambae
565 2590 690 2638 simul,
723 2593 820 2630 inter
852 2602 947 2640 quas
978 2601 1083 2628 mese
1114 2594 1173 2628 est
1202 2589 1330 2628 media
1358 2590 1677 2640 proportionalis,
1718 2589 1786 2629 sed
1816 2590 1907 2628 illa-

121 2664 209 2690 rum
240 2650 428 2689 linearum
460 2649 659 2700 quadrata,
693 2648 789 2688 haec
821 2649 974 2688 demum
1004 2661 1028 2687 a
1058 2647 1245 2698 quadrato
1279 2647 1452 2687 diametri
1483 2653 1763 2688 mensurantur.
1796 2647 1906 2698 Qua-

124 2710 275 2749 dratum
307 2720 432 2748 meses
465 2713 502 2747 et
532 2709 658 2758 ipsum
688 2719 822 2746 meson
854 2708 1008 2755 dicitur,
1043 2708 1126 2745 sive
1156 2707 1207 2744 sit
1237 2705 1380 2746 formae
1412 2707 1622 2756 quadratae
1656 2717 1726 2745 seu
1745 2708 1784 2744 in
1804 2710 1906 2745 rect-

118 2769 302 2819 angulum
332 2771 627 2814 transmutetur3
659 2770 796 2815 estque
825 2766 900 2804 hoc
931 2764 1094 2804 alterum
1124 2764 1230 2815 plani
1260 2776 1404 2814 genus,
1435 2769 1525 2815 post
1545 2763 1697 2803 effabile
1728 2764 1902 2815 planum.

118 2827 167 2864 Et
196 2827 302 2865 hisce
334 2825 486 2864 duobus
515 2825 663 2875 planis,
703 2820 850 2863 effabili
893 2827 931 2862 et
970 2834 1101 2875 meso,
1142 2828 1347 2872 sequentes
1378 2824 1526 2874 species
1565 2823 1663 2861 inter
1693 2833 1734 2861 se
1766 2822 1905 2862 distin·

117 2888 295 2934 guuntur.

232 2941 346 2981 XVI.
378 2941 646 2981 Definitio.
709 2939 768 2978 Ad
811 2939 935 2980 lineas
974 2938 1072 2978 alias
1113 2937 1326 2989 singulares
1357 2939 1540 2977 transitus
1584 2940 1643 2976 est
1681 2938 1794 2977 nobis
1836 2949 1905 2988 per
1973 2977 1981 2984 ,

121 2999 409 3048 copulationem
439 3001 630 3038 linearum
658 2999 856 3046 binarum,
901 3009 1001 3047 quae
1038 2998 1145 3047 ipsae
1185 3008 1340 3047 quoque
1379 3007 1503 3036 novos
1539 2994 1683 3045 gradus
1721 2997 1904 3035 scientiae

121 3057 380 3106 interponunt.
453 3057 613 3098 Secetur
650 3070 686 3096 n.
729 3056 794 3095 vel
831 3056 1015 3094 diameter
1052 3054 1117 3095 vel
1154 3055 1286 3105 aliqua
1322 3054 1508 3094 diametro
1548 3053 1904 3093 commensurabilis

121 3113 258 3154 saltem
289 3118 466 3165 potentia
496 3121 535 3156 et
564 3117 620 3156 sic
651 3114 833 3165 effabilis,
875 3118 941 3154 aut
972 3114 1087 3153 etiam
1117 3113 1249 3164 aliqua
1277 3125 1400 3163 mese,
1442 3116 1616 3162 secetur,
1646 3113 1825 3163 inquam,
1863 3113 1903 3150 in
