1988 3276
172 121 225 159 14
342 122 347 130 “
939 113 1165 151 Prooemium

170 235 263 274 dicit
291 233 483 284 Keplerus
512 234 676 284 primum
707 238 746 272 et
774 234 1024 273 fortissimum
1046 233 1227 284 gradum,
1269 244 1351 273 nro.
1374 234 1412 271 2.
1441 232 1651 272 secundum
1681 232 1843 284 gradum
1862 237 1950 281 etc„

169 305 250 332 nro.
284 294 322 333 5¹.
353 292 530 331 ultimum
561 296 598 330 et
627 291 916 332 imbecillimum
944 292 1118 342 gradum.
1179 292 1330 331 Causae
1359 290 1536 330 diversae
1566 291 1806 331 efficacitatis
1835 291 1951 342 hujus

169 355 260 391 sunt
286 353 327 390 in
355 356 494 390 natura
523 350 744 400 figurarum,
777 351 917 400 quibus
947 351 987 389 hi
1017 355 1197 401 aspectus
1227 352 1411 399 nituntur,
1443 351 1482 387 in
1513 349 1612 388 libro
1639 350 1672 390 L
1704 355 1892 389 enarrata.

316 409 444 460 Caput
472 408 562 448 VII.
621 409 683 448 De
727 414 866 447 natura
905 409 1104 448 sublunari
1141 408 1469 457 facultatibusque
1505 409 1656 451 animae
1695 408 1950 447 inferioribus.

170 466 223 508 Ut
251 469 422 518 posuerit
450 472 647 506 naturam
676 467 951 513 sublunarem,
981 480 1084 517 quae
1111 469 1263 516 praesit
1292 467 1500 515 elementia
1531 471 1659 505 motus
1680 471 1739 505 est
1757 467 1951 517 Keplerus

169 526 254 566 sola
283 531 322 565 et
351 527 466 566 unica
490 530 763 576 tempestatum
794 526 1066 578 observatione
1096 530 1400 575 aspectuumque
1432 525 1768 575 contemplatione,
1810 525 1951 575 quibus

169 585 258 624 illae
289 586 451 623 cientur:
484 586 832 623 constantissimam
862 585 1135 634 experientiam
1165 585 1309 630 testari,
1341 587 1484 621 statum
1514 585 1614 622 aeris
1643 584 1888 631 commoveri,
1920 584 1952 620 si

169 648 298 683 essent
315 647 507 693 aspectus.
547 642 619 680 His
640 644 791 680 innixus
812 641 1004 692 Keplerus
1024 654 1083 690 eo,
1104 654 1217 692 quem
1238 643 1347 680 initio
1367 641 1616 691 praefationis
1637 641 1816 690 diximus,
1836 640 1952 680 modo

168 703 336 741 animam
354 713 463 740 suam
483 701 730 740 sublunarem
751 702 947 743 constituit
968 705 1084 750 atque
1106 702 1160 739 ita
1178 701 1322 750 pergit:
1354 699 1576 749 Specierum
1596 699 1954 739 mathematicarum

168 761 248 810 illa,
280 771 380 810 quae
410 759 573 799 circulus
605 759 754 807 dicitur,
785 761 886 798 inest
913 760 1003 798 huic
1022 760 1172 798 animae
1192 761 1292 797 sicut
1309 758 1513 807 humanae,
1535 769 1612 796 non
1631 762 1784 796 tantum
1803 762 1847 797 ut
1865 757 1954 796 idea

168 831 295 858 rerum
327 823 587 867 externarum,
620 817 689 856 sed
728 819 843 856 etiam
874 823 917 856 ut
945 818 1068 856 forma
1098 816 1289 866 quaedam
1318 817 1440 866 ipsius
1471 818 1643 864 animae,
1681 822 1720 854 et
1749 821 1793 855 ut
1820 827 1953 867 prom-

169 879 335 916 tuarium
366 878 522 915 unicum
552 877 675 915 omnis
705 876 890 915 scientiae
920 877 1177 926 geometricae
1208 881 1246 914 et
1275 875 1551 914 arithmeticae.
1608 874 1792 913 Facultas
1821 874 1952 913 vitalis

169 937 208 973 in
247 935 400 974 homine
439 946 518 973 non
557 939 706 973 tantum
735 934 956 973 harmonias
992 933 1121 973 radiis.
1149 933 1287 972 lucidis
1325 932 1521 972 involutas
1561 944 1693 972 secum
1722 933 1852 982 habet,
1883 932 1953 972 sed

171 996 287 1034 etiam
316 994 548 1042 harmonias,
580 1004 761 1031 sonorum
791 993 992 1042 speciebus
1023 994 1265 1031 incrustatas.
1321 991 1447 1030 Sonos
1475 992 1574 1030 haec
1601 991 1766 1030 facultas
1795 991 1953 1030 auribus

171 1052 310 1100 haurit,
340 1051 469 1091 radios
499 1051 667 1090 siderum
697 1051 771 1090 sibi
801 1052 1035 1101 imaginatur
1063 1056 1102 1089 et
1131 1052 1306 1100 agnoscit
1335 1052 1418 1088 sine
1447 1049 1634 1089 discursu.
1693 1049 1796 1088 Hinc
1825 1050 1954 1088 anima

170 1111 341 1150 humana
371 1110 446 1149 hoc
476 1110 612 1158 habet,
657 1113 702 1147 ut
737 1109 809 1147 sub
850 1114 1002 1159 tempus
1033 1109 1517 1159 aspectuum'praecipuos
1549 1110 1678 1158 capiat
1707 1109 1874 1158 impetus
1905 1107 1954 1147 ad

171 1170 342 1220 negotia,
372 1180 472 1218 quae
502 1169 574 1207 sub
604 1167 784 1206 manibus
814 1167 943 1216 habet,
975 1167 1208 1218 peragenda,
1241 1171 1280 1205 et
1298 1168 1468 1221 maxima
1486 1165 1731 1205 necessitudo
1751 1166 1955 1205 intercedit

170 1228 380 1278 harmoniis
410 1226 573 1265 radiosis
604 1238 690 1266 cum
720 1230 805 1264 ortu
834 1227 956 1275 primo
988 1227 1154 1264 hominis
1190 1230 1228 1264 et
1256 1225 1482 1264 formatione
1519 1225 1636 1275 hujus
1665 1224 1798 1263 vitalis
1827 1220 1953 1263 facul*-

171 1287 280 1334 tatis,
323 1297 440 1335 quare
480 1286 597 1323 animi
634 1284 841 1334 qualitates
881 1296 966 1323 eum
997 1284 1238 1335 planetarum
1281 1283 1533 1333 qualitatibus
1563 1284 1807 1321 consentiunt
1838 1294 1955 1332 quam

170 1344 388 1394 plurimum.
449 1341 503 1382 Ut
537 1343 612 1382 hoc
651 1342 900 1391 demonstret,
943 1342 984 1381 se
1024 1345 1151 1392 ipsum
1188 1342 1380 1392 Keplerus
1420 1341 1637 1391 exemplum
1676 1343 1875 1391 proponit,
1917 1346 1955 1379 et

170 1403 260 1441 hinc
290 1403 372 1441 abit
400 1403 438 1439 in
469 1402 653 1452 mysteria
682 1401 928 1450 astrologica,
959 1401 1033 1439 sibi
1063 1403 1202 1450 partim
1234 1406 1336 1439 certa
1366 1402 1506 1450 partim
1536 1399 1666 1447 dubia,
1697 1403 1736 1438 et
1760 1399 1821 1438 his
1840 1399 1955 1438 finem

148 1461 285 1507 ‚facitz
320 1460 419 1510 „hoc
450 1459 646 1510 disputavi
665 1459 851 1498 hactenus
882 1459 955 1498 hoc
985 1459 1158 1505 consilio,
1190 1463 1232 1497 ut
1261 1459 1358 1497 haec
1389 1470 1436 1496 ex
1465 1470 1552 1497 mea
1570 1458 1808 1508 professione
1830 1469 1954 1508 exque

171 1521 307 1557 intimo
351 1518 467 1568 hujus
513 1518 638 1568 operis
683 1518 895 1556 harmonici
946 1529 1047 1567 penu
1092 1517 1311 1567 depromta,
1355 1516 1516 1555 necdum
1562 1521 1669 1555 tacta
1711 1515 1954 1566 philosophis

173 1576 333 1616 Graecis
363 1582 402 1615 et
430 1576 719 1624 recentioribus,
751 1576 1007 1626 supplementi
1038 1575 1124 1614 loco
1148 1575 1367 1625 adjicerem,
1399 1581 1442 1613 ut
1471 1574 1636 1614 studiosi
1665 1574 1955 1625 metaphysicae

172 1640 304 1674 nostra
333 1634 430 1674 haec
459 1634 580 1673 veluti
613 1636 874 1684 experimenta
903 1646 988 1672 cum
1028 1633 1180 1672 illorum
1220 1634 1578 1672 ratiocinationibus
1618 1633 1833 1682 conferant,
1878 1644 1955 1683 quo

171 1694 268 1733 haec
297 1693 586 1744 metaphysicae
615 1705 706 1743 pars
737 1692 921 1731 illustrior
951 1698 990 1731 et
1019 1692 1247 1742 locupletior
1277 1692 1531 1742 omnibusque
1551 1692 1721 1730 numeris
1742 1690 1956 1735 absolutior

172 1753 352 1791 constitui
380 1752 545 1802 possit“.

159 1855 162 1857 ,
309 1810 461 1849 Liber
502 1810 704 1859 quintus
746 1810 827 1859 agit
868 1808 913 1847 de
931 1850 933 1852 ,
954 1809 1156 1847 harmonia
1192 1812 1366 1847 motuum
1397 1807 1621 1847 coelestium
1651 1812 1689 1846 et
1718 1819 1767 1846 ex
1797 1811 1955 1847 antece-

174 1868 354 1906 dentibus
395 1879 534 1906 causas
577 1867 809 1915 regularium
848 1872 1023 1905 motuum
1063 1877 1264 1917 corporum
1305 1866 1549 1914 coelestium,
1591 1877 1770 1904 cursuum
1798 1865 1957 1915 formae,

173 1926 471 1965 excentricitatis
516 1936 648 1963 eorum
691 1924 1049 1974 periodicorumque
1095 1937 1274 1963 cursuum
1318 1930 1488 1974 repetere
1534 1923 1674 1962 studet.
1750 1923 1879 1963 Primo
1921 1930 1959 1963 et

173 1983 343 2023 secundo
375 1984 498 2033 capite
525 1982 729 2032 Keplerus,
761 1994 860 2032 quae
890 1985 928 2021 in
957 1984 1148 2032 prioribus
1178 1983 1285 2021 libris
1317 1982 1363 2020 de
1393 1982 1634 2032 regularibus
1666 1983 1890 2032 corporibus
1921 1988 1960 2021 et

173 2042 388 2092 conjunctis
418 2041 629 2080 rationibus
659 2041 889 2079 harmonicis
921 2041 1023 2079 dicta
1053 2046 1172 2090 erant,
1203 2042 1351 2090 repetit.
1393 2040 1528 2090 Capite
1548 2041 1662 2079 tertio
1683 2041 1787 2088 dicit,
1810 2037 1958 2093 'quam-

174 2101 235 2139 vis
264 2112 305 2139 re
335 2111 428 2139 vera
447 2099 713 2149 Copernicana
742 2099 874 2137 mundi
903 2101 1001 2138 ratio
1034 2099 1119 2138 sola
1148 2100 1440 2148 insequentibus
1472 2099 1858 2137 commentationibus
1888 2111 1957 2149 pro

174 2158 423 2196 fundamento
454 2157 594 2207 subjici
625 2157 781 2205 debeat,
827 2162 891 2206 „at
932 2159 1023 2206 quia
1061 2170 1120 2196 res
1153 2157 1257 2206 apud
1287 2157 1428 2206 vulgus
1460 2157 1718 2195 studiosorum
1750 2158 1957 2196 etiamnum

174 2228 279 2255 nova
308 2220 366 2254 est
396 2220 435 2254 et
465 2215 607 2266 dogma
636 2215 772 2253 auditu
802 2215 995 2265 plerisque
1025 2215 1352 2263 absurdissimum,
1395 2215 1552 2253 Terram
1583 2217 1679 2254 inter
1708 2215 1836 2255 sidera
1869 2217 1956 2255 ferri

175 2276 276 2313 circa
294 2274 425 2313 Solem
444 2273 690 2322 immobilem,
722 2275 845 2312 sciant
862 2275 989 2323 igitur,
1023 2275 1088 2322 qui
1106 2274 1222 2322 hujus
1243 2274 1455 2311 sententiae
1477 2272 1682 2311 insolentia
1703 2273 1956 2323 offenduntur,

175 2332 458 2383 speculationes
487 2332 557 2370 has
588 2332 830 2370 harmonicas
861 2333 976 2370 etiam
1007 2333 1045 2368 in
1075 2331 1356 2382 hypothesibus
1388 2331 1599 2370 Braheanis
1635 2331 1764 2371 locum
1799 2332 1955 2380 habere,

176 2395 380 2441 propterea
411 2390 514 2440 quod
535 2395 669 2429 auctor
698 2389 762 2428 ille
793 2394 919 2428 cetera
950 2391 1088 2438 omnia,
1122 2401 1220 2439 quae
1242 2389 1533 2439 dispositionem
1562 2401 1764 2440 corporum
1794 2395 1833 2429 et
1862 2401 1957 2429 con-

175 2449 491 2499 temperationem
521 2453 694 2490 motuum
724 2449 899 2496 attinent,
931 2459 1016 2486 cum
1038 2447 1251 2497 Copernico
1273 2448 1391 2486 habet
1409 2449 1637 2496 communia,
1668 2449 1793 2487 solum
1814 2448 1956 2488 Terrae

175 2511 323 2546 motum
353 2517 521 2545 annuum
552 2506 729 2545 transfert
759 2508 797 2543 in
818 2506 958 2554 Solem,
990 2507 1056 2555 qui
1084 2505 1256 2545 medium
1278 2502 1425 2544 orbium
1446 2506 1744 2555 planetariorum
1765 2507 1954 2545 obtinet“.

175 2564 385 2615 Regularia
430 2575 589 2614 corpora
638 2563 773 2603 eodem
821 2563 955 2611 modo,
1007 2575 1083 2613 quo
1127 2565 1164 2600 in
1211 2563 1441 2611 Prodromo,
1493 2564 1735 2614 planetarum
1781 2565 1955 2603 cursibus

177 2629 362 2673 tanquam
400 2623 506 2661 cavis
544 2622 672 2672 globis
712 2622 969 2660 inscribuntur
1005 2633 1212 2671 eorumque
1253 2634 1299 2660 ex
1328 2634 1485 2660 numero
1530 2623 1732 2672 conjicitur
1775 2634 1955 2662 numerus

175 2681 436 2731 planetarum3
468 2685 600 2719 contra
630 2681 821 2718 sententia
849 2680 1019 2728 rejicitur
1048 2679 1126 2718 illic
1155 2681 1418 2730 pronunciata,
1449 2682 1712 2731 proportiones
1743 2682 1955 2730 ipsissimas

177 2737 467 2778 intervallorum
496 2750 521 2776 a
550 2737 642 2776 Sole
672 2749 720 2776 ex
748 2738 840 2776 solis
870 2737 1010 2787 figuris·
1031 2737 1271 2787 regularibus
1302 2737 1496 2777 desumtas
1526 2750 1622 2778 esse.
1669 2738 1820 2778 Deinde
1850 2733 1971 2789 leges

177 2802 430 2845 recensentur,
461 2808 485 2836 a
503 2795 671 2846 Keplero
693 2797 859 2834 motibus
886 2795 1126 2845 planetarum
1157 2797 1195 2833 in
1224 2797 1413 2846 prioribus
1442 2798 1563 2845 libris,
1593 2798 1759 2836 maxime
1789 2799 1828 2835 in
1855 2797 1954 2836 libro

180 2854 226 2894 de
271 2855 437 2894 motibus
479 2853 616 2892 Martis
659 2858 847 2892 statutae:
899 2851 942 2906 l)
987 2864 1144 2902 „morae
1188 2856 1226 2891 in
1270 2856 1443 2904 partibus
1483 2853 1711 2904 aequalibus
1755 2857 1955 2895 eccentrici

180 2913 387 2958 observant
428 2913 714 2963 proportionem
749 2923 905 2950 suorum
945 2911 1231 2950 intervallorum
1263 2924 1287 2950 a
1317 2913 1429 2962 Sole;
1475 2910 1521 2966 2)
1561 2912 1684 2951 diurni
1721 2915 1802 2952 veri
1844 2925 1953 2952 arcus

178 2972 411 3009 eccentricae
452 2970 598 3010 orbitae
638 2971 750 3008 unius
787 2970 932 3008 babent
970 2971 1068 3008 inter
1096 2981 1138 3008 se
1168 2973 1467 3020 proportionem·
1492 2982 1665 3008 eversam
1696 2973 1954 3021 proportionis

178 3028 466 3067 intervallorum
496 3027 657 3067 duorum
686 3040 712 3067 a
741 3027 852 3077 Sole;
899 3024 945 3081 3)
978 3027 1101 3066 orbita
1130 3028 1310 3077 planetae
1349 3033 1406 3068 est
1444 3027 1628 3078 elliptica‚
1673 3034 1710 3067 et
1739 3028 1824 3077 Sol,
1867 3029 1953 3067 sons

179 3089 323 3135 motus,
363 3091 421 3125 est
450 3088 489 3125 in
520 3087 640 3127 altero
671 3086 842 3126 focorum
870 3085 986 3135 huJus
1017 3085 1184 3136 ellipsis3
1229 3085 1275 3140 4)
1306 3087 1480 3138 planeta,
1519 3084 1696 3126 absoluto
1727 3088 1846 3126 totius
1877 3088 1952 3126 cir-
