1988 3276
132 148 186 188 50
650 144 838 191 Epistolae
860 143 1007 192 Kepleri
1029 143 1252 190 aliorumque
1274 150 1419 183 mutuae

129 263 330 315 seligendi,
362 264 534 305 defectus
565 263 880 304 observationum
908 263 1107 315 arguendi,
1137 265 1262 305 sicubi
1295 266 1507 312 occurrunt,
1539 263 1761 303 occasiones
1780 272 1913 302 omnes

130 322 479 374 circumspiciendi,
511 333 562 361 au
590 322 703 362 Luna
731 322 946 362 claritatem
974 323 1125 373 fecerit,
1155 325 1221 362 aer
1249 334 1367 374 purus
1396 323 1533 371 suerit,
1572 320 1686 361 stella
1716 321 1821 361 clara
1849 322 1911 370 sit,

127 380 282 421 humilis
313 394 362 421 an
393 381 473 422 alta
502 380 638 431 fuerit3
671 381 774 431 quod
794 383 1098 430 instrumentum,
1130 393 1207 431 qua
1226 381 1302 422 fide
1321 381 1448 430 suerit,
1481 379 1665 420 distantia
1693 380 1744 419 sit
1762 390 1912 430 aequa-

127 442 227 480 toria
263 453 313 480 an
351 442 390 478 in
421 438 562 479 circulo
593 451 734 490 magno
775 452 843 490 per
872 439 1024 479 stellas:
1067 440 1164 479 haec
1203 441 1334 480 omnia
1370 444 1522 490 tempus
1550 438 1730 489 longius,
1769 437 1913 477 collata

126 499 299 548 consilia,
329 498 501 538 laborem
521 499 715 548 ingentem
735 500 981 548 requirerent,
1013 503 1056 538 ut
1085 499 1239 538 omnino
1267 502 1449 549 praestet,
1479 498 1722 547 acquiescere
1752 495 1914 547 Tycho-

125 559 220 597 nicis
252 556 614 608 computationibus,
647 568 763 606 quam
794 558 1000 597 oscitanter
1029 558 1104 596 ista
1134 556 1303 607 aggredi.
1362 556 1444 596 Nos
1467 566 1558 595 vero
1587 554 1762 594 locorum
1791 555 1912 593 inter—

125 616 231 656 valla
261 616 456 664 dividunt,
497 614 591 653 mihi
630 618 757 654 tomos
788 616 1101 655 observationum
1131 616 1277 655 itineris
1306 613 1488 666 periculis
1527 624 1716 664 exponere
1746 623 1824 652 non
1855 617 1914 651 est

124 676 338 726 integrum;
369 678 413 713 ut
442 673 669 722 exscribam,
700 677 810 713 vetor
841 673 1078 725 obligatione
1108 685 1217 723 mea,
1248 674 1324 713 nisi
1355 672 1588 713 certissimus
1616 673 1691 712 sim
1720 670 1768 711 de
1797 671 1912 710 resti-

126 734 274 773 tutione
305 731 470 783 exempli
512 742 589 771 non
622 731 720 771 alias
742 731 993 781 describendi.
1044 732 1094 771 Et
1112 737 1154 771 ut
1174 731 1237 771 hic
1256 733 1331 773 sim
1349 732 1628 780 securissimus,
1660 730 1745 781 quis
1767 740 1912 779 quaeso

123 791 222 831 alius
261 792 479 831 necessaria
517 795 695 840 excerpet
725 787 836 844 (nam
875 792 937 830 cui
967 791 1069 830 bono
1109 789 1383 841 descriptiones
1426 788 1669 841 integraeP),
1715 790 1792 827 imo
1824 789 1911 837 quis

122 849 287 889 fideliter
316 854 466 889 tantum
497 852 535 887 et
564 849 730 888 scienter
760 849 961 898 describet,
992 850 1068 887 nisi
1097 850 1154 887 tui
1183 850 1319 889 similis
1335 849 1355 889 ’ἒ
1401 846 1560 888 Utinam
1590 852 1668 886 aut'
1684 847 1755 886 tibi
1786 845 1912 885 Lincii

122 912 190 947 aut
230 908 324 947 mihi
354 908 554 958 Nirtingae
585 906 716 946 liceret
753 907 992 957 aliquamdiu
1031 910 1263 948 conversari.
1332 906 1410 947 Sed
1447 906 1638 958 fingamus
1684 905 1760 956 ipsi
1798 904 1911 943 nobis

121 968 292 1006 somnia:
324 971 434 1006 erunt
464 965 621 1006 comitia
652 966 812 1005 forsitan
843 964 975 1016 aliqua
995 965 1244 1015 Ratisbonae,
1276 977 1364 1006 cum
1384 970 1427 1005 tu
1456 966 1496 1003 in
1518 966 1704 1005 comitatu
1724 962 1910 1003 Wirtem-

121 1025 279 1076 bergici,
311 1037 383 1076 ego
416 1027 455 1062 in
486 1024 672 1063 comitatu
694 1023 870 1064 Caesaris
901 1026 1106 1064 convenire
1136 1026 1359 1075 poterimus.
1418 1023 1519 1063 Nam
1545 1023 1792 1063 Austriacam
1821 1021 1911 1060 fun-

122 1085 288 1123 ctionem
318 1083 620 1123 ecclesiasticam
649 1093 726 1121 non
757 1088 795 1122 te
824 1084 993 1133 patietur
1016 1084 1214 1134 ‚suscipere
1244 1094 1363 1133 uxor,
1395 1093 1473 1122 non
1503 1081 1668 1122 eruditio
1698 1085 1791 1120 tua:
1827 1079 1910 1130 jam

122 1144 223 1181 enim
252 1142 361 1181 locus
391 1142 462 1181 tibi
491 1142 529 1179 in
561 1139 761 1180 academia
789 1142 934 1192 patria,
975 1142 1076 1191 scio,
1109 1141 1317 1192 deputatus
1347 1145 1417 1181 est.

235 1199 377 1251 Scripsi
406 1200 477 1240 tibi
507 1204 546 1240 et
575 1203 669 1239 vota
697 1199 1087 1251 promtitudinemque
1118 1212 1246 1240 meam
1286 1205 1325 1240 et
1354 1197 1641 1250 impedimenta.
1699 1197 1812 1237 Nunc
1841 1195 1908 1235 alii

120 1258 281 1298 consilio
312 1258 523 1298 secundum
552 1256 681 1297 locum
712 1258 774 1298 do.
834 1258 935 1297 Nam
965 1259 998 1297 si
1017 1260 1141 1298 mavis
1171 1261 1327 1309 proprio
1358 1259 1512 1297 nomine
1538 1255 1646 1297 solus
1677 1254 1790 1295 edere
1819 1254 1908 1306 glo-

119 1317 229 1356 bum:
261 1328 344 1368 age,
378 1318 501 1356 exstai
531 1316 730 1368 catalogus
761 1316 864 1356 mille
895 1316 1057 1355 fixarum
1078 1317 1275 1368 Tychonis
1296 1316 1423 1356 Brahe
1454 1327 1541 1355 cum
1561 1315 1774 1365 imaginum
1804 1313 1909 1352 diar-

117 1375 239 1414 throsi
279 1374 405 1414 editus
435 1374 584 1416 Romae
619 1381 673 1419 (II.
712 1378 811 1424 784),
851 1387 966 1425 quem
1008 1375 1177 1414 conferre
1217 1377 1361 1426 'peteris
1403 1386 1490 1414 cum
1527 1373 1660 1423 Bajeri
1690 1371 1908 1423 Augustani

118 1431 423 1484 Uranographia‚
456 1438 573 1484 atque
605 1444 677 1484 ego
707 1434 779 1472 tibi
807 1433 970 1473 fideliter
999 1433 1192 1482 indicabo,
1223 1434 1349 1473 sicubi
1378 1432 1444 1473 ille
1472 1444 1498 1472 a
1527 1442 1618 1471 meo
1647 1431 1908 1480 manuscripto

118 1491 280 1531 differat.
340 1491 401 1530 Ita
429 1502 507 1530 non
539 1504 636 1544 opus
666 1492 757 1539 erit,
798 1496 841 1530 ut
879 1491 930 1531 ad
959 1503 1019 1531 me
1055 1502 1273 1542 provocans
1303 1491 1490 1531 invidiam
1529 1489 1625 1530 mihi
1666 1500 1772 1529 crees
1801 1487 1908 1539 apud

120 1549 357 1589 Braheanos.
420 1549 590 1590 Consilia
620 1561 707 1588 mea
737 1549 785 1589 de
816 1553 1076 1602 διαρθρωσεσι
1101 1550 1185 1600 jam
1208 1551 1301 1588 satis
1330 1550 1563 1600 perspexisti
1593 1560 1641 1588 ex
1669 1552 1765 1598 typo
1785 1557 1907 1586 aeneo

119 1608 208 1647 libri
237 1608 283 1648 de
314 1607 436 1647 Stella
465 1619 570 1648 nova
603 1614 659 1652 (11.
692 1610 797 1656 666),
829 1612 868 1647 et
898 1608 1092 1647 conferam
1121 1608 1189 1647 illa
1208 1612 1334 1648 tecum
1362 1618 1476 1659 porro
1498 1617 1665 1657 quoque.
1718 1605 1907 1644 Existimo

120 1671 249 1706 tamen
278 1665 455 1706 sufficere
485 1667 566 1716 tibi,
599 1666 838 1706 admonitum
869 1677 973 1706 esse:
1005 1672 1133 1706 cetera
1163 1671 1201 1706 te
1222 1667 1292 1706 abs
1321 1667 1467 1717 teipso
1487 1676 1603 1716 posse
1623 1668 1755 1716 petere
1782 1675 1906 1715 exque

121 1723 296 1776 diligenti
325 1726 468 1763 iutuitu
500 1725 838 1765 constellationum
867 1725 908 1763 in
936 1726 1023 1776 ipso
1055 1724 1178 1764 coelo.

236 1782 269 1822 Ο
299 1783 480 1822 miseram
509 1796 668 1824 uxorem
698 1789 824 1832 tuam,
856 1794 879 1822 o
908 1783 1185 1823 exsecrabilem
1214 1782 1271 1821 illi
1301 1780 1512 1821 adventum
1540 1791 1688 1829 meum,
1725 1780 1793 1830 qui
1822 1791 1910 1821 ma-

122 1841 236 1879 ritum
266 1842 341 1891 ipsi
371 1853 484 1880 suum
515 1844 655 1893 eripuit
691 1844 807 1891 inque
837 1841 1057 1882 matheseos
1089 1841 1240 1881 deserta
1279 1844 1317 1879 et
1356 1841 1463 1879 invia
1494 1838 1582 1879 loca
1619 1837 1801 1887 abduxit,
1842 1838 1910 1877 ubi

119 1898 185 1938 ille
223 1900 535 1949 trigonometriae
578 1901 746 1950 vepretis
787 1898 1041 1939 adhaerescit.
1100 1899 1179 1939 Sed
1218 1899 1338 1947 serio,
1389 1899 1447 1937 tui
1494 1901 1597 1937 certe
1637 1907 1700 1936 me
1742 1897 1907 1946 miseret,

122 1958 187 2007 qui
226 1963 378 2007 tempus
418 1969 443 1996 a
474 1957 654 1998 Calendis
685 1957 863 1997 Januarii
901 1957 1103 2007 hucusque
1143 1955 1279 2008 procul
1317 1955 1435 1995 dubio
1471 1953 1687 2006 perdidisti.
1747 1954 1908 1994 Invenio

122 2019 160 2054 et
189 2016 287 2055 inter
316 2026 404 2054 mea
434 2017 719 2066 epicheremata
760 2017 837 2055 tuis
868 2016 1072 2055 conatibus
1101 2014 1262 2061 similia,
1305 2013 1519 2053 frustranea
1555 2017 1595 2053 et
1622 2012 1909 2058 inconsiderata

121 2074 261 2112 omnia.
321 2073 422 2112 Nam
450 2075 484 2112 si
515 2080 660 2114 certum
689 2079 766 2123 est,
807 2078 850 2112 ut
881 2079 939 2112 est
969 2075 1242 2122 certissimum,
1287 2072 1344 2111 sic
1373 2083 1458 2111 esse
1487 2073 1586 2111 iuter
1613 2081 1657 2110 se
1685 2069 1810 2112 latera
1837 2073 1908 2110 tri-

120 2131 369 2182 angulorum,
411 2132 510 2171 sicut
539 2138 629 2172 sunt
659 2134 756 2171 inter
785 2143 827 2171 se
857 2132 997 2171 sinus
1027 2131 1257 2182 angulorum
1293 2131 1578 2181 oppositorum,
1622 2129 1762 2169 frustra
1790 2130 1908 2181 igitur

119 2190 409 2240 proportionem
449 2191 752 2241 angulorum
789 2190 960 2240 ipsorum
1001 2191 1237 2240 quaerimus,
1284 2199 1384 2239 quae
1425 2189 1580 2228 omniuo
1619 2186 1744 2227 differt
1786 2200 1811 2227 a
1849 2189 1906 2227 si-

119 2259 238 2287 nuum
267 2249 533 2299 proportione,
573 2251 666 2288 recti
697 2249 799 2287 enim
830 2253 868 2287 et
899 2248 1006 2287 curvi
1036 2245 1164 2301 (sinus
1194 2247 1425 2297 laterisque,
1465 2251 1505 2286 et
1533 2256 1645 2286 arcus
1674 2243 1905 2299 ang-ulique)

119 2306 228 2346 nulla
257 2311 315 2345 est
344 2308 540 2357 proportio
572 2306 746 2356 effabilis,
777 2305 885 2345 nulla
914 2302 1120 2345 ineffabilis
1151 2317 1198 2345 ex
1227 2305 1325 2344 libro
1356 2304 1504 2344 decimo
1535 2303 1716 2353 Euclidis,
1747 2304 1816 2344 sed
1843 2306 1906 2343 in-

123 2364 232 2403 finita
263 2364 374 2403 datur
404 2366 727 2416 appropinquatio
758 2366 909 2403 sinuum
939 2376 1030 2414 erga
1060 2375 1151 2403 suos
1181 2375 1291 2403 arcus
1313 2364 1584 2414 proportionis,
1615 2374 1639 2402 a
1659 2363 1904 2413 proportione

123 2424 292 2461 maxima
320 2425 427 2462 sinus
456 2425 551 2462 recti
580 2423 631 2463 ad
661 2422 932 2473 quadrantem,
965 2422 1017 2461 ad
1045 2423 1253 2471 minimam,
1285 2421 1326 2460 id
1356 2427 1415 2461 est
1444 2420 1711 2472 aequalitatis,
1742 2432 1905 2472 propor-

122 2482 266 2520 tionem
303 2481 410 2520 sinus
449 2483 615 2531 minimi,
654 2481 729 2521 hoc
765 2486 822 2520 est
851 2481 985 2531 puncti
1021 2480 1072 2520 ad
1109 2492 1240 2520 arcum
1278 2481 1503 2528 minimum,
1543 2478 1676 2518 itidem
1703 2483 1901 2529 punctum.

123 2537 272 2588 Quodsi
301 2550 372 2578 nos
411 2551 489 2578 uon
518 2539 638 2590 pudet
675 2551 831 2579 mensae
860 2539 1164 2591 Pythagoricae,
1203 2550 1329 2588 neque
1360 2539 1517 2577 canonis
1555 2539 1708 2577 sinuum
1735 2536 1903 2587 pudeat3

120 2598 324 2648 angustiae
354 2598 483 2647 potius
513 2609 584 2637 nos
614 2597 759 2648 pudeat
789 2598 996 2637 memoriae
1026 2601 1199 2645 nostrae,
1241 2598 1307 2647 qui
1336 2596 1566 2635 infinitatem
1606 2595 1711 2634 illam
1739 2604 1902 2645 propor-

119 2657 269 2694 tionum
299 2654 431 2694 circuli
460 2666 538 2694 nou
569 2657 754 2707 capimus.
805 2655 985 2695 Contenti
1013 2657 1144 2705 simus,
1176 2654 1258 2693 dari
1277 2654 1400 2694 lineas
1431 2656 1644 2703 cuicunque
1674 2653 1778 2700 arcui
1808 2664 1902 2704 pro-
1976 2689 1982 2697 .,

118 2714 242 2752 ximas
272 2715 395 2764 magis
425 2715 628 2764 magisque
658 2715 698 2752 in
727 2713 917 2752 infinitum
947 2725 1090 2764 usque,
1129 2714 1164 2752 si
1195 2714 1280 2763 quis
1311 2712 1429 2751 vellet
1457 2712 1629 2752 laborem
1659 2722 1807 2750 sumere
1837 2716 1901 2750 to-
1975 2743 1977 2746 Α

118 2773 266 2822 tiesque
297 2776 426 2811 actum
456 2784 584 2823 agere.
641 2772 742 2812 Nam
771 2783 929 2811 arcuum
959 2773 1143 2822 ipsorum,
1176 2772 1243 2821 qui
1271 2771 1439 2810 numeris
1469 2770 1740 2820 exprimuntur,
1775 2768 1900 2808 lineae
1954 2794 1979 2824 ².

116 2828 341 2880 pleraeque,
373 2842 421 2870 ne
452 2830 622 2880 fallaris,
653 2842 728 2870 uon
760 2834 910 2869 tantum
939 2830 1165 2879 ineffabiles,
1197 2828 1267 2869 sed
1296 2829 1411 2879 plane
1441 2827 1636 2867 inscibiles
1665 2831 1766 2866 sunt.
1825 2825 1900 2867 Ul·
1969 2835 1982 2887 ᾗ,

117 2888 211 2926 tima
241 2894 279 2927 et
309 2889 468 2927 minima
495 2889 778 2937 subtensarum,
812 2888 955 2927 circulo
986 2889 1092 2927 varie
1123 2891 1242 2937 secto,
1274 2888 1313 2925 in
1334 2886 1516 2937 aequalia
1543 2889 1684 2934 tamen,
1715 2889 1774 2925 est
1802 2885 1898 2924 sub-
1967 2923 1975 2941 ἶ

116 2949 227 2983 tensa
256 2948 378 2986 tribus
407 2946 603 2998 gradibus.
661 2945 785 2987 Unius
815 2945 958 2997 gradus
989 2946 1214 2986 subtensam
1251 2957 1411 2985 necesse
1441 2948 1499 2984 est
1535 2944 1714 2994 ignorari.
1772 2943 1898 2982 Datur

115 3001 270 3051 quidem
309 3006 494 3045 subtensa
530 3003 574 3044 1⁰
605 3002 671 3045 30¹
705 3010 743 3045 et
772 3001 819 3044 0⁰
849 3001 918 3043 45¹
957 3009 996 3044 et
1026 3000 1073 3043 0⁰
1105 3002 1172 3042 22⁴
1205 3005 1285 3043 30¹¹
1315 3008 1354 3043 et
1383 2999 1429 3042 0⁰
1463 2998 1527 3040 11¹
1563 2999 1641 3040 15¹⁴
1683 3005 1721 3041 et
1762 3002 1818 3040 sic
1854 3002 1896 3039 in
1968 3009 1975 3034 4

113 3059 320 3110 infinitum,
361 3062 430 3103 sed
459 3064 683 3104 bisectionis
713 3062 930 3114 aequabilis
960 3062 1182 3111 uniformis,
1224 3066 1265 3101 at
1294 3061 1463 3100 trisectio
1507 3059 1718 3098 scientifica
1746 3058 1896 3098 infinita
1957 3064 1985 3084 Ψ

112 3128 190 3158 non
219 3118 342 3170 datur,
380 3133 452 3163 uec
482 3123 724 3173 quinisectio.
785 3121 965 3162 Cossicae
997 3119 1154 3171 quidem
1193 3120 1450 3169 trisectioues‚
1492 3118 1790 3168 quinisectiones
1820 3122 1893 3159 etc.
