1994 3276
109 105 190 145 252
280 120 287 129 ³
654 102 710 138 De
735 100 1085 148 configurationibus
1108 101 1345 138 Harmonicis.

111 227 149 261 et
177 223 499 271 somniatorium,
531 222 655 271 magis
685 221 911 272 increpandi
941 219 1121 259 videntur
1151 219 1423 272 philosophiae
1451 222 1688 274 professores
1716 219 1900 269 celebres,

110 282 175 331 qui
207 292 292 320 cum
322 282 512 330 recipiant
540 280 615 319 hoc
644 280 694 318 ab
727 279 935 319 Aristotele
966 291 1049 326 suo,
1081 280 1203 318 vitam
1234 282 1473 319 animantum
1507 281 1806 331 plantarumque
1835 279 1898 318 fo-

109 340 193 378 veri
222 341 365 378 virtute
385 338 499 386 Solis,
530 350 609 377 non
637 338 891 389 perpendunt,
921 339 1068 388 percipi
1090 349 1180 387 ergo
1202 339 1252 376 ab
1274 339 1350 377 illis
1369 341 1555 378 creaturis
1582 341 1769 378 virtutem
1785 337 1899 377 Solis.

111 398 220 437 Iners
251 398 407 436 omnino
440 402 480 436 et
509 391 753 436 somnolenta
782 397 1040 447 philosophia,
1073 408 1174 446 quae
1204 398 1348 447 patitur
1367 396 1499 436 Solem
1527 399 1566 435 in
1596 397 1693 436 haec
1721 397 1902 435 inferiora

111 468 252 506 agere,
288 461 328 493 ut
357 457 567 494 statuarius
598 457 679 505 agit
708 458 746 493 in
777 458 977 494 materiam
1008 456 1244 503 exanimem,
1291 467 1378 494 cum
1408 455 1562 506 sculpta
1591 455 1674 494 Soli
1716 460 1768 494 et*
1791 454 1902 493 caela

110 520 148 553 et
180 514 364 552 dolabrae
396 514 523 552 desint
555 519 593 553 et
623 516 754 552 omnia
783 515 1038 552 instrumenta
1067 523 1265 562 corporea.
1327 513 1483 563 Quanto
1516 513 1742 564 vigilantior
1770 513 1902 563 philo-

112 573 244 623 sophis
281 573 387 612 hisce
426 575 543 622 poe'ta
574 572 784 622 Virgilius,
815 577 961 622 quanto
999 577 1037 610 et
1075 572 1314 621 sapientior?
1357 574 1423 622 qui
1460 584 1509 612 ne
1545 572 1691 623 pluviis
1731 571 1901 621 quidem,

113 643 212 681 quae
243 635 334 669 sunt
363 636 493 670 tamen
525 636 564 670 et
593 632 702 681 ips‘ae
733 643 823 681 pars
853 631 1050 677 materiae,
1082 631 1324 669 transscribit
1355 632 1496 679 omnia,
1527 630 1598 670 sed
1621 630 1771 669 Terrae·
1795 631 1902 668 sinus

113 694 312 739 comparat
339 692 492 740 yremio
522 691 702 739 conjuyis
744 694 782 728 et
813 689 968 738 quidem
999 689 1144 735 laetae,
1188 688 1263 727 hoc
1301 694 1361 727 est
1399 690 1664 739 percipientis,
1687 687 1799 738 quid
1827 688 1902 726 sibi

113 748 200 796 fiat,
241 760 327 787 cum
358 747 561 798 voluptate
600 754 785 796 motuque
817 747 956 786 idoneo
998 747 1179 784 maritum
1216 747 1458 797 adjuvantis,
1498 752 1605 797 quae'
1629 748 1759 796 omnia
1795 748 1902 786 vitae

113 811 206 845 sunt
235 806 379 845 indicia
410 808 655 856 animamque
687 811 911 856 supponunt
942 807 979 842 in
1011 815 1169 855 corpore
1200 807 1373 855 patienti.
1434 806 1516 845 Nec
1537 804 1638 844 enim
1657 804 1770 844 facile
1790 805 1905 843 fuerit

114 864 219 913 Soli,
251 865 437 904 militibus
467 865 617 903 idoneis
650 864 854 908 destituto,
896 864 1080 902 invadere
1117 874 1244 901 arcem
1274 864 1374 903 hanc
1405 866 1595 903 viscerum
1629 864 1789 910 Terrae,
1829 864 1904 901 nisi

117 929 325 962 concurrat
355 925 486 962 anima
516 923 811 973 qualiscunque,
843 922 983 962 sedens
1013 923 1129 968 intus,
1161 933 1247 959 cum
1267 922 1378 961 hoste
1400 922 1598 962 colludens
1631 924 1744 972 eique
1773 925 1911 972 portas

116 983 308 1032 aperiens.
371 981 527 1026 Videas,
559 981 736 1024 laborare
768 981 884 1030 hujus
915 980 1234 1019 considerationis
1255 981 1435 1030 neglectu
1465 993 1537 1020 ceu
1555 985 1714 1021 veterno
1735 979 1905 1030 quodam

117 1039 336 1090 plerosque,
369 1043 435 1090 qui
467 1039 531 1079 vel
559 1041 759 1078 minimum
801 1038 1036 1088 astrologiae
1067 1038 1260 1088 tribuunt3
1299 1039 1398 1078 adeo
1429 1039 1604 1090 quidem,
1632 1042 1691 1078 'ut
1716 1050 1806 1078 cum
1837 1050 1907 1088 ex-

116 1100 234 1138 orirer
255 1110 359 1148 ego,
402 1100 469 1149 qui
509 1098 667 1137 modum
707 1098 1036 1145 demonstrabam,
1082 1108 1159 1146 quo
1201 1102 1426 1147 sequeretur
1465 1110 1512 1138 ex
1542 1103 1704 1149 aspectu
1744 1097 1906 1135 mutatio

62 1188 64 1190 .
116 1162 415 1207 tempestatum,
456 1159 637 1196 existeret
667 1158 726 1194 vir
757 1157 924 1203 celeber,
965 1157 1031 1205 qui
1064 1161 1106 1193 ut
1136 1166 1196 1193 me
1226 1156 1410 1195 refutaret
1446 1169 1589 1207 magna
1618 1156 1908 1195 asseveratione

118 1215 393 1263 contendebat,
435 1215 656 1265 pluviarum
686 1217 886 1253 materiam
918 1213 1041 1263 (quod
1072 1225 1189 1263 supra
1217 1214 1283 1253 fol.
1317 1215 1399 1253 235
1430 1217 1468 1253 in
1500 1215 1618 1265 vulgo
1658 1216 1776 1254 etiam
1804 1213 1909 1252 ride·-

115 1274 271 1324 bamus)
303 1273 509 1313 coelestem
541 1285 646 1322 esse,
678 1285 804 1323 neque
835 1278 976 1320 tamen,
1008 1283 1056 1309 ne
1087 1273 1143 1309 sic
1173 1273 1341 1321 quidem,
1376 1273 1553 1321 docebat,
1585 1284 1664 1323 quo
1692 1277 1808 1323 pacto
1827 1271 1907 1319 fiat,

117 1338 160 1371 ut
191 1345 278 1371 cum
317 1344 468 1383 semper
507 1334 546 1370 in
576 1332 696 1371 Terra
734 1335 873 1371 coe'ant
911 1330 1155 1381 planetarum
1184 1330 1302 1380 radii,
1344 1332 1501 1381 pluviae
1542 1337 1633 1370 tunc
1667 1333 1796 1381 potius
1838 1330 1908 1369 de-

118 1391 259 1438 cidant,
291 1392 325 1429 si
354 1391 452 1430 radii
484 1392 658 1430 binorum
679 1391 923 1440 planetarum
944 1389 1087 1427 faciant
1108 1388 1292 1437 angulum
1315 1389 1401 1437 60⁰,
1432 1394 1549 1440 ‘quam
1579 1387 1710 1428 si‘590
1731 1394 1801 1428 aut
1823 1385 1909 1428 61⁰.

234 1450 317 1499 Ego
357 1461 449 1488 vero
491 1455 581 1488 ante
620 1451 749 1488 omnia
786 1448 851 1487 Jo.
884 1448 966 1486 Pici
998 1446 1242 1486 Mirandulae
1275 1447 1436 1487 Comitis
1474 1449 1593 1489 libros
1623 1447 1738 1486 XIV.
1778 1452 1913 1491 contra

116 1507 368 1558 astrologiam
398 1508 492 1546 mihi
521 1508 707 1558 legendos
741 1508 873 1546 censui
903 1502 1163 1554 rationesque,
1196 1518 1292 1554 quas
1322 1508 1355 1545 is
1386 1508 1526 1557 cuique
1547 1508 1664 1557 capiti
1686 1510 1909 1556 opponeret,

119 1566 390 1615 excutiendas3
423 1579 497 1616 qua
527 1578 567 1605 re
598 1567 763 1614 factum,
807 1571 851 1604 ut
879 1576 957 1603 non
987 1569 1138 1601 tantum
1170 1564 1412 1604 confirmarer
1441 1567 1479 1603 in
1511 1565 1758 1604 damnatione
1786 1563 1911 1614 pluri-

117 1637 267 1675 marum
297 1626 625 1675 superstitionum,
657 1624 725 1663 sed
757 1625 873 1662 etiarn
904 1624 943 1659 in
975 1622 1208 1671 quibusdam
1237 1635 1343 1662 nova
1372 1624 1467 1662 mihi
1497 1624 1564 1662 lux
1594 1624 1775 1670 oriretur,
1819 1621 1911 1660 dum

118 1684 198 1721 vim
229 1684 491 1733 objectionum
536 1685 682 1733 ingenii
713 1682 958 1722 contentione
1003 1679 1214 1719 discutiens
1265 1693 1345 1720 rem
1374 1684 1499 1732 ipsam
1529 1683 1696 1733 penitius
1725 1681 1912 1730 introspi-

120 1742 281 1781 ciebam.
342 1742 524 1791 Denique
554 1743 644 1781 fecit
674 1741 770 1780 liber
801 1741 864 1779 ille
895 1738 1098 1778 refutando
1131 1739 1328 1788 nonnulla,
1360 1746 1403 1778 ut
1423 1742 1471 1779 iis
1502 1752 1575 1791 ego
1605 1740 1719 1779 fidem
1749 1739 1914 1778 adhibe-

118 1812 224 1852 rem,
267 1801 408 1849 quibus
439 1805 554 1839 antea
580 1806 624 1839 ut
653 1799 768 1838 fidem
799 1800 1035 1848 derogarem,
1068 1797 1255 1847 astrologi
1291 1798 1533 1838 defendendo
1573 1799 1788 1838 effecerant.
1849 1796 1914 1835 Sic

118 1859 192 1897 fuit
222 1871 309 1897 cum
339 1860 573 1908 aspectibus.
635 1858 733 1896 Cum
764 1860 866 1897 enim
897 1869 945 1895 ex
974 1866 1053 1893 una
1082 1860 1191 1904 parte
1221 1860 1450 1907 respicerem
1481 1856 1531 1896 ad
1561 1856 1914 1896 constantissimam

121 1918 419 1966 experientiam,
452 1928 529 1955 non
562 1916 718 1966 quidem
748 1917 929 1964 nivibus,
961 1918 1030 1951 aut
1061 1915 1207 1961 ventis,
1241 1920 1308 1953 aut
1343 1916 1562 1954 tonitrubus
1591 1915 1779 1964 aliisque,
1808 1925 1913 1962 quae

122 1974 344 2026 praedicere
376 1975 502 2013 solent
532 1975 737 2024 astrologi,
771 1977 826 2013 sic
856 1975 895 2011 in
926 1972 1054 2022 specie
1085 1971 1263 2025 inhians,
1304 1974 1373 2013 sed
1403 1973 1635 2024 generaliter
1662 1971 1912 2011 animadver-

121 2038 218 2081 tens,
252 2038 395 2071 statum
425 2034 526 2071 ae'ris
547 2044 779 2082 quocunque
801 2032 916 2070 modo
938 2031 1185 2078 commoveri,
1216 2033 1249 2068 si
1281 2038 1410 2071 essent
1431 2037 1621 2082 aspectus,
1653 2031 1761 2070 verbi
1783 2041 1912 2078 causa,

121 2093 156 2130 si
187 2095 315 2131 essent
345 2091 541 2141 conjuncti
570 2091 676 2129 Mars
707 2097 746 2129 et
777 2091 942 2140 Jupiter,
976 2089 1186 2136 quiescere,
1219 2090 1250 2126 si
1277 2102 1353 2128 non
1377 2089 1577 2137 essent3*)
1609 2101 1656 2128 ex
1678 2089 1800 2128 altera
1820 2099 1912 2127 vero

122 2152 231 2200 parte
277 2149 592 2187 Mirandulanum
624 2148 816 2197 audirem,
864 2150 1131 2197 quaerentem:
1177 2158 1295 2195 quare
1339 2150 1470 2198 potius
1505 2147 1654 2194 credat,
1701 2146 1846 2186 Jovem
1875 2150 1916 2185 et

123 2208 308 2256 Martem,
341 2219 429 2246 cum
459 2207 640 2246 videntur
669 2207 783 2244 simul
815 2218 910 2250 esse,
941 2204 1090 2252 majora
1119 2204 1266 2252 facere,
1311 2218 1427 2255 quam
1467 2217 1553 2244 cum
1584 2211 1674 2244 sunt
1711 2203 1914 2254 separati?
1954 2250 1958 2252 ν

125 2268 270 2317 quippe
300 2266 571 2315 conjunctione
603 2277 679 2303 non
710 2266 843 2314 augeri
874 2264 1039 2308 lumina,
1081 2267 1268 2309 quantum
1301 2266 1402 2303 enirn
1439 2264 1694 2313 possederant
1717 2264 1915 2313 separati,
1967 2281 1971 2286 -

125 2329 274 2363 tantum
307 2325 441 2365 afferre
470 2326 508 2362 in
540 2335 805 2374 congressum,
839 2321 977 2372 quodsi
1009 2319 1249 2357 diversarum
1278 2323 1509 2371 qualitatum
1545 2322 1727 2372 planetae
1754 2322 1915 2368 coirent,

76 2388 88 2393 “
125 2382 249 2422 videri
279 2383 442 2421 alterum
473 2383 523 2421 ab
555 2382 676 2421 altero
706 2384 837 2433 potius
868 2378 1065 2429 impediri3
1097 2376 1160 2414 hic
1190 2378 1347 2427 inquam
1371 2392 1442 2430 ego
1473 2383 1762 2431 responsionem
1794 2390 1918 2428 quae-

126 2453 235 2489 rens,
277 2446 319 2479 ut
350 2446 530 2490 aspectus
559 2445 703 2488 tuerer,
748 2440 796 2478 ad
829 2450 926 2488 quos
956 2441 1129 2475 meteora
1160 2440 1269 2485 sequi
1303 2439 1504 2486 videbam,
1555 2441 1720 2489 primum
1749 2436 1838 2476 illos
1874 2441 1919 2475 ut

127 2511 296 2547 causam,
329 2498 467 2538 deinde
497 2499 594 2537 haec
625 2504 666 2536 ut
697 2498 874 2537 effectum
898 2494 1118 2544 diligentius
1140 2496 1381 2535 considerare
1411 2498 1535 2547 coepi.
1596 2497 1792 2546 Aspectus
1814 2496 1916 2533 enim

127 2558 263 2605 forma,
295 2569 395 2606 quae
426 2569 474 2595 ex
496 2556 798 2606 configuratione
831 2555 892 2594 vel
915 2551 1166 2601 angulatione
1187 2557 1406 2601 promiscua
1427 2560 1626 2604 aspectum
1654 2555 1758 2602 facit,
1790 2563 1917 2603 quan-
1972 2603 1974 2606 y

127 2617 220 2655 titas
251 2615 485 2664 qualitativa
516 2620 615 2661 erat,
655 2617 734 2652 imo
771 2614 908 2652 relatio
939 2610 1074 2648 talium
1107 2614 1365 2657 quantitatum
1407 2618 1509 2661 erat,
1552 2625 1620 2652 ens
1659 2624 1712 2651 sc.
1743 2612 1916 2649 rationis.

128 2672 183 2713 Ut
210 2675 328 2724 igitur
359 2678 620 2712 commoveret
651 2675 789 2719 aerem,
817 2668 1044 2721 oportebat,
1091 2672 1134 2703 ut
1163 2671 1350 2709 rationem
1396 2671 1567 2720 aliquam
1595 2673 1701 2722 prius
1731 2673 1917 2716 moveret,

130 2743 230 2781 quae
261 2732 325 2770 vel
355 2735 495 2780 ae'rem,
527 2731 591 2770 vel
608 2731 660 2779 id,
692 2741 768 2780 quo
800 2732 832 2767 is
864 2728 1050 2771 turbatur,
1083 2725 1121 2760 in
1143 2732 1336 2773 potestate
1358 2729 1489 2768 habet.
1551 2728 1674 2768 Simul
1705 2728 1755 2766 ob
1783 2727 1917 2766 oculos

130 2791 359 2833 versabatur
390 2791 626 2840 comparatio
657 2793 880 2839 aspectuum
912 2797 997 2823 cum
1026 2784 1310 2825 concordantiis
1339 2789 1562 2836 musicis,-a
1583 2786 1808 2825 Ptolemaeo
1837 2790 1918 2823 tra-

131 2847 229 2895 dita,
269 2860 294 2886 a
324 2848 502 2887 Cardano
546 2848 759 2898 explicata,
802 2858 827 2884 a
857 2840 1128 2882 Mirandulano
1159 2855 1251 2882 vero
1289 2847 1411 2883 nimis*
1433 2852 1575 2884 temere
1612 2840 1795 2894 explosa,
1838 2853 1918 2892 qua

132 2906 314 2956 analogia
350 2906 557 2956 plurimum
597 2918 681 2944 sum
717 2905 875 2954 adjutus
924 2904 961 2939 in
1001 2909 1205 2940 causarum
1248 2904 1511 2954 indagatione.
1579 2903 1677 2941 Nam
1719 2901 1915 2951 pleraque,

235 3033 265 3066 ὓ)
285 3034 363 3060 Cave
389 3035 619 3066 ambiguitatem.
658 3033 704 3059 Ad
730 3032 854 3059 effeetus
880 3031 1025 3057 meteoros
1053 3031 1233 3061 generaliter
1260 3030 1439 3055 concurrunt
1465 3030 1608 3060 aspectus
1635 3028 1713 3052 inter
1731 3032 1854 3058 causan
1884 3026 1918 3051 at

133 3067 259 3099 ¹³-Htlussm
279 3070 395 3102 longam
414 3072 527 3102 partem
554 3070 623 3095 anni
654 3069 776 3101 eJusque
797 3067 967 3100 qualitatem
987 3067 1154 3092 continuam
1183 3067 1213 3091 et
1232 3065 1398 3094 generalem
1425 3065 1567 3096 aspectus
1587 3062 1751 3095 quotidiani
1769 3068 1828 3087 non
1846 3067 1912 3087 cau·

134 3104 255 3135 santur,
277 3105 330 3131 sed
348 3107 441 3137 agunt
458 3106 489 3131 in
508 3105 571 3131 dies
590 3106 705 3131 tantum
725 3103 876 3135 singulos,
895 3102 925 3127 in
945 3108 1018 3134 quos
1038 3101 1181 3127 incidunt.
1219 3099 1294 3126 Vide
1312 3099 1400 3127 intra.
