1994 3276
118 156 196 194 126
705 153 760 189 De
784 152 998 200 Figuratum
1022 153 1319 191 Harmonicarum

722 270 812 306 Cum
835 270 946 316 igitur
969 281 1077 316 porro
1102 271 1175 307 sint
1198 274 1272 307 tres
1290 270 1408 308 solum
1425 270 1549 318 anguli
1562 270 1678 318 plani,
1704 270 1806 309 nulla
1827 271 1923 315 inter

604 320 742 366 figuras
769 323 947 360 toleratur
970 324 1227 370 imparilatera‚
1254 334 1321 369 per
1345 325 1497 361 eandem
1515 325 1576 362 24.

722 376 981 422 Tetragonicus
1011 378 1119 422 igitur
1143 387 1225 412 cum
1249 376 1474 420 hexagonico
1509 380 1547 413 et
1576 377 1789 424 octogonico
1819 376 1922 413 mini-

520 455 528 470 ,
602 427 669 463 mis
695 429 814 465 minus
837 429 974 466 faciunt
997 431 1020 466 4
1043 430 1153 465 rectis
1186 434 1222 465 et
1246 435 1450 474 congruunt
1474 430 1520 467 12
1542 430 1739 476 tetragoni,
1763 430 1921 468 Shexa-

526 476 529 482 ’
603 481 686 524 goni
712 486 750 518 et
773 483 794 518 6
812 483 980 528 octogoni
997 483 1035 518 in
1052 494 1163 518 unum
1179 482 1496 529 icosihexaedron‚
1527 483 1624 529 quod
1641 482 1786 530 appello
1803 487 1923 520 trun-

602 542 698 568 cum
725 535 1093 572 cuboctaedron:
1121 546 1194 571 non
1219 535 1315 581 quod
1341 534 1569 571 truncatione
1591 535 1691 571 nasci
1705 535 1833 582 possit,
1859 536 1922 572 sed

597 585 682 629 quia
708 586 825 623 simile
850 592 906 623 est
930 592 1097 624 truncato
1124 586 1374 622 ouboctaedro.
1424 588 1592 634 Pingitur
1608 599 1713 625 num.
1739 587 1831 625 23¹².

713 640 978 684 Tetragonicus
1003 652 1084 677 cum
1108 642 1332 685 hexagonico
1358 646 1394 677 et
1420 641 1638 688 decagonico
1662 643 1780 679 minus
1807 642 1830 678 4
1845 652 1921 678 rec-

594 689 639 724 tis
666 690 842 737 efficiunt,
869 697 906 728 et
931 698 1135 738 congruunt
1158 693 1203 729 30
1220 694 1412 738 tetragoni,
1439 694 1679 741 20hexagoni
1701 700 1738 732 et
1758 695 1800 732 12
1818 695 1921 732 deca-

659 742 662 745 '
806 745 892 789 goni
916 746 953 781 in
977 756 1088 781 unum
1111 746 1490 792 hexacontadyedron,
1516 747 1612 792 quod
1629 747 1774 794 appello
1798 751 1921 783 trun-

802 809 896 833 cum
919 798 1390 845 icosidodecaedron,
1424 799 1530 836 simili
1562 801 1608 838 de
1632 811 1744 838 causa
1774 805 1920 847 ntipro-

802 851 944 886 ximum.
994 851 1160 896 Pingitur
1183 862 1280 887 num.
1307 851 1397 887 23¹³.

918 904 954 939 Si
985 915 1050 949 pro
1085 905 1303 949 decagonico
1334 903 1507 940 succedat
1538 904 1577 940 in
1612 905 1824 942 societatem
1854 905 1919 942 do-

711 989 716 1002 Χ
801 956 1058 1002 decagonicus,
1091 957 1288 1002 implentur
1316 958 1339 993 4
1367 956 1458 993 recti
1490 967 1558 992 nec
1585 955 1628 992 fit
1660 956 1815 994 solidum
1823 972 1837 1004 ;
1867 958 1918 994 sic

738 1027 749 1061 3
801 1010 909 1044 etiam
935 1010 965 1044 si
989 1020 1054 1053 pro
1080 1009 1305 1055 hexagonico
1332 1008 1503 1045 succedat
1527 1009 1762 1053 octogonicus
1785 1015 1831 1057 ‚et
1852 1011 1918 1047 ali-

803 1061 882 1105 quis
908 1061 1119 1105 octogonico
1146 1061 1260 1106 major
1286 1062 1333 1098 sit
1357 1062 1505 1107 tertius,
1538 1067 1756 1108 superantur
1778 1064 1801 1101 4
1817 1065 1917 1106 recti,

621 1113 625 1125 ‘
657 1109 699 1155 X«,
758 1115 767 1120 ’
800 1124 867 1150 nec
900 1115 1037 1159 minus,
1088 1115 1118 1149 si
1152 1116 1246 1150 absit
1277 1114 1523 1158 tetragonicus
1560 1119 1597 1151 et
1633 1116 1814 1153 socientur
1842 1121 1935 1153 tres

800 1166 1049 1202 distinctarum
1073 1166 1268 1213 figurarum
1291 1165 1567 1212 parilaterarum
1583 1167 1750 1212 majores.
1801 1169 1918 1215 Igitur

799 1224 872 1255 stat
895 1220 1009 1254 omnis
1025 1219 1346 1256 Archimedeorum
1369 1218 1507 1256 familia
1530 1221 1626 1257 intra
1649 1231 1838 1258 numerum
1862 1224 1913 1272 13,

798 1273 895 1316 quod
921 1276 999 1308 erat
1024 1272 1355 1309 demonstrandum.

218 1461 381 1501 XXIX.
444 1461 841 1518 Consectarium.
903 1465 1072 1514 Figurae
1111 1473 1305 1513 congruae
1344 1466 1435 1500 sunt
1472 1463 1510 1499 in
1550 1463 1774 1503 universum
1813 1463 1914 1503 duo·
1981 1460 1994 1474 ’

103 1517 236 1569 decim,
270 1526 357 1560 octo
389 1520 578 1561 radicales
609 1535 679 1562 seu
709 1524 867 1573 primae,
902 1527 940 1561 et
971 1527 1136 1572 quatuor
1167 1526 1306 1560 auctae
1336 1531 1406 1559 seu
1437 1519 1586 1560 stellae.

470 1582 503 1618 1.
537 1582 742 1632 Trigonus.
1054 1582 1092 1619 7.
1124 1579 1426 1629 Dodecagonuu.

464 1641 502 1677 2.
534 1640 793 1690 Tetragonus.
1051 1640 1088 1677 8.
1121 1638 1361 1688 Icosigonus.

466 1698 503 1735 3.
535 1698 800 1749 Pentagonus.
1051 1699 1088 1736 9.
1122 1696 1245 1735 Stella
1273 1696 1544 1747 pentagonica.

463 1756 501 1794 4.
532 1756 786 1807 Hexagonus.
1027 1757 1090 1794 10.
1123 1754 1245 1794 Stella
1276 1754 1518 1804 octogonica.

467 1814 504 1853 5.
537 1814 776 1866 Octogonus.
1030 1816 1092 1854 11.
1124 1813 1247 1852 Stella
1277 1813 1526 1863 decagonica.

463 1873 498 1910 6.
532 1873 778 1924 Decagonus.
1023 1875 1087 1910 12.
1121 1871 1243 1911 Stella
1274 1871 1578 1920 dodecagonica.

214 1924 368 1966 Gradus
399 1934 677 1980 congruentiae
710 1932 879 1970 distincti
911 1935 1013 1969 sunt.
1055 1931 1100 1969 In
1132 1932 1255 1980 primo
1286 1935 1376 1968 sunt
1397 1931 1570 1979 trigonus
1601 1931 1640 1966 et
1669 1931 1907 1980 tetragonus,
1975 1949 1979 1952 ⁴

98 1985 189 2033 quia
221 1993 436 2035 congruunt
467 1994 546 2027 tam
578 1992 614 2028 in
646 1991 784 2039 solido,
818 2001 934 2039 quam
965 1991 1004 2027 in
1035 1989 1165 2039 plano,
1198 1994 1277 2027 tam
1297 1987 1537 2038 singularum
1566 1988 1782 2037 specierum
1811 1989 1910 2027 inter

97 2054 151 2090 se,
185 2054 303 2092 quam
329 2044 554 2093 junctarum
583 2054 621 2087 et
653 2061 738 2088 cum
771 2047 870 2087 aliis.
1822 2046 1824 2048 ’

213 2100 393 2142 Secundo
425 2105 549 2154 gradu
582 2109 797 2146 consistunt
834 2110 1079 2155 pentagonus
1121 2116 1207 2143 cum
1250 2103 1365 2143 stella
1405 2115 1489 2142 sua.
1548 2103 1650 2142 Nam
1690 2110 1907 2155 congruunt

97 2164 135 2196 et
165 2161 405 2209 singularum
437 2166 651 2214 specierum
683 2167 780 2204 inter
799 2176 842 2203 se
862 2166 901 2202 in
923 2163 1069 2211 solido,
1102 2168 1141 2202 et
1170 2162 1328 2201 tradunt
1357 2167 1512 2200 mutuas
1535 2174 1673 2212 operas
1703 2164 1742 2201 in
1762 2162 1907 2213 plano:
1969 2190 1972 2195 .

95 2217 165 2255 sed
194 2219 321 2268 potior
358 2225 416 2259 est
454 2228 718 2274 pentagonus,
759 2224 852 2274 quia
892 2224 1068 2272 congruit
1106 2223 1223 2261 etiam
1261 2232 1348 2260 cum
1387 2221 1474 2259 aliis
1510 2221 1708 2261 nonnullis
1749 2226 1829 2261 tam
1867 2223 1904 2259 in
1970 2275 1971 2278 Ἴ

94 2274 212 2324 plano
244 2289 360 2326 quam
391 2280 431 2317 in
462 2281 600 2320 solido.
1685 2311 1693 2315 -

209 2334 362 2375 Tertius
392 2342 451 2377 est
480 2339 687 2390 hexagoni,
722 2340 814 2390 quia
844 2339 990 2389 figurae
1021 2337 1138 2387 hujus
1170 2338 1313 2388 speciei
1335 2342 1554 2388 congruunt
1581 2338 1621 2376 in
1652 2337 1783 2388 plano,
1816 2349 1903 2377 cum

94 2391 181 2431 aliis
214 2405 305 2432 vero
336 2400 415 2434 tam
446 2399 486 2436 in
517 2399 643 2438 solido
674 2410 791 2449 quam
821 2399 860 2436 in
892 2398 1023 2448 plano.

210 2450 399 2500 Quartum
429 2456 592 2505 gradum
624 2461 755 2496 tenent
785 2462 999 2506 octogonus
1037 2458 1088 2493 et,
1107 2453 1330 2504 decagonus
1373 2465 1460 2500 cum
1491 2453 1615 2493 stellis
1646 2455 1740 2493 suis.
1783 2453 1901 2493 'Nam

92 2508 281 2548 radicales
310 2511 401 2552 illae
432 2525 520 2553 cum
550 2515 637 2554 aliis
667 2515 863 2554 nonnullis
885 2516 1101 2564 congruunt
1129 2513 1167 2549 in
1198 2512 1336 2560 solido,
1369 2512 1506 2551 stellae
1525 2523 1618 2552 vero
1650 2523 1736 2551 cum
1768 2511 1899 2563 figuris

92 2567 330 2618 singularum
359 2572 575 2622 specierum
607 2573 912 2625 quadamtenus,
952 2574 991 2610 in
1029 2571 1146 2621 plano
1178 2582 1270 2609 vero
1312 2582 1444 2609 omnes
1487 2575 1655 2621 quatuor
1685 2576 1900 2621 congruunt

93 2637 179 2666 cum
209 2626 312 2680 aliis,
342 2631 467 2681 magis
498 2636 626 2670 tamen
659 2634 766 2671 varie
796 2634 1000 2682 magisque
1030 2629 1198 2680 perfecte
1230 2630 1460 2678 octogonica
1490 2634 1609 2668 secta.
1958 2676 1960 2678 ,

207 2684 373 2735 Quintus
403 2688 547 2740 gradus
578 2689 696 2729 habet
728 2690 1024 2739 dodecagonum
1062 2699 1148 2726 cum
1179 2686 1293 2726 stella
1322 2699 1414 2736 sua3
1457 2689 1550 2738 quia
1579 2689 1617 2726 in
1648 2686 1774 2727 solido
1806 2688 1896 2738 qui-
1991 2732 1994 2738 .

92 2741 179 2782 dem
207 2745 387 2795 minime,
433 2752 474 2787 at
513 2749 551 2786 in
591 2749 709 2799 plano
749 2748 1000 2786 multifariam
1039 2751 1254 2794 congruunt
1293 2757 1379 2784 cum
1410 2746 1517 2795 aliis;
1556 2747 1595 2783 in
1625 2745 1751 2784 solido
1783 2747 1898 2796 igitur

90 2801 175 2840 sola
213 2805 484 2855 magnitudine
524 2807 799 2857 impediuntur.
870 2805 999 2844 Causa
1045 2803 1206 2854 planitei
1253 2804 1506 2853 praeferenda
1551 2808 1610 2843 est
1656 2804 1754 2843 haec
1790 2809 1898 2843 secta
1953 2762 1985 2859 3}

89 2862 226 2911 gradui
257 2868 408 2913 quarto.

205 2919 371 2961 Ultimus
401 2922 544 2972 gradus
575 2928 634 2962 est
664 2921 865 2972 icosigoni‚
898 2922 990 2971 quia
1012 2922 1043 2959 is
1065 2920 1218 2958 nonnisi
1249 2921 1287 2957 in
1319 2919 1449 2971 plano,
1481 2931 1553 2967 nec
1582 2921 1657 2959 nisi
1688 2931 1773 2960 cum
1806 2919 1894 2959 aliis
1950 2930 1965 2970 ξ.

95 2982 133 3015 et
165 2989 250 3016 cum
283 2980 360 3019 illis
391 2982 486 3032 ipsis
518 2993 674 3032 quoque
703 2980 925 3032 imperfecte
957 2979 1144 3029 congruit.
1721 2977 1725 2979 ’
1939 2978 1962 3042 j

205 3035 353 3085 Quodsi
384 3039 508 3078 solam
540 3039 824 3089 consideremus
855 3037 1073 3088 planitiem,
1107 3035 1199 3074 ordo
1230 3037 1437 3088 figurarum
1466 3036 1538 3075 erit
1567 3037 1661 3075 iste:
1699 3038 1734 3075 1.
1756 3034 1893 3074 Hexa-

89 3103 226 3143 gonus.
284 3097 320 3135 2.
346 3095 602 3149 Tetragonus.
654 3099 691 3138 3.
715 3097 919 3149 Trigonus.
962 3097 1001 3136 4.
1022 3095 1322 3145 Dodeeagonus.
1366 3095 1402 3134 5.
1423 3093 1547 3134 Stella
1568 3094 1664 3145 ejus.
1710 3096 1746 3134 7.
1769 3093 1892 3134 Octo-
