1994 3276
135 69 216 109 168
844 63 901 100 De
926 35 1222 108 Proportionibus

131 183 351 224 Aristotelis
369 188 542 234 tempore
561 183 618 222 sic
638 187 886 222 numerarunt
915 181 1102 221 chordas:
1134 182 1293 233 hypate,
1325 181 1555 232 parhypate,
1587 182 1775 230 liehanos,
1807 193 1924 231 mese,

128 254 349 294 paramese,
390 243 498 290 trite,
540 245 746 292 paranete,
777 245 879 281 nete.
939 240 1118 291 Hypates
1150 253 1227 279 vox
1248 244 1339 278 -erat
1368 241 1615 289 gravissima,
1656 240 1836 290 dietaque
1867 242 1924 278 sic

134 313 218 342 esse
250 300 401 340 videtur
441 312 465 339 a
495 301 571 352 situ
603 311 673 338 suo
713 300 754 338 in
783 300 1037 338 instrumento
1066 303 1197 347 tenso,
1240 310 1326 337 cum
1365 297 1416 336 ad
1445 297 1658 347 luflendum
1687 299 1926 350 applicatu13

131 359 296 399 eundem
326 360 428 398 enim
457 359 572 396 situm
603 357 814 397 hodiedum
845 358 995 396 obtinet
1025 359 1063 395 in
1095 357 1220 408 chely,
1253 355 1429 407 pandura
1459 361 1498 395 et
1518 357 1689 408 cythara.
1751 357 1926 407 Cumque

131 418 292 458 affirmet
335 417 587 464 Aristoteles,
626 417 724 455 inter
760 416 933 467 hypaten
974 419 1013 454 et
1053 415 1295 467 parhypaten
1339 412 1556 455 interfuisse
1595 415 1718 455 diesin
1749 414 1838 468 (hoc
1868 420 1927 453 est

130 476 374 515 Platonicum
416 475 681 523 semitonium,
723 475 811 524 qui,
854 474 1007 512 duobus
1051 476 1152 513 tonis
1191 473 1403 523 majoribus
1434 473 1576 512 ablatis
1618 486 1641 512 a
1673 474 1926 522 diatessaron,

129 534 371 584 relinquebat
403 530 552 586 ²⁴³s255,
598 532 702 582 quod
732 531 947 582 appellavit
985 530 1141 581 diesin),
1185 543 1276 581 ergo
1314 531 1465 582 hypate'
1498 530 1634 570 eadem
1655 525 1766 580 erat,
1811 543 1927 582 quam

131 593 330 642 signamus
359 591 471 630 litera
501 592 550 639 A,
581 591 810 641 parhypate,
842 602 960 640 quam
989 590 1102 628 litera
1131 591 1154 628 b
1194 591 1335 640 signat.
1398 589 1500 639 Ergo
1530 590 1706 629 lichanos
1736 589 1783 642 (a.
1805 590 1926 639 digito

130 651 255 690 indice
286 651 342 690 sic
372 647 490 702 dicta)
520 654 579 688 est
609 661 640 697 c,
672 661 776 688 mese
806 660 900 688 vero
931 652 990 688 est
1019 648 1057 696 d,
1089 648 1271 697 dictaque
1303 652 1362 687 est
1391 647 1466 686 hoc
1495 649 1662 696 nemine,
1695 648 1800 698 quod
1830 650 1928 688 inter

131 714 280 760 septem
310 713 392 748 erat
421 707 569 756 media,
609 719 687 757 quo
718 712 890 757 tempore
930 711 1079 757 septem
1110 706 1217 745 solae
1250 711 1359 745 erant
1390 705 1555 746 chordae
1595 708 1635 744 in
1664 707 1848 757 psalterio
1890 712 1928 746 et

130 779 199 818 pro
231 771 372 806 octava
401 766 629 817 pulsabatur
659 767 793 816 prima.
852 765 1061 804 Paramese
1092 764 1211 804 habet
1247 765 1399 804 literam
1428 764 1479 815 ἀρ
1511 764 1574 804 vel
1603 777 1643 814 e;
1682 764 1784 805 hanc
1813 769 1928 810 vetu—

132 827 270 865 stiores
301 825 551 874 omittebant3
591 825 678 863 trite
708 823 861 864 literam
889 824 929 875 1¹¹3
971 823 1076 862 dieta
1106 824 1162 862 sic
1193 827 1270 872 est,
1311 821 1416 872 quod
1447 828 1550 862 esset
1579 824 1694 862 tertia
1724 825 1764 862 in
1795 823 1928 863 ordine

133 885 182 923 ab
212 888 345 933 acuto,
383 885 482 922 sicut
511 894 582 921 nos
613 886 764 921 sextam
804 882 968 921 dicimus
1010 893 1035 920 a
1064 882 1175 931 gravi
1206 882 1255 920 A.
1316 881 1508 920 Paranete
1538 883 1712 932 signatur
1747 882 1860 921 litera
1887 895 1925 932 9.

131 943 182 981 Et
211 947 319 991 nete,
351 943 464 991 quasi
495 952 594 991 quae
625 940 762 979 ultima
791 945 972 991 tangatur
1002 952 1027 979 a
1056 939 1204 990 plectro
1235 939 1416 979 deorsum
1454 944 1596 989 tracto,
1628 939 1727 980 redit
1757 940 1807 980 ad
1836 940 1928 980 lite—

131 1012 213 1040 ram
243 1013 280 1039 a.
341 999 552 1039 Confirmat
589 999 690 1038 hanc
728 999 1036 1038 distributionem
1078 1002 1116 1038 et
1155 998 1248 1047 hoc,
1292 997 1397 1048 quod
1440 999 1546 1037 inter
1567 1003 1683 1038 neten
1722 1003 1761 1038 et
1796 999 1928 1038 mesen

135 1059 315 1109 diapente
346 1058 562 1097 interfuisse
594 1057 742 1096 dicitur.

247 1116 344 1155 Tale
384 1122 514 1155 autem
550 1120 722 1166 systema
757 1114 988 1154 chordarum
1025 1119 1112 1154 octo
1151 1125 1230 1153 non
1267 1118 1420 1164 poterat
1454 1112 1566 1152 aliter
1610 1114 1761 1164 utrique
1792 1115 1928 1164 generi

134 1179 269 1214 cantus
300 1176 496 1223 inservire,
528 1175 602 1212 nisi
633 1173 698 1212 vel
729 1178 835 1212 tactu
865 1173 977 1224 digiti
1008 1173 1326 1211 abbreviarentur
1355 1172 1570 1223 parhypate
1602 1172 1625 1211 b
1659 1176 1697 1211 et
1724 1183 1928 1222 paramese

133 1234 196 1283 ἀρ,
227 1237 270 1272 ut
299 1233 433 1272 fierent
463 1232 506 1286 l),
543 1245 587 1280 e,
621 1232 685 1272 vel
715 1231 915 1271 verticillis
945 1231 1234 1270 intenderentur
1263 1232 1303 1268 in
1335 1230 1450 1277 duro,
1491 1234 1558 1268 aut
1579 1231 1859 1269 remitterentur
1889 1233 1928 1269 in

131 1291 238 1330 molli
269 1297 396 1330 cantu.
457 1292 507 1329 Et
535 1291 610 1329 hac
642 1292 846 1330 occasione
876 1294 970 1329 nata
1000 1294 1059 1329 est
1090 1288 1286 1328 distinctio
1317 1288 1604 1344 phthongorum
1636 1290 1674 1326 in
1700 1288 1861 1328 stabiles
1892 1295 1932 1328 et

131 1349 306 1398 mobiles,
339 1351 500 1399 ipsaque
531 1348 742 1399 appellatio
774 1353 926 1393 διεσεως
957 1361 980 1387 3
1010 1348 1240 1386 remissione
1272 1347 1501 1386 chordarum
1532 1348 1746 1385 mobilium.

246 1407 291 1446 In
321 1409 598 1458 compositione
627 1406 796 1457 plurium
826 1410 1082 1457 systematum
1113 1405 1301 1455 diapason
1332 1406 1429 1444 ratio
1463 1411 1634 1444 veterum
1668 1405 1742 1444 fuit
1771 1406 1930 1444 intrica-

133 1467 227 1515 tior,
268 1465 365 1504 illud
394 1471 523 1504 tamen
555 1464 862 1513 observandum,
900 1464 1005 1514 quod
1036 1469 1301 1503 assumserunt
1334 1475 1452 1502 unam
1481 1458 1700 1511 graviorem
1738 1464 1931 1515 ipsa,hy-

133 1529 249 1574 pate,
291 1536 391 1574 quae
434 1525 482 1563 ab
525 1523 600 1562 hoc
629 1525 714 1573 ipso
754 1523 1165 1573 proslambanomenos
1205 1526 1265 1561 est
1302 1522 1419 1560 dicta.
1479 1521 1608 1571 Hujus
1638 1523 1694 1560 rei
1722 1523 1930 1572 vestigium

133 1587 309 1632 superest
337 1584 376 1620 in
406 1582 513 1621 scala
542 1583 701 1630 musica,
736 1593 853 1631 quam
883 1581 1058 1620 ediscunt
1088 1581 1209 1619 nostri
1237 1582 1358 1630 pueri,
1393 1591 1493 1630 quae
1519 1581 1683 1618 assumit
1713 1580 1811 1619 infra
1840 1580 1930 1619 lite-

132 1652 215 1679 ram
243 1640 404 1679 latinam
434 1642 472 1679 A
501 1640 692 1689 aliquam,
739 1652 839 1689 quae
881 1639 1072 1690 significat
1111 1651 1249 1677 sonum
1279 1639 1516 1687 graviorem,
1559 1650 1647 1677 eum
1677 1640 1781 1677 enim
1822 1644 1930 1678 extra

136 1699 309 1738 ordinem
338 1700 468 1749 signat
497 1709 638 1748 graeca
666 1698 781 1738 litera
812 1700 848 1738 Γ
851 1711 861 1747 ;
893 1699 949 1737 sic
979 1698 1244 1747 enim-incipit
1274 1696 1402 1736 scalat
1439 1695 1655 1744 Gammae,
1688 1698 1769 1735 Arc
1799 1702 1871 1736 etc.

248 1757 359 1796 Haec
389 1757 437 1796 de
468 1757 687 1796 nominibus
719 1756 946 1795 chordarum
978 1756 1175 1795 veteribus
1206 1755 1373 1794 sufficiat
1393 1756 1566 1804 tetigisse
1588 1755 1782 1794 hocloco.
1830 1755 1931 1794 Nam

134 1816 232 1854 infra
263 1817 390 1866 capite
426 1817 488 1854 11.
523 1826 655 1854 omnes
687 1814 854 1854 chordae
890 1815 939 1852 15
972 1815 1195 1865 systematis
1227 1814 1431 1864 compositi
1453 1813 1748 1863 explicabuntur
1768 1814 1930 1853 vocibus

135 1875 327 1923 antiquis,
359 1873 428 1912 sed
458 1874 714 1923 posteriorum
744 1871 990 1912 musicorum.

249 1931 341 1970 Jam
387 1931 543 1970 tandem
584 1931 634 1970 ad
670 1935 845 1970 nostrum
883 1936 1056 1981 systema
1102 1928 1277 1968 naturale
1322 1930 1435 1967 unius
1474 1933 1636 1968 octavae
1685 1929 1928 1979 accedamus,

135 1991 247 2040 eique
277 1989 408 2029 literas
437 1989 678 2039 applicemus
710 2001 757 2028 ex
787 1990 936 2028 musica
966 1991 1121 2027 usitata.

248 2047 387 2087 Statuo
426 2048 544 2098 igitur
581 2048 822 2097 systematis
834 2047 950 2096 hujus
980 2046 1168 2085 naturalis
1206 2049 1244 2084 et
1274 2044 1566 2084 demonstrativi
1611 2056 1748 2084 vocem
1775 2030 1930 2096 gravis-

134 2107 271 2145 simam
302 2118 387 2144 eam
417 2117 522 2154 esse,
561 2117 677 2155 quam
708 2110 859 2145 veteres
897 2104 1331 2154 proslambanomenon,
1364 2102 1471 2141 scala
1508 2103 1701 2142 musicalis
1737 2102 1931 2142 Gammut

135 2164 234 2202 solet
263 2163 478 2214 appellare,
518 2165 554 2202 ei
592 2165 771 2201 nimirum
813 2162 1054 2202 tribuendam
1096 2161 1247 2199 literam
1282 2159 1328 2199 G.
1389 2160 1540 2199 Causae
1582 2161 1656 2200 hae
1687 2166 1816 2211 sunt„
1838 2163 1938 2212 quia·

137 2234 263 2270 voees,
296 2223 528 2261 constitutae
558 2233 627 2271 per
656 2222 845 2260 sectiones
863 2221 1117 2268 harmonicas,
1150 2219 1247 2257 infra
1278 2217 1432 2268 quidem
1467 2224 1646 2259 octavam
1677 2219 1771 2258 talia
1802 2219 1929 2259 deter-

134 2282 282 2319 minant
311 2279 517 2321 intervalla
547 2290 634 2318 cum
664 2290 760 2318 voce
793 2278 958 2319 chordae
990 2280 1119 2325 totius,
1153 2276 1284 2327 qualia
1314 2278 1451 2316 musici
1482 2277 1671 2317 ordinarie
1693 2280 1930 2317 constituunt
1983 2273 1989 2284 “

135 2340 234 2378 inter
268 2336 304 2377 G
330 2344 368 2378 et
398 2339 443 2386 b,
475 2336 518 2391 1),
550 2350 590 2386 c,
621 2337 664 2385 d,
695 2338 817 2387 d9,e
820 2368 828 2376 .
1264 2362 1270 2368 κ

248 2397 401 2436 Dixerit
432 2396 595 2446 aliquis,
634 2395 771 2434 eadem
801 2394 1007 2434 intervalla
1037 2392 1201 2443 intelligi
1230 2405 1347 2443 posse
1380 2395 1476 2432 inter
1506 2393 1548 2431 D
1579 2398 1617 2432 et
1648 2392 1703 2442 F,
1735 2392 1830 2442 Fe,
1881 2391 1927 2441 G,

135 2456 183 2502 A,
214 2455 249 2502 b,
280 2453 315 2508 1),
348 2456 404 2493 sic
435 2456 552 2493 etiam
582 2455 680 2492 inter
710 2465 730 2492 c
761 2458 799 2492 et
829 2454 891 2502 dp,
924 2466 953 2500 e,
984 2453 1014 2503 f,
1045 2466 1090 2502 9,
1120 2464 1192 2502 99,
1225 2465 1262 2490 a.
1323 2452 1404 2490 Nec
1436 2451 1601 2490 diffiteor
1632 2463 1725 2502 ego,
1759 2452 1928 2490 musicos

136 2514 339 2563 organicos
367 2512 499 2551 literas
530 2512 600 2550 has
633 2523 815 2561 usurpare
845 2510 1076 2561 generaliter
1116 2521 1187 2548 nec
1218 2509 1452 2576 distinguere
1490 2512 1529 2547 in
1567 2510 1616 2547 iis
1657 2514 1770 2548 tonos
1802 2509 1928 2559 maj0-

136 2583 215 2609 rem
254 2575 292 2610 et
330 2572 528 2609 minorem.
589 2569 689 2607 Nam
729 2569 822 2618 qnid
861 2569 948 2607 illos
990 2567 1176 2618 impediat
1218 2580 1240 2605 a
1276 2566 1311 2606 G
1341 2569 1379 2604 in
1410 2568 1438 2606 d
1476 2572 1727 2617 transponere
1759 2573 1926 2616 cantum,

137 2630 202 2678 qui
233 2630 272 2667 in
302 2630 456 2678 organis
487 2629 567 2666 suis
598 2631 711 2666 tonos
743 2627 852 2675 duos,
884 2627 1070 2676 majorem
1089 2623 1143 2678 319
1164 2629 1202 2663 et
1222 2627 1408 2664 minorem
1429 2622 1510 2679 ⁹110,
1532 2626 1718 2664 conflatos
1750 2627 1788 2664 in
1809 2637 1928 2664 unum

139 2687 384 2726 intervallum
424 2684 499 2738 75,
542 2690 681 2735 postea
720 2686 893 2735 praecise
923 2685 1098 2723 bisecant
1127 2685 1166 2720 in
1198 2683 1294 2722 duos
1330 2688 1443 2722 tonos
1483 2684 1662 2731 usuales,
1706 2679 1805 2722 i'nter
1844 2694 1927 2723 sese

138 2744 354 2794 aequales?
414 2745 498 2783 Etsi
540 2745 756 2782 accuratior
786 2747 844 2781 est
884 2745 921 2780 in
954 2743 1027 2780 hac
1067 2744 1418 2792 contemperatione
1451 2741 1663 2780 Galilaeus.
1723 2741 1805 2780 Nos
1835 2753 1926 2780 vero

139 2808 357 2852 spectamus
388 2802 452 2841 hic
481 2813 560 2841 non
590 2799 771 2852 ἀτεχνιαν
801 2801 1086 2850 empiricorum,
1127 2799 1194 2838 sed
1226 2805 1385 2839 naturae
1418 2798 1637 2851 ἀκριβειαν,
1677 2811 1795 2849 quare
1838 2801 1927 2838 imi-

139 2861 212 2898 tari
251 2860 340 2900 illos
380 2872 456 2899 uon
496 2871 715 2910 possumus.
777 2859 825 2898 Et
866 2859 1016 2897 literam
1059 2858 1212 2907 quidem
1245 2871 1282 2907 c,
1326 2859 1530 2908 quominus
1572 2857 1720 2907 abbilla
1757 2862 1926 2908 systema

140 2923 302 2957 octavae
341 2918 518 2958 naturale
560 2920 788 2968 consurgat,
835 2916 898 2955 vel
939 2917 1012 2965 ipsi
1051 2916 1262 2965 abJecerint
1299 2917 1373 2955 hoc
1417 2920 1667 2966 argumento:
1709 2927 1799 2956 nam
1828 2916 1927 2955 inter

139 2976 309 3024 ipsorum
337 2990 400 3027 φρ,
433 2989 459 3015 a
490 2980 548 3015 est
578 2977 834 3022 semitonium,
868 2979 905 3013 et
935 2974 1008 3012 hoc
1039 2974 1284 3013 intervallum
1316 2979 1374 3014 est
1403 2974 1488 3012 loco
1511 2975 1657 3023 quinto,
1692 2974 1783 3022 quia
1812 2986 1838 3011 a
1868 2978 1926 3012 est

141 3040 250 3078 sexta
281 3046 303 3072 a
333 3047 365 3074 0.
427 3035 479 3076 At
510 3036 547 3072 in
578 3039 788 3088 systemate
821 3032 988 3074 naturali
1018 3037 1107 3071 ante
1138 3038 1286 3074 sextam
1317 3033 1428 3073 nobis
1459 3031 1556 3071 diesi
1589 3042 1686 3083 opus
1707 3035 1774 3071 est.
1827 3030 1925 3071 Die-
