1994 3276
116 59 200 114 466
631 93 633 99 f
740 54 963 102 Appendicis
985 55 1285 94 Harmonicorum

117 173 271 222 trudes,
303 177 361 212 ut
377 185 496 224 supra
523 173 702 223 planetas
731 186 809 213 non
840 174 1037 225 planetas,
1066 174 1197 215 Solem
1226 187 1303 214 non
1335 174 1489 226 Solem;
1516 178 1703 227 quietem
1726 187 1807 227 ego
1829 176 1907 216 tihi

115 243 193 270 non
225 233 395 282 quietem
430 243 631 283 mrepoiiam
691 223 767 272 Dic
805 245 919 284 porro
949 234 1065 281 mihi,
1109 245 1187 283 qua
1227 236 1386 284 regione
1420 234 1553 274 mundi
1595 235 1777 275 tendatur
1805 234 1909 282 δοίη

122 290 355 329 thalamus?
385 301 485 340 quae
514 289 692 339 sponsa?
724 303 824 341 quae
855 291 1096 332 exsultatio?
1126 292 1186 331 dic
1207 293 1272 330 ubi
1304 294 1400 331 coeli
1417 294 1675 334 extremitas?
1703 292 1804 332 unde
1824 292 1908 332 Soli
1943 332 1945 334 .

118 360 254 387 cursus
294 348 418 386 diurni
452 350 708 399 principium,
748 350 812 388 ubi
845 349 961 389 finis?
1022 351 1071 388 Et
1100 361 1228 389 nonne
1259 353 1324 400 qui
1365 351 1412 389 de
1442 351 1504 390 die
1541 355 1687 399 currit,
1726 351 1830 390 idem
1860 351 1907 390 de

115 411 230 446 nocte
261 406 457 456 quiescit?
520 405 669 455 Quodsi
700 407 768 446 Sol
810 410 1006 458 coynoscit
1036 420 1219 447 occasum
1258 420 1378 447 suum
1408 408 1459 447 ad
1482 409 1656 458 literam,
1697 420 1908 460 cognosces

118 470 156 503 et
187 470 230 503 tu
260 464 363 504 Solis
396 475 589 504 occasum.
649 465 726 507 Dic
751 477 868 516 ergo,
910 478 1078 516 quaeso,
1116 478 1194 516 quo
1224 466 1311 505 loeo
1350 472 1536 506 terrarum
1572 468 1624 507 sit
1651 467 1756 507 Solis
1792 478 1909 506 occa-

117 523 215 561 sus‘?
275 524 350 561 Dic
381 524 447 561 ubi
487 525 527 561 in
560 522 670 562 coelo
712 536 914 575 superum,
957 536 1140 574 quorsum
1172 524 1238 564 ille
1269 527 1431 573 oriatur,
1463 525 1529 564 ubi
1562 526 1747 574 inferum,
1789 537 1908 576 quor-

116 593 202 620 sum
234 580 388 625 decidat
420 581 481 625 vel
514 580 695 621 occidat?
755 583 831 621 Dic
872 582 977 632 quod
1018 583 1114 621 coeli
1143 582 1350 622 medium?
1411 584 1466 622 Ex
1505 595 1545 622 re
1586 586 1674 635 ipsa
1709 595 1908 634 nunquam

118 645 161 677 tu
188 640 289 678 haec
317 640 412 678 mihi
446 639 662 690 depromes,
694 652 743 679 ex
773 652 891 680 sensu
921 642 1029 678 visus
1061 653 1133 690 ego
1166 640 1236 679 tib‘i
1259 643 1389 680 omnia
1411 641 1605 682 facillime.
1666 641 1768 692 Quin
1791 643 1910 681 etiam

121 710 167 736 eo
198 709 259 736 res
292 697 484 746 deveniet,
515 703 559 736 ut
590 700 697 738 nasci
729 704 879 737 statuas
901 698 1033 738 Solem
1063 700 1185 737 instar
1214 699 1318 738 floris
1350 705 1418 739 aut
1439 701 1503 739 ovi
1535 702 1573 738 in
1593 699 1764 751 gallinae
1785 705 1907 748 utero,

117 762 161 795 ut
200 755 452 794 advenientes
492 757 600 794 velut
637 769 662 794 a
699 756 915 807 longinquo
945 757 1043 795 -loco
1081 759 1250 796 somnies
1281 763 1464 807 nepotes,
1504 770 1573 797 seu
1611 761 1908 809 yona-ationem

111 819 414 864 praetereuntes
451 818 491 853 et
520 815 708 854 abeuntes
749 816 862 865 quasi
902 820 991 864 post
1020 820 1171 864 tergum
1207 816 1393 866 majores,
1438 819 1472 855 si
1506 818 1660 856 interim
1689 817 1808 856 Terra
1837 817 1910 855 tibi

117 878 194 911 stat
236 873 285 912 ad
318 872 468 911 literam
505 873 633 922 adque
665 874 720 912 rei
752 875 974 921 veritatem,
1020 878 1057 911 et
1087 884 1163 912 non
1203 873 1341 913 durare
1379 873 1515 913 eadem
1553 873 1806 925 intelligenda
1836 881 1907 914 est.

121 930 230 981 Quid
255 932 423 980 planius
455 943 530 969 esse
555 936 684 981 potest
713 931 768 969 ad
797 931 1112 980 approbandum
1143 932 1197 979 ei,
1240 934 1307 982 qui
1338 932 1460 971 oculis
1498 938 1633 984 captus
1665 938 1747 981 est,
1777 932 1908 972 Solem

120 988 243 1027 videri
283 990 420 1028 ceteris
463 989 685 1028 hominibus
721 989 916 1028 moveri‘i'r
959 989 1010 1028 Et
1040 989 1132 1039 quid
1163 994 1223 1038 tu,
1264 990 1462 1030 Roberte‘?
1522 990 1658 1030 Liceat
1698 992 1799 1030 enim
1839 1002 1904 1030 re-

117 1053 297 1097 torquere
329 1053 435 1086 tuam
466 1050 692 1087 orationem.
752 1047 814 1086 An
846 1052 979 1098 putas,
1008 1048 1219 1098 prophetas
1255 1050 1300 1086 in
1330 1051 1484 1087 secretis
1513 1054 1550 1088 et
1573 1051 1747 1100 mysticis
1775 1050 1903 1088 coelo·-

115 1118 211 1144 rum
241 1106 414 1145 motibus
446 1105 543 1145 adeo
578 1106 701 1157 fuisse
731 1109 981 1156 exercitatos,
1024 1112 1092 1144 aut
1133 1106 1240 1155 quod
1269 1111 1493 1157 temporum
1532 1112 1570 1146 et
1596 1112 1783 1147 motuum
1809 1108 1904 1158 pla-

114 1166 368 1203 netariorum
401 1164 613 1203 calculatio
652 1165 748 1214 ipsis
778 1165 892 1202 suerit
935 1175 1032 1214 opus
1068 1164 1354 1214 quotidianum,
1395 1177 1442 1204 ex
1473 1165 1636 1205 Tabulis
1674 1171 1771 1216 puto
1802 1165 1904 1204 Pru-

115 1222 281 1261 tenicis‘?
320 1227 387 1260 aut
417 1222 475 1259 illi
505 1223 602 1261 sorte
634 1222 845 1261 doctrinam
884 1223 1052 1271 opticam
1082 1221 1257 1261 Euclidis
1297 1228 1365 1262 aut
1396 1223 1639 1271 Vitellionis,
1681 1235 1800 1274 quam
1837 1225 1904 1262 vix

114 1280 231 1319 hodie
262 1282 493 1319 centesimus
524 1293 572 1319 ex
600 1280 763 1319 literatis
794 1279 971 1330 adspicit,
1004 1279 1261 1330 perdidicere,
1308 1286 1351 1319 ut
1381 1280 1636 1322 differentiam
1666 1283 1765 1321 inter
1796 1283 1902 1321 veri-

115 1344 234 1378 tatem
265 1350 401 1376 sensus
433 1345 472 1376 et
503 1339 705 1377 veritatem
737 1339 791 1377 rei
822 1343 901 1376 tam
932 1344 1102 1376 remotae
1133 1338 1303 1377 scirent?
1363 1337 1530 1378 Omnino
1551 1339 1722 1379 Roberte
1752 1341 1811 1378 tui
1843 1339 1904 1379 illi

115 1399 326 1436 astronomi
358 1409 405 1435 ex
435 1397 544 1435 tribu
575 1396 789 1444 Issaschar,
823 1408 988 1445 quorum
1018 1397 1116 1445 inter
1145 1395 1283 1435 laudes
1305 1390 1599 1447 commemoras,
1626 1398 1708 1437 dies
1730 1403 1767 1436 et
1785 1398 1906 1438 horas

116 1456 312 1494 electionis
349 1455 617 1504 praescribere
649 1453 847 1493 Israelitis
878 1453 931 1506 (id
970 1459 1028 1492 est
1058 1454 1198 1493 Esaiae
1240 1455 1378 1494 faciem
1410 1466 1642 1505 conspuere,
1688 1467 1773 1506 cap.
1806 1454 1904 1507 42),

114 1513 156 1552 hi
186 1518 365 1565 poterant
395 1515 525 1551 omnia
556 1512 712 1561 docere,
753 1524 798 1550 ex
841 1513 1070 1563 praeceptis,
1096 1512 1244 1551 scilicet
1283 1518 1322 1552 et
1360 1515 1598 1564 experientia
1628 1526 1701 1553 sua
1734 1513 1902 1553 militari.

115 1572 165 1610 Et
194 1572 290 1623 proh
322 1572 448 1609 Deum
479 1571 754 1619 immortalem,
798 1575 976 1620 quantus
1005 1571 1067 1608 hic
1104 1572 1147 1608 in
1179 1570 1322 1609 Bibliis
1353 1584 1467 1611 error
1495 1570 1553 1625 (ut
1589 1574 1667 1612 tuis
1706 1572 1835 1611 verbis
1867 1576 1906 1612 et

117 1629 293 1680 exemplo
326 1629 442 1668 etiam
476 1630 538 1668 hic
569 1626 817 1680 exclamem),
857 1627 960 1678 quod
993 1629 1087 1667 febri
1117 1630 1375 1682 praecipitur,
1406 1635 1449 1669 ut
1480 1635 1677 1670 creaturae
1709 1629 1904 1679 rationali,

116 1688 312 1735 audiendi,
346 1693 414 1726 aut
445 1683 549 1737 quod
579 1687 701 1741 Hiobi
732 1688 799 1725 38.
830 1691 995 1736 negatur
1024 1687 1096 1724 tibi
1129 1688 1297 1736 cognitio
1337 1690 1424 1727 viae
1455 1687 1552 1727 lucis
1590 1694 1628 1727 et
1659 1688 1902 1728 tenebrarum

114 1746 369 1795 limitumque,
403 1758 517 1795 quam
549 1751 590 1784 tu
621 1751 749 1784 tamen
781 1744 1071 1783 evidentissima
1100 1745 1344 1795 pyramidum
1375 1748 1526 1797 pictura
1557 1746 1619 1785 vel
1655 1746 1778 1786 oculis
1809 1758 1905 1785 con-

115 1804 353 1855 spiciendam
386 1804 606 1843 exhibuisti.
667 1803 771 1850 Etsi,
803 1807 846 1840 ut
873 1803 954 1852 jam
985 1814 1101 1852 saepe
1134 1803 1293 1851 dietum,
1337 1810 1415 1843 stat
1446 1803 1620 1843 doctrina
1649 1804 1696 1843 de
1725 1805 1904 1855 planeta-

116 1874 201 1901 rum
232 1862 457 1911 harmonia,
489 1863 607 1901 etiam
637 1863 671 1899 si
703 1862 790 1911 quis
821 1861 979 1899 Terram
1011 1872 1050 1899 re
1081 1872 1174 1899 vera
1203 1867 1306 1900 stare
1338 1867 1544 1912 supponat.

231 1920 322 1959 Jam
366 1922 483 1958 etiam
526 1920 648 1958 veluti
679 1919 725 1957 de
758 1930 862 1957 novo
895 1918 1069 1957 lancinas
1110 1919 1317 1958 intervalla
1352 1922 1552 1970 regionum
1591 1919 1904 1970 planetariarum,

117 1980 263 2029 primus
307 1983 398 2028 post
437 1990 559 2017 annos
592 1978 644 2016 25
688 1988 804 2027 quam
834 1976 1065 2027 Mysterium
1097 1976 1467 2027 Cosmographicum
1499 1983 1557 2018 est
1587 1978 1750 2025 editum,
1792 1982 1904 2027 post-

116 2049 231 2087 quam
268 2037 350 2086 jam
391 2036 550 2074 tandem
591 2038 768 2074 iteratam
811 2034 1018 2074 editionem
1061 2040 1302 2074 extorserunt
1348 2037 1484 2085 amici;
1528 2036 1614 2085 ubi,
1659 2037 1690 2075 si
1723 2047 1900 2085 usquam,

115 2096 318 2134 faberrime
350 2094 531 2133 cohaeret
564 2095 687 2133 oratio
718 2099 798 2131 tua.
862 2091 1029 2131 Omnino
1060 2093 1238 2143 stupidus
1270 2105 1343 2142 ego
1374 2105 1498 2142 sum,.
1519 2096 1584 2144 qui
1616 2105 1730 2132 nunc.
1749 2093 1901 2133 demum

117 2153 385 2192 animadverto
418 2152 531 2200 clare,
564 2151 668 2200 quod
699 2162 816 2200 supra
838 2150 1002 2189 olfacere
1025 2153 1146 2200 coepi,
1179 2156 1215 2190 te
1237 2152 1330 2189 mihi
1352 2151 1523 2199 illudere,
1556 2157 1598 2190 ut
1618 2152 1765 2191 habeas
1797 2151 1902 2202 quod

116 2212 256 2260 rideas,
289 2212 320 2249 si
354 2222 440 2249 cum
471 2211 679 2259 scriptione
710 2208 820 2246 nihili
850 2220 910 2247 me
952 2210 990 2245 in
1022 2211 1313 2258 occupationem
1345 2211 1596 2259 compegeris.
1658 2210 1901 2260 Pergendum
1927 2231 1930 2234 <

117 2275 244 2308 tamen
261 2274 369 2307 tanto
386 2269 560 2319 aequiori
578 2269 718 2314 animo,
742 2266 844 2316 quod
866 2266 951 2304 finis
971 2272 1143 2315 apparet.
1189 2266 1358 2305 Primum
1374 2267 1470 2311 haec
1483 2268 1778 2307 dimensionum
1797 2269 1904 2307 ratio

117 2339 194 2366 non
227 2332 286 2367 est
315 2329 510 2377 ipsissima
539 2327 755 2364 harmonia
784 2336 894 2363 vera.
955 2323 1107 2362 Deinde
1138 2324 1316 2363 habuerit
1346 2325 1511 2363 mundus
1549 2328 1682 2365 statim
1711 2327 1760 2365 ab
1792 2327 1902 2365 initio

118 2397 372 2435 quaecunque
410 2391 451 2423 tu
495 2384 611 2432 dicis,
653 2395 759 2422 meas
791 2387 892 2421 certe
933 2382 1155 2420 harmonias
1193 2394 1268 2421 non
1311 2383 1465 2430 habuit,
1506 2395 1584 2433 quo
1623 2389 1795 2435 tempore
1825 2395 1902 2423 non

117 2444 256 2482 habuit
285 2444 463 2493 planetas
495 2447 700 2481 currentes.
761 2441 904 2487 Tertio,
937 2440 1215 2478 firmamentum
1247 2452 1319 2490 ego
1352 2440 1498 2479 nullum
1526 2453 1696 2492 unquam
1727 2443 1822 2492 petii
1851 2442 1902 2480 ab

119 2503 349 2541 auctoritate
381 2507 575 2548 veterum,
615 2499 683 2538 sed
715 2511 739 2537 a
770 2500 937 2546 ratione,
977 2510 1077 2547 quae
1107 2499 1141 2535 si
1183 2510 1252 2548 pro
1282 2500 1506 2548 regionibus
1540 2499 1781 2549 planetarum
1811 2505 1901 2548 stat,

119 2560 224 2610 quod
256 2560 404 2598 scilicet
434 2560 508 2597 hae
541 2558 801 2596 conformatae
832 2557 908 2594 sint
938 2555 987 2593 ad
1021 2558 1043 2593 5
1064 2567 1248 2606 ,coi-pora,
1287 2556 1326 2595 id
1357 2557 1450 2595 mihi
1482 2560 1576 2596 satis
1609 2563 1681 2598 est.
1740 2557 1801 2596 Tu
1830 2557 1901 2596 has

117 2619 286 2656 rationes
319 2616 506 2664 dissolve,
550 2617 581 2653 si
620 2620 708 2653 tuae
740 2613 977 2653 conclusioni
1021 2615 1077 2650 vis
1110 2613 1260 2652 credere
1297 2614 1498 2663 lectores„
1523 2615 1631 2665 quod
1659 2615 1901 2654 debilissima

118 2678 200 2713 sint
230 2688 341 2714 meae
361 2676 599 2713 harmoniae
619 2672 855 2711 mundanae
875 2670 1159 2721 fundamenta.
1222 2670 1381 2720 Quarto,
1415 2673 1518 2722 quod
1541 2674 1711 2712 causaris
1742 2672 1902 2723 difficil-

118 2734 261 2770 limum
299 2734 482 2771 invenire
520 2732 621 2769 talia
660 2731 755 2769 coeli
791 2734 938 2767 secreta
976 2726 1147 2778 (causam
1189 2730 1336 2768 scilicet
1376 2732 1524 2770 numeri
1564 2731 1902 2781 proportionisque

119 2789 282 2842 orbium)
323 2793 408 2830 sine
451 2790 683 2839 adjumento
724 2788 888 2837 spiritus
930 2785 1078 2836 divini,
1125 2799 1170 2825 ex
1214 2799 1259 2826 eo
1300 2800 1375 2826 non
1415 2790 1610 2838 sequitur,
1659 2796 1802 2827 meram
1839 2799 1902 2825 me

117 2848 314 2896 fictionem
354 2861 486 2887 meam
523 2847 750 2885 attribuisse
788 2845 958 2882 creatori
985 2844 1176 2893 fabricae.
1240 2845 1478 2884 Difficillima
1514 2857 1679 2896 namque
1718 2846 1790 2884 fuit
1818 2849 1903 2883 tota

119 2908 355 2944 astronomia
392 2912 577 2955 tantoque
619 2904 829 2950 difficilior,
871 2906 1016 2951 quanto
1047 2904 1202 2951 propior
1232 2905 1369 2953 origini
1412 2915 1529 2953 suae;
1576 2906 1734 2942 inventa
1769 2899 1899 2941 tamen

121 2967 180 3000 est
216 2968 253 3001 ct
291 2966 501 3002 constituta
531 2963 621 3011 illa,
662 2973 779 3011 quam
809 2971 878 2998 nos
910 2958 1024 2997 hodie
1062 2960 1259 3009 callemus,
1302 2973 1379 2999 non
1410 2975 1434 3000 a
1463 2961 1608 3011 populo
1639 2962 1730 3008 Dei,
1773 2959 1842 2998 sed
1875 2973 1899 2998 a

121 3019 340 3072 Chaldaeis,
371 3022 576 3073 Aegyptiis
607 3025 646 3060 et
667 3019 837 3059 Graecis.
897 3016 946 3055 Et
975 3018 1061 3066 quis
1092 3029 1156 3057 ore
1188 3018 1282 3057 duro
1305 3019 1475 3069 negabit,
1507 3021 1624 3059 etiam
1654 3018 1731 3056 illis
1761 3017 1902 3056 datam
