1994 3276
883 75 1073 125 Apologia.
1786 45 1873 120 48b

30 219 35 222 ·
87 199 245 243 tondat
267 206 270 234 l
297 199 390 243 Hs·
418 199 561 240 Terrae
591 199 723 239 anima
748 197 847 239 latet
864 196 991 247 iutus3
1022 196 1163 248 quodsi
1193 202 1236 235 tu
1261 196 1502 247 probaveris,
1523 194 1769 237 :radiatioues
1789 206 1876 236 ma—

81 270 175 302 nare
204 259 321 308 roris,
350 258 541 302 contessa*
560 258 685 307 igitur,
707 261 768 297 cst
795 255 1048 307 philosophis
1074 267 1185 303 mea,
1216 266 1293 295 uon
1323 254 1546 296 movebitur
1571 254 1703 293 anima
1733 253 1876 295 Terrae

87 317 140 358 ab
170 317 414 369 aspectibus,
459 320 580 366 quare
620 319 796 361 cessante
839 314 925 364 ejus
957 313 1112 363 officio,
1153 313 1258 353 nude
1287 315 1458 370 animam
1499 323 1575 362 ego
1613 311 1876 361 demonstrare

85 374 215 429 volui,
255 386 305 415 nc
331 374 491 425 quidem
522 375 594 413 erit
621 373 756 423 aliqua
772 371 926 412 -Terrac
962 373 1108 412 aiu‘ma.
1166 371 1305 423 Hunc,
1347 372 1530 422 inquam,
1574 381 1737 420 scopum
1766 374 1877 410 tuum

86 426 216 481 video,
246 438 290 472 at
314 431 514 483 quomodo
544 431 595 470 ad
625 442 727 472 eum
743 430 943 483 collimes,
978 441 1058 470 non
1086 431 1214 482 capio
1273 430 1316 470 Si
1347 429 1523 468 visibiles
1551 428 1692 481 anguli
1715 434 1825 468 suut
1835 429 1875 468 i-

85 493 194 538 ιὸιι,
223 497 335 531 eruut
368 490 484 531 iidem
516 496 556 529 et
585 491 624 527 in
654 489 794 537 Terra,
833 491 926 539 quia
953 500 1032 528 non
1062 494 1262 539 reputatur
1291 487 1478 527 distantia
1505 489 1625 526 centri
1655 499 1679 526 a
1710 483 1876 544 circum·

86 549 249 589 ferentia
279 550 380 589 aistis
409 550 449 586 iu
479 547 762 597 radiationibus
790 546 1046 597 planetarum,
1092 559 1140 586 ac
1170 558 1218 585 ne
1248 548 1290 588 in
1308 546 1443 585 Lunae
1466 545 1624 595 quidem
1651 545 1740 596 plus
1761 540 1878 596 quam
1951 582 1954 585 .

84 606 193 658 quod
223 606 389 648 dum
417 607 597 646 horarum
626 607 756 658 spatio
785 607 938 656 pensari
968 606 1105 656 possit.
1165 605 1240 654 At,
1262 606 1403 654 inquis,
1435 605 1609 654 opacitas
1630 603 1773 644 Terrae
1802 604 1879 642 im·

85 664 206 717 pedit.
265 665 361 705 Esto
397 664 446 704 de
489 664 651 713 lumine,
697 675 798 714 nego
827 669 959 703 tamen
989 663 1037 703 de
1068 665 1231 712 virtute,
1280 662 1331 702 do
1361 664 1586 702 instantiam
1627 675 1655 702 a
1681 665 1877 713 magnete,

89 723 346 762 radiatiouem
376 722 461 772 ejus
491 734 582 762 non
600 721 759 773 impedit
787 721 968 762 soliditas
997 723 1095 762 auri.

201 780 280 820 Cur
309 785 438 820 autem
479 787 519 818 tu
549 791 671 831 negas
699 779 865 831 angulos
893 780 1154 830 radiationum
1191 781 1230 817 in
1261 778 1410 818 Terra?
1470 777 1574 828 Quia
1603 766 1760 828 spiritus
1791 778 1879 816 Do-

87 839 183 879 mini
211 850 289 877 non
320 839 394 878 sub
424 838 543 877 'lerra
574 835 640 906 (ιιι
667 840 740 883 ais,
773 849 848 876 non
878 839 918 876 in
950 838 1132 886 tenebris,
1162 839 1394 887 incogitaus,
1430 836 1556 876 lucem
1586 843 1678 875 tunc
1706 836 1878 875 nondum

88 893 241 950 tuisse)
260 896 330 936 sed
360 908 477 947 super
498 899 634 949 aquis,
656 895 744 936 loco
764 896 911 936 scilicet
931 898 1044 943 ae'ris,
1074 896 1270 935 terebatur
1295 897 1333 933 in
1354 894 1577 945 primordio.
1642 893 1771 944 Quasi
1787 906 1878 934 vero

35 1002 38 1004 v
91 956 241 996 intersit
269 954 320 994 ud
350 955 607 1006 radiatisnes,
639 955 704 993 nbi
736 956 892 1006 spiritus
924 954 1081 993 Domini
1112 953 1262 993 dicatur
1297 953 1401 992 latus
1433 965 1530 992 esse.
1589 952 1761 991 Radiant
1790 952 1879 1005 pla-

89 1020 204 1052 netas
247 1012 367 1053 coelis
403 1013 486 1062 jam
530 1012 715 1056 conditis.
758 1018 886 1052 textus
917 1018 1008 1052 tuus
1037 1018 1129 1052 ante
1158 1012 1291 1051 coelos
1321 1011 1498 1050 conditos
1529 1011 1769 1062 intelligitur.
1831 1011 1880 1049 Et

90 1070 262 1121 loqueris
293 1067 341 1110 d'e
371 1071 539 1120 augulis¹
569 1082 646 1113 non
677 1076 720 1109 ut
750 1071 798 1110 de
829 1070 1028 1110 accidente
1058 1069 1628 1110 individuarumsadiationum
1650 1069 1879 1120 quotidiano

90 1134 132 1168 et
159 1130 400 1176 transitorio,
432 1129 502 1168 sed
532 1135 575 1168 ut
605 1129 653 1168 de
683 1129 904 1168 substantia
934 1128 1096 1169 durante
1127 1140 1154 1168 a
1180 1127 1408 1180 primordio,
1441 1128 1609 1178 angulos
1638 1129 1763 1167 factos
1793 1139 1878 1167 esse

90 1189 130 1227 in
159 1189 263 1227 ae‘re.
321 1186 424 1225 Illud
456 1187 621 1237 denique
652 1186 832 1226 dabimus
862 1187 1054 1238 theologis
1083 1186 1374 1235 excutiendum,
1404 1185 1596 1235 Roberte,
1628 1186 1735 1236 quod
1764 1187 1880 1236 spiri-

87 1251 174 1285 tum
198 1245 357 1285 Domini
388 1255 436 1284 ex
466 1246 596 1284 verbis
625 1244 750 1285 Mosis
786 1251 829 1284 tu
858 1244 955 1284 dicis
985 1247 1156 1284 animam
1186 1246 1328 1294 totius3
1370 1256 1461 1283 uam
1494 1246 1551 1283 ita
1588 1256 1650 1284 mc
1686 1243 1880 1283 catholica

89 1302 227 1343 docere
244 1302 410 1343 ·videtur
439 1303 623 1350 ecclesia,
665 1305 842 1370 spiritum
874 1303 1032 1343 Domini
1069 1308 1283 1342 creatorem
1314 1315 1421 1354 esse,
1461 1305 1630 1341 animam
1662 1304 1803 1350 totius,
1846 1303 1881 1340 si

89 1373 172 1412 qun
197 1365 278 1408 est,
317 1366 546 1400 creaturam.
608 1361 736 1400 Tanto
774 1362 903 1400 minus
931 1363 1050 1412 igitur
1089 1361 1231 1410 babes,
1275 1360 1381 1412 quod
1418 1373 1443 1400 a
1472 1362 1611 1412 spiritu
1639 1361 1801 1400 Domini
1830 1360 1881 1398 ad

87 1418 326 1460 radiatioues
354 1421 431 1458 tuis
461 1421 750 1469 consequentiis
780 1418 963 1458 deducas.

203 1471 430 1516 Biscxtilem
460 1483 500 1517 ct
528 1478 753 1517 trisextilem
784 1477 884 1516 salso
914 1479 1011 1516 meis
1041 1477 1234 1517 admisces
1252 1479 1368 1516 novis
1388 1477 1626 1527 aspectibus.
1684 1477 1772 1516 Nou
1792 1489 1879 1517 sum

61 1534 203 1575 -adeo
222 1535 423 1585 stupidus,
456 1542 498 1574 ut
527 1537 685 1574 nomina
713 1538 796 1575 sine
825 1547 866 1574 re
895 1536 1168 1586 multiplicem,
1213 1546 1300 1574 cum
1329 1537 1474 1585 sciam,
1508 1535 1578 1574 illo
1607 1536 1772 1585 trinum,
1805 1536 1880 1574 isto

92 1594 314 1645 oppositum
343 1600 543 1643 aspectum
575 1595 769 1633 constitui.
952 1622 956 1625 .

207 1651 356 1689 Durum
387 1651 457 1689 tibi
490 1651 661 1700 videtur,
692 1651 824 1701 plures
854 1663 940 1690 esse
970 1657 1172 1700 aspectus,
1215 1662 1333 1700 quam
1363 1657 1452 1689 sunt
1487 1653 1527 1689 in
1556 1651 1721 1690 zodiaco
1751 1655 1883 1701 partes

93 1708 317 1758 integrales.
376 1708 463 1747 Non
506 1709 635 1758 plures
677 1715 825 1758 statuo,
870 1710 922 1747 mi
954 1708 1145 1756 Roberte,
1186 1710 1218 1747 si
1249 1720 1338 1758 pars
1378 1709 1579 1759 integralis
1611 1709 1715 1748 idem
1754 1714 1882 1757 sonat,

92 1766 199 1816 quod
229 1766 451 1816 aequalium
482 1769 701 1816 portionum
732 1779 822 1807 una.
882 1767 1027 1805 Divide
1056 1778 1223 1816 namque
1252 1767 1455 1806 zodiacum
1486 1768 1526 1804 in
1547 1766 1881 1806 desiccato-oria

91 1830 204 1864 erunt
233 1830 412 1876 aspectus
442 1827 694 1873 semisextus‚
735 1825 905 1874 sextilis,
951 1824 1185 1874 quadratus,
1227 1826 1368 1873 trinus,
1408 1827 1628 1875 quincunx,
1661 1827 1878 1877 oppositus.

92 1882 238 1921 Dividc
267 1893 418 1921 rursum
449 1880 595 1935 (potes
613 1885 736 1934 enim)
769 1885 806 1920 in
836 1879 1117 1922 decatemor'ia:
1155 1888 1267 1922 crunt
1297 1890 1477 1933 aspectus
1506 1883 1662 1932 decilis,
1694 1883 1880 1934 quintilis,

89 1939 294 1988 ‘tridecilis‚
327 1940 556 1990 biquintilis,
588 1943 801 1992 oppositus.
861 1941 1007 1980 Divide
1037 1940 1206 1990 denique
1241 1943 1278 1978 in
1303 1941 1573 1991 ogdocmoria:
1605 1948 1716 1981 erunt
1746 1951 1886 1991 aspec-

95 2002 158 2036 tus
200 1998 413 2048 scquadrus
452 2010 521 2038 seu
565 2000 709 2047 octilis,
757 1999 987 2049 quadratus,
1031 1999 1267 2048 sesquadrus
1307 2011 1377 2038 seu
1419 2000 1618 2047 trioctilis‚
1667 2002 1883 2050 oppositas.

97 2055 235 2095 Potest
266 2056 386 2094 dividi
419 2063 458 2094 ct
487 2058 526 2095 in
557 2057 807 2107 heptemoria,
839 2069 915 2095 non
947 2062 1076 2095 erunt·
1089 2062 1217 2095 tamen
1248 2056 1316 2095 ulli
1347 2057 1558 2096 secundum
1588 2058 1690 2096 hanc
1719 2057 1885 2095 divisio·

101 2125 191 2152 nem
220 2120 411 2164 aspectus
470 2115 533 2154 Ita
562 2127 642 2154 non
670 2116 813 2166 plures,
844 2122 885 2154 at
914 2117 1116 2165 pauciores
1145 2115 1272 2154 habeo
1294 2122 1488 2165 aspectus,
1519 2127 1636 2165 quam
1655 2120 1785 2181 partes
1814 2121 1884 2154 tuo

95 2183 213 2211 sensu
242 2172 464 2221 integrales.

209 2229 377 2268 Rursum
406 2242 467 2268 me
499 2241 636 2269 oneras
666 2231 764 2270 salso
795 2231 893 2278 fine,
938 2236 983 2269 ut
1013 2242 1188 2279 corpora
1216 2232 1425 2281 reyularia
1454 2242 1684 2280 comparem
1714 2232 1884 2279 aspecti-

97 2287 182 2326 buo.
231 2287 361 2337 ‚Atqui
383 2288 531 2326 nullum
550 2294 675 2326 exstat
696 2289 811 2339 hujus
832 2282 1001 2327 conatus*
1017 2290 1236 2338 vestigium.
1297 2289 1374 2327 Cur
1393 2291 1494 2327 enim
1524 2294 1705 2338 aspectus
1726 2287 1883 2327 aliunde

98 2344 348 2392 deducerem,
391 2357 509 2394 quam
549 2358 575 2384 a
612 2346 745 2395 figuris
783 2346 938 2397 planis?
997 2347 1050 2384 At
1078 2358 1151 2384 nec
1192 2346 1289 2384 illud
1319 2358 1452 2384 verum
1491 2352 1566 2394 cst,
1613 2348 1883 2395 proportiones

97 2401 340 2451 harmonicas
367 2415 438 2442 seu
470 2406 743 2442 consonantias
773 2406 811 2442 in
842 2415 958 2454 opere
989 2415 1075 2441 meo
1106 2409 1212 2442 ortus
1244 2415 1362 2442 causa
1387 2404 1564 2442 distribui
1595 2404 1693 2441 inter
1712 2405 1883 2454 quinque

99 2471 272 2510 corpora.
331 2461 377 2498 ln
407 2460 595 2511 Mysterio
628 2462 956 2512 Cosmographico
988 2462 1138 2499 tentavi
1167 2460 1261 2510 quid
1292 2461 1535 2510 huJusmodi,
1567 2462 1606 2498 in
1636 2460 1883 2503 Harmonicis

0 2511 38 2579 Ἰ-
98 2520 229 2568 potius
260 2518 424 2557 discutio
456 2525 604 2558 veteres
634 2519 705 2558 has
735 2532 842 2558 meas
874 2519 1221 2566 hallucinationes,
1242 2518 1333 2557 dum
1362 2526 1543 2570 aspectus
1573 2530 1652 2557 non
1672 2521 1767 2569 ipsis
1788 2531 1884 2559 con-

4 2582 11 2591 “
100 2577 288 2614 conontiis
318 2577 568 2625 simplicibus,
599 2577 668 2615 sed
697 2589 829 2617 earum
848 2579 977 2625 sociis,
1009 2578 1270 2615 consonantiis
1301 2578 1526 2627 maioribus,
1559 2577 1712 2626 copulo.
1774 2578 1882 2617 Cave
1937 2584 1944 2591 ‘

98 2632 220 2671 lector
257 2634 470 2682 quidquam
508 2634 599 2672 huic
633 2634 805 2674 Roberto
846 2635 980 2675 credas
1020 2647 1152 2673 carum
1182 2646 1328 2683 rerum,
1369 2646 1467 2685 quas
1508 2635 1571 2673 ille
1611 2635 1707 2673 mihi
1736 2636 1881 2684 tribuit,

103 2702 265 2740 quarum
293 2690 408 2730 fidem
443 2691 515 2729 tibi
542 2691 640 2730 liber
668 2693 751 2742 ipse
780 2705 889 2732 meus
918 2694 1044 2731 facere
1073 2694 1208 2742 possit,

216 2748 390 2801 Diapson
418 2754 458 2786 ct
488 2750 742 2798 oppositionis
771 2757 970 2800 aspectum
1000 2762 1047 2788 ex
1076 2750 1214 2789 iisdem
1244 2759 1317 2797 ego
1350 2749 1609 2789 fundamentis
1637 2752 1882 2801 geometricis

101 2803 253 2852 deduxi,
284 2811 357 2843 nec
385 2806 501 2855 hujus
531 2808 826 2846 consociationis
856 2814 991 2846 auctor
1011 2820 1096 2846 sum
1115 2810 1272 2858 primus,
1305 2810 1428 2845 omnis
1454 2807 1737 2857 astrologorum
1770 2809 1880 2848 natio

102 2862 193 2901 inde
223 2875 248 2901 a
278 2862 375 2900 duce
402 2862 630 2901 Ptolemaeo
660 2863 805 2902 dudum
835 2877 919 2904 eam
949 2868 1104 2916 recepit.
1164 2867 1217 2903 At
1246 2870 1299 2910 tu,
1330 2863 1511 2913 Robertc,
1543 2868 1639 2903 tanti
1670 2878 1882 2906 consensus

104 2919 258 2968 oblitus,
291 2922 330 2958 in
360 2932 422 2958 mc
452 2920 576 2958 solum
607 2921 779 2969 intueris,
808 2934 869 2961 mc
899 2925 1076 2962 omnibus
1098 2925 1238 2961 ictibus
1269 2933 1336 2970 per
1356 2933 1489 2961 omnes
1510 2926 1736 2963 occasiones
1766 2926 1879 2976 petis,

104 2981 150 3017 ut
178 2980 488 3027 comparationes
518 2987 624 3017 meas
656 2978 858 3019 disturbes.
916 2980 1178 3019 Veruntamen
1198 2985 1264 3026 tu,
1285 2980 1426 3018 relictis
1448 2983 1881 3032 consociationishujus

3 3023 6 3027 ’
30 3048 43 3081 4
104 3030 381 3083 fundamentis,
423 3036 564 3084 quibus
593 3046 671 3091 non
699 3037 869 3075 subrutis
899 3037 1007 3077 firma
1034 3038 1103 3077 illa
1132 3049 1282 3087 semper
1312 3037 1450 3087 stabit,
1493 3038 1544 3077 ad
1573 3040 1734 3080 effectus
1763 3051 1880 3081 cocco

1583 3110 1675 3150 28*
