1994 3276
6 1573 24 1681 *221,.;„.,
8 1553 19 1566 ⁴
0 1519 23 1546 «γ’.
0 1446 22 1515 ,μιλι-
3 1414 17 1432 7⁴¹⁷
0 1399 14 1407 t
0 1359 17 1394 Ψ·

25 2427 50 2474 3:⁴3·
19 2182 49 2415 ersus-'vzffirerssss
25 2139 38 2174 ⁸
26 2114 39 2132 a.
28 2100 34 2106 ··
28 2070 34 2079 ⁴*
35 2018 38 2019 =
32 1998 33 2001 „

755 114 866 154 Liber
886 112 952 153 III.
978 115 1096 163 eaput
1115 115 1215 153 vm.
1791 122 1875 162 365

83 244 220 276 omnes
244 234 346 277 alias
372 236 666 277 efficacissimae
701 235 829 276 solent
858 247 967 288 esse,
1002 235 1332 288 quemadmodum
1369 240 1410 276 et
1448 237 1645 277 sonituum
1683 235 1763 287 illi,
1805 238 1874 288 qui

83 294 185 333 inter
210 305 256 334 ee
285 292 475 347 diapason
505 295 679 335 efficiunt
690 291 827 344 ΠΜ).

190 359 295 396 Nota
315 360 346 397 1.
393 360 450 397 Ab
474 361 545 396 hoc
569 365 697 397 octavo
721 360 840 407 capite
873 371 989 407 usque
1013 361 1059 397 ad
1084 360 1261 397 decimum
1292 365 1436 397 sextum
1460 360 1692 398 Ptolemaeus
1727 361 1876 398 demon-

82 414 199 447 strare
221 411 359 458 nititur,
382 415 498 449 totam
521 418 688 449 naturam
712 412 1054 459 contemperationis
1077 412 1308 450 harmonicae
1331 413 1483 459 reperiri
1498 414 1600 450 inter
1609 420 1771 451 motuum
1794 425 1875 451 coe·

82 461 226 500 lestium
250 441 554 502 conformationes
578 471 616 502 et
639 475 763 502 eorum
787 464 987 501 accidentia
1017 475 1085 512 per
1106 471 1229 511 partes
1254 466 1427 513 singulas.
1475 466 1567 503 Nam
1598 467 1784 504 zodiacum
1808 467 1876 504 cir·

83 514 203 552 culum
225 526 307 553 esse
331 516 512 564 quoddam
535 517 645 554 veluti
670 521 828 563 systema
850 517 1064 563 perfectum,
1089 517 1220 564 probat
1250 529 1329 565 cap.
1354 519 1388 555 8.
1436 518 1562 565 Capite
1585 529 1670 556 vero
1687 520 1719 556 9.
1751 530 1876 566 aspec-

84 571 145 603 tus
177 568 406 615 planetarum
441 576 526 605 sunt
559 570 611 606 illi
634 568 903 606 consonantiae
953 569 1038 615 Cap.
1062 570 1120 606 10.
1155 574 1275 606 motus
1298 571 1524 616 planetarum
1553 572 1590 608 in
1614 571 1761 618 longum
1791 578 1878 610 sunt

83 620 228 664 quidam
268 626 398 673 cantus
437 632 503 658 seu
535 622 667 659 ductus
704 624 803 660 vocis
839 633 906 669 per
942 633 1052 660 sonos
1090 623 1241 659 invicem
1280 628 1489 668 sequentes.
1548 624 1635 670 Cap.
1671 627 1724 661 11.
1741 630 1875 663 motus

81 673 277 710 eorundem
305 675 345 711 in
375 674 488 711 altum
519 674 656 711 faciunt
690 675 867 722 quaedam
898 680 1027 712 cantus
1051 686 1196 721 genera.
1245 675 1331 721 Cap
1360 675 1414 712 12.
1447 676 1678 722 evagationes
1702 678 1737 714 in
1762 677 1875 716 latum

82 730 167 761 sunt
190 725 366 771 quaedam
389 727 547 763 varietas
576 727 764 764 modorum
788 738 854 765 seu
876 732 1055 764 tonorum.
1106 728 1193 774 Cap.
1224 728 1276 765 13.
1301 727 1603 773 configurationes
1636 739 1701 765 seu
1729 730 1875 767 habitus

81 777 307 823 planetarum
323 779 370 815 ad
383 779 503 815 Solem
526 781 805 827 aequiparantur
828 781 1055 827 dispositioni
1076 779 1389 817 tetrachordorum
1410 779 1449 815 in
1465 786 1672 825 systemate.
1713 781 1799 828 Cap.
1818 784 1873 819 14

82 828 308 874 planetarum
339 833 515 878 sphaerae
548 835 686 881 primae
718 839 803 870 sunt
835 833 987 870 stabiles
1017 833 1097 869 soni
1129 833 1167 869 in
1191 837 1397 880 systemate.
1446 832 1533 878 Cap.
1562 834 1614 870 15.
1643 833 1874 879 planetarum

82 886 202 918 motus
225 883 392 922 videntur
415 897 437 922 a
460 888 668 924 Ptolemaeo
692 887 820 924 haberi
843 886 948 933 quasi
971 897 1039 932 pro
1062 885 1256 922 mobilibus
1280 888 1378 923 sonis
1402 886 1439 922 in
1462 891 1665 932 systemate.
1706 888 1790 933 Cap
1819 887 1872 929 16,

83 931 311 978 planetarum
333 936 596 977 familiaritates
620 945 707 977 sunt
728 944 770 976 ιιι
793 938 975 975 stabilium
1001 949 1172 975 sonorum
1191 939 1302 978 (forte
1318 944 1355 976 et
1370 938 1572 984 mobilium)
1597 940 1872 976 consonantiae:

81 988 123 1021 ut
144 984 196 1022 ita
217 990 334 1025 totum
355 989 478 1027 thema
501 991 658 1029 coeleste
679 990 745 1027 tali
769 992 957 1039 systemati
979 991 1117 1027 musico
1140 991 1371 1037 respondeat.

197 1039 295 1076 Nota
315 1041 362 1078 11.
412 1044 577 1090 Systema
600 1044 801 1091 perfectum
827 1044 913 1089 quid
937 1044 1004 1089 sit,
1038 1043 1266 1080 Ptolemaeus
1290 1044 1352 1081 lib.
1377 1045 1423 1080 11.
1450 1055 1529 1091 cap.
1551 1045 1586 1082 4.
1610 1044 1804 1092 explicavit
1827 1055 1872 1081 ex

84 1099 151 1126 sua
174 1095 371 1141 sententia;
395 1107 478 1133 nam
501 1098 564 1134 alii
586 1097 685 1134 aliud
716 1107 783 1143 pro
807 1095 968 1142 perfecto
993 1095 1206 1132 habuerunt.
1257 1097 1483 1134 Ptolemaeus
1517 1097 1669 1134 duorum
1698 1097 1874 1143 diapason

83 1143 310 1190 amplitudini
341 1147 412 1185 hoc
433 1150 585 1186 nominis
610 1150 726 1186 dedit:
762 1154 803 1187 ut
826 1149 858 1186 si
882 1148 1007 1185 eadem
1032 1150 1190 1185 omnium
1213 1149 1426 1186 chordarum
1449 1151 1565 1186 tensio
1590 1154 1704 1195 esset,
1738 1149 1873 1194 longis-

84 1197 174 1233 sima
207 1199 456 1245 brevissimae,
493 1202 872 1248 proslambanomenos
906 1212 953 1238 sc
988 1207 1090 1238 netes
1115 1202 1336 1250 quadrupla,
1371 1213 1489 1239 meses
1512 1213 1596 1239 vero
1631 1203 1742 1249 dupla
1765 1208 1872 1239 esset.

83 1248 166 1285 Etsi
187 1250 271 1287 libri
294 1253 352 1288 sui
374 1252 442 1290 ΙΙΙ.
468 1264 546 1300 cap.
571 1256 602 1290 1.
639 1254 872 1290 mechanicae
901 1254 1164 1291 commoditatis
1194 1266 1305 1292 causa
1338 1260 1374 1291 et
1405 1259 1447 1292 ut
1478 1260 1668 1300 utrumque
1698 1255 1873 1301 diapason

82 1300 309 1340 intervallum
332 1305 455 1342 eadem
479 1306 594 1343 forma
616 1307 787 1344 sectionis
810 1306 1046 1342 monochordi
1069 1306 1209 1343 absolvi
1225 1307 1422 1353 perficique
1438 1308 1568 1368 possit,
1592 1307 1770 1354 duplicem
1790 1317 1872 1343 sua-

83 1355 146 1392 det
166 1355 367 1393 tensionem
390 1357 427 1394 in
450 1358 546 1405 lyra,
578 1370 686 1396 unam
709 1370 775 1405 pro
799 1358 959 1395 inferiori
984 1358 1178 1404 diapason,
1212 1359 1427 1396 chordarum
1457 1359 1691 1406 crassiorum,
1722 1360 1872 1396 alteram

58 1419 149 1465 ‘pro
173 1409 361 1456 superlorh
385 1412 629 1457 graciliorum:
655 1417 697 1449 ιιι
718 1413 780 1452 ita,
806 1413 837 1448 si
861 1422 985 1448 mesen
1009 1411 1090 1457 quis
1116 1412 1296 1458 duplicem
1313 1418 1471 1450 statuere
1487 1413 1607 1458 vellet,
1633 1423 1777 1449 crassae
1794 1413 1872 1458 qui-

85 1460 166 1496 dem
190 1461 347 1499 chordae
379 1464 495 1500 tensio
520 1465 677 1501 omnium
707 1464 922 1509 fortissima,
958 1464 1102 1510 gracilis
1131 1476 1219 1501 vero
1242 1466 1399 1502 omnium
1428 1464 1717 1511 languidissima,
1741 1475 1869 1502 sonum

83 1514 236 1552 eundem
260 1514 380 1551 edant
428 1517 497 1553 Est
519 1518 631 1564 igitur
654 1518 853 1564 perfectum
878 1523 1036 1564 systema
1061 1517 1263 1563 quindecim
1288 1517 1520 1562 chordarum,
1555 1517 1705 1554 totidem
1729 1517 1872 1554 concin-

82 1575 149 1602 nos
173 1571 211 1603 et
233 1567 414 1614 legitimae
443 1581 681 1606 consonorum
707 1571 871 1607 divisioni
896 1570 1185 1607 accommodatos
1219 1571 1358 1607 sonitus
1391 1570 1590 1615 edentium,
1623 1571 1661 1606 in
1684 1581 1795 1607 unum
1819 1570 1873 1606 in·

82 1623 320 1657 strumentum
343 1621 515 1658 musicum
540 1628 707 1669 coaptata
732 1623 854 1659 series.
901 1623 980 1659 Hoc
1004 1628 1161 1669 systema
1185 1623 1360 1659 musicum
1386 1623 1435 1659 ait
1448 1622 1712 1659 similitudinem
1735 1623 1871 1660 habere

83 1676 164 1706 cnm
189 1672 322 1709 circulo
345 1675 504 1711 zodiaco.

195 1724 294 1762 Nota
317 1726 381 1763 111.
428 1719 534 1764 initio
558 1729 689 1782 repetit
713 1738 836 1765 eorum
858 1739 997 1765 summa
1020 1729 1150 1775 capita,
1179 1738 1273 1774 qnae
1298 1729 1474 1764 hactenus
1500 1728 1544 1764 de
1568 1729 1765 1764 animarum
1789 1738 1871 1773 cog-

83 1775 230 1813 natione
253 1789 335 1815 cum
358 1780 553 1818 harmoniis
578 1778 791 1828 disputavit,
822 1784 859 1816 et
883 1781 1137 1817 consonantias
1161 1780 1305 1825 quidem
1341 1780 1549 1816 distributas
1574 1782 1625 1817 ait
1653 1791 1719 1827 per
1740 1781 1871 1827 prima—

83 1827 158 1864 rias
181 1830 321 1868 animae
342 1837 482 1878 partes;
508 1834 545 1870 id
568 1834 704 1870 factum
730 1844 807 1879 cap.
830 1835 865 1871 5

197 1881 294 1918 Nota
316 1883 379 1919 IV.
427 1886 576 1922 Formas
600 1887 726 1931 (ideas)
751 1893 923 1923 cantuum
946 1897 1012 1932 per
1024 1885 1159 1921 formas
1175 1886 1362 1922 virtutum.
1409 1885 1558 1922 Factum
1584 1898 1662 1933 cap.
1689 1889 1723 1924 6.
1757 1887 1827 1932 Ωιι

85 1943 215 1979 nempe
237 1934 296 1971 hic
318 1936 434 1982 ideas,
467 1939 518 1974 ibi
542 1938 738 1985 appellavit
764 1938 852 1985 ειόη,
885 1939 1043 1984 species,
1076 1944 1113 1974 et
1146 1944 1221 1975 tres
1245 1938 1470 1974 diatessaron
1496 1939 1634 1984 species
1666 1943 1752 1975 sunt
1775 1897 1870 1974 (τοι,ς

85 1991 235 2032 paratae
262 1987 378 2024 tribus
411 1989 655 2027 habitualibus
688 1991 879 2036 speciebus
915 1996 951 2027 et
983 1991 1097 2027 tribus
1128 1991 1417 2036 concupiscibilis
1441 1990 1624 2026 facultatis
1656 1991 1869 2035 virtutibus;

82 2043 239 2083 quatuor
268 2040 437 2086 diapente
460 2043 621 2087 species,
656 2049 812 2088 quatuor
835 2043 1011 2078 sensualis
1044 2043 1184 2079 animae
1218 2051 1253 2078 et
1290 2050 1444 2087 quatuor
1475 2042 1663 2079 irascibilis
1687 2018 1871 2078 facultatis

83 2091 294 2137 virtutibus;
319 2099 456 2139 septem
482 2095 634 2140 denique
659 2097 833 2142 diapason
858 2097 1008 2142 species,
1033 2101 1173 2141 septem
1195 2094 1500 2131 intellectualibus
1517 2095 1646 2130 muniis
1672 2099 1707 2130 et
1731 2100 1868 2140 septem

84 2141 290 2180 intellectus
323 2147 527 2183 virtutibus
573 2148 757 2194 Respectu
791 2148 918 2183 harum
956 2149 1156 2193 specierum
1191 2147 1425 2183 tetrachorda
1458 2147 1660 2192 systematis
1697 2147 1751 2182 vel
1785 2153 1871 2184 sunt

84 2197 295 2243 conjuncta,
332 2209 577 2246 synemmena,
616 2201 673 2236 vel
708 2201 905 2246 disjuncta,
943 2204 1183 2245 διαζευγμενα,
1216 2206 1253 2236 et
1289 2200 1422 2235 dantur
1454 2200 1524 2235 ista
1557 2199 1869 2237 tetrachordorum

83 2258 225 2294 genera.

195 2313 291 2350 Nota
314 2315 358 2351 V
404 2315 637 2352 Differentiae
660 2318 756 2354 circa
778 2318 1089 2354 tetrachordorum
1113 2328 1247 2363 genera
1271 2321 1355 2353 sunt
1379 2317 1485 2361 istae,
1518 2315 1615 2360 quod
1639 2313 1869 2352 tetrachorda

83 2363 140 2399 vel
161 2365 256 2402 inter
279 2367 427 2404 stabiles
451 2369 508 2403 vel
530 2369 624 2407 inter
647 2369 795 2405 mobiles
819 2380 928 2405 sonos
953 2374 1039 2406 sunt
1062 2370 1332 2414 comprehensa,
1358 2374 1394 2403 et
1407 2373 1493 2403 tunc
1509 2372 1636 2403 cantus
1660 2367 1774 2412 ipsius
1798 2368 1869 2403 tria

86 2417 247 2455 existunt
269 2430 421 2464 genera.
455 2422 687 2467 diatonicum,
714 2423 992 2467 chromaticum,
1025 2422 1312 2466 enharmonium,
1339 2421 1383 2456 de
1408 2417 1536 2464 quibus
1560 2419 1618 2454 hic
1642 2420 1728 2464 agit.
1775 2419 1868 2455 Nam

85 2470 393 2507 tetrachordorum
428 2473 647 2510 differentiae
681 2474 966 2520 multiplicantur
1000 2485 1080 2510 cum
1117 2474 1306 2519 generibus
1341 2473 1440 2507 hisce
1472 2476 1610 2507 cantus.
1668 2471 1749 2506 Jam
1784 2481 1868 2507 vero

84 2518 161 2568 liap-
187 2524 220 2559 6.
245 2524 490 2560 consideratae
515 2531 599 2561 sunt
622 2526 772 2562 virtutes
797 2526 994 2562 secundum
1018 2525 1239 2561 differentias
1263 2523 1447 2570 dignitatis
1472 2527 1508 2559 et
1531 2523 1805 2568 magnitudinis,
1831 2529 1868 2559 et

85 2581 309 2663 &wanze
333 2582 418 2612 sunt
441 2577 630 2623 generibus
655 2584 799 2625 cantus,
829 2590 940 2624 quare
964 2579 1089 2615 etiam.
1115 2583 1155 2614 ut
1179 2578 1238 2613 hic
1262 2576 1330 2620 ait,
1362 2574 1672 2611 tetrachordorum
1695 2585 1866 2620 generum

149 2637 423 2725 ereffimtiplex·
412 2680 483 2716 ista
507 2680 689 2718 distinctio
714 2684 960 2719 confusionem
983 2683 1093 2728 parit,
1119 2693 1226 2727 quam
1250 2686 1291 2717 ut
1314 2691 1442 2716 caveas
1466 2680 1665 2725 perpende,
1691 2678 1867 2740 quasdam

84 2730 197 2778 mgis
220 2731 267 2766 ad
289 2733 518 2769 tetrachorda
541 2734 638 2769 velut
667 2736 713 2771 ad
734 2736 1010 2778 instrumentum
1033 2734 1206 2770 musicum
1229 2734 1426 2779 pertinere,
1453 2732 1623 2778 quasdam
1647 2743 1731 2768 vero
1754 2732 1868 2778 magis

35 2788 62 2818 2⁶.
82 2782 133 2825 td
154 2788 297 2820 cantum
321 2786 460 2831 ipsum,
463 2791 523 2822 et
546 2791 634 2822 nota
657 2787 1000 2823 subordinationem:

56 2866 64 2891 ·-;
85 2852 137 2890 In
161 2855 409 2900 tetrachordo,
444 2861 487 2892 ut
516 2857 771 2899 instrumento,
811 2860 897 2892 eunt
923 2867 1058 2902 genera
1090 2866 1228 2902 synem-
1314 2854 1554 2899 Differentiae
1563 2854 1661 2889 inter
1669 2853 1816 2890 stabam
1832 2858 1867 2891 et

449 2913 569 2946 mena,
604 2883 868 2947 diazeuyv'mna.
1338 2901 1433 2935 inter
1455 2900 1601 2935 mobiles
1617 2900 1835 2946 phthonqos.

44 2971 64 3013 Ξ
86 2976 138 3015 In
159 2986 269 3017 cantu
291 2982 451 3028 ipseper
465 2982 731 3018 tetrachordum
745 2982 968 3019 modulando
991 2988 1093 3020 eunt:
1115 2983 1248 3028 speeies
1319 2980 1459 3016 Genera
1471 2984 1618 3015 cantus.-
1631 2980 1864 3026 diatonicum,

61 3028 421 3072 maiarum,
467 3029 695 3064 diatessaron
729 3032 817 3073 tres3
863 3029 1032 3075 diapente
1070 3033 1247 3075 quatuor,-
1345 3027 1618 3068 chromaticum,
1650 3027 1836 3064 manno-

495 3074 676 3120 diapason
699 3078 841 3120 septem.
1533 3074 1645 3109 nium.
1714 3091 1718 3095 -
