1994 3276
175 128 178 131 ’
218 93 230 122 x
636 136 873 176 Eumeda
918 134 1316 183 mermcaputl.
1620 132 1633 139 ‘
1780 139 1863 179 m

0 285 15 306 ⁸.
78 257 446 307 munemi-
470 236 882 306 qmtunlpmiespm
904 231 1119 299 Mose,
1150 253 1189 289 in
1212 251 1493 295 mna-es·-
1521 251 1700 295 mm
1729 251 1867 294 fusim

78 305 353 358 consonantiam
373 319 516 355 semper
539 310 632 346 enim
655 318 741 355 pars
763 300 901 355 circuli,
923 307 1082 347 rescissa
1099 306 1256 345 21⁸2aeoe
1270 304 1409 348 figurae
1421 303 1644 351 monterium
1666 309 1868 350 camparto

78 372 101 396 a
122 356 253 406 prioris
273 358 389 407 litere
411 361 565 397 rescissa
588 365 764 402 consonat
785 358 959 403 identice;
984 363 1026 394 nt
1049 358 1181 395 docent
1200 355 1469 402 propositiones
1483 351 1656 415 reliquae.
1701 355 1762 392 Its
1783 366 1867 394 con·

76 417 151 448 stat
172 412 339 463 saniosis
360 413 525 449 omnibus
549 413 626 450 suis
645 411 827 450 membris.
877 411 974 447 Usus
998 409 1108 455 hujus
1129 419 1232 455 prop.
1257 412 1315 444 est
1336 407 1374 442 in
1398 407 1574 452 sequenti.

191 458 284 501 Pro
333 464 493 501 ositio
525 461 594 502 IV.
648 461 829 508 chorda,
862 472 972 511 ¹qune
1013 462 1203 508 consonat
1246 469 1335 496 cum
1369 456 1557 496 alterutra
1595 455 1869 508 multiplicium
1925 476 1931 479 ·

76 521 337 571 proportionis
365 518 508 571 duplae
540 522 767 568 continuae,
798 524 988 559 consonat
1016 524 1057 557 et
1086 529 1175 557 cum
1202 505 1373 566 reliqua,
1413 521 1453 554 et
1482 515 1516 554 si
1548 515 1600 555 ab
1630 527 1711 556 una
1738 511 1868 556 disso-

78 582 167 627 nat,
198 579 316 618 etiam
345 578 396 619 ab
425 578 551 617 altera
578 579 762 619 dissonat.

190 632 284 669 Nam
306 643 373 680 per
394 644 449 679 pr.
473 632 507 670 3.
534 633 616 670 soni
636 634 807 671 continue
830 631 1020 676 duplarum
1046 635 1133 667 sunt
1153 629 1249 665 inter
1270 638 1311 665 so
1331 626 1489 664 identici.
1539 627 1645 673 Quod
1661 639 1746 665 vero
1767 628 1868 673 iden.

84 684 236 723 titutum
259 684 475 728 chordarum
499 687 562 722 uni
585 692 779 729 consonat,
803 690 841 721 et
862 684 967 720 alteri
990 687 1165 719 consonat
1187 688 1224 718 et
1246 687 1386 726 cetera,
1406 691 1474 728 per
1495 691 1553 717 ax.
1577 683 1617 727 6.

26 740 28 743 ”
189 735 308 783 Huius
330 739 587 783 propositionis
611 749 722 776 musa
743 737 900 783 positum
923 735 994 772 fnit
1016 736 1160 771 axioma
1183 735 1218 771 6.
1247 738 1286 769 et
1309 732 1421 769 servit
1450 733 1542 769 haec
1569 733 1771 786 propositio
1789 734 1868 780 jam

27 798 31 801 ⁷
76 787 239 837 partib-is
269 795 307 826 et
329 790 485 827 residuis
517 791 732 828 circulorum
754 787 1014 837 examinandis.
1061 787 1220 824 Caveant
1250 786 1353 822 scioli
1383 796 1406 822 a
1429 786 1676 823 contractione
1704 788 1869 834 proposi·

75 841 215 879 tionum
237 847 275 878 et
296 843 532 887 axiomatum;
554 844 656 880 nulla
679 854 714 880 n.
741 842 940 886 tautologia
962 848 1030 885 est,
1054 840 1174 875 omnia
1196 839 1423 884 necessaria;
1446 838 1604 876 involvet
1627 850 1678 885 se,
1703 840 1869 886 quisquis

76 903 151 932 rem
173 893 317 944 brevius
339 895 540 940 transigere
562 896 725 932 voluerit.
1421 937 1424 939 Α

189 941 480 994 Propositio
516 945 566 983 V.
632 946 715 984 Etsi
758 946 881 984 latera
924 943 1123 982 stellarum
1174 939 1492 980 demonstrabilia
1538 946 1666 980 cetera
1713 948 1870 992 propter

77 1000 486 1043 demonstrabilitatem
528 1003 667 1044 eodem
697 1004 786 1054 jure
834 1000 1025 1042 consonas
1055 1003 1128 1040 toti
1163 1006 1293 1050 partes
1335 1001 1374 1038 in
1414 999 1574 1050 circulo,
1599 999 1867 1047 determinant,

14 1100 20 1103 .
77 1070 155 1111 quo
178 1059 268 1110 jure
297 1061 514 1112 idflsaciunt
540 1061 687 1111 figurae
717 1061 868 1100 illarum
898 1058 1107 1106 radicales,
1148 1065 1193 1096 ut
1221 1063 1282 1097 est
1317 1059 1356 1095 in
1386 1059 1582 1096 axiomata
1613 1059 1755 1108 primo,
1798 1071 1869 1098 ex-

77 1118 271 1167 cipiuntur
298 1124 427 1158 tamen
459 1121 545 1167 illa,
588 1132 688 1170 quae
718 1126 867 1170 partem
897 1118 1029 1157 circuli
1070 1116 1257 1156 absecant
1292 1121 1533 1155 constantem
1562 1127 1721 1155 numero
1747 1114 1866 1170 (par-

77 1176 196 1223 tium,
242 1187 339 1226 quas
378 1177 470 1217 l'ecit
507 1179 633 1227 figura
668 1177 869 1229 radicalis)
904 1177 1063 1226 proprio
1106 1175 1272 1224 alicujus
1315 1173 1463 1224 figurae
1502 1172 1868 1222 indemonstrabilis,
1926 1196 1932 1208 .

82 1233 238 1283 quando
267 1239 388 1284 partis
419 1242 458 1275 et
485 1241 605 1275 totius
636 1236 782 1274 numeri
812 1236 953 1273 suerint
985 1237 1083 1271 inter
1111 1243 1153 1272 se
1183 1234 1307 1282 primi.

192 1287 314 1325 Prima
335 1290 445 1335 hujus
469 1292 726 1338 propositionis
747 1302 832 1336 pars
858 1296 914 1325 est
938 1290 1096 1325 axioma.
1122 1288 1218 1333 qnod
1243 1298 1288 1324 ne
1308 1286 1455 1322 nimium
1472 1287 1641 1332 generale
1665 1287 1780 1331 fieret,
1804 1297 1869 1333 per

80 1341 274 1376 secundam
290 1343 560 1387 propositionis
590 1348 728 1389 partem
765 1341 1049 1386 restringendum
1085 1340 1163 1376 fnit.
1215 1340 1492 1377 Demonstratur
1525 1346 1647 1376 autem
1682 1341 1756 1377 sic:
1790 1346 1870 1376 esto

79 1403 234 1439 namque
263 1393 420 1430 circulus
453 1395 587 1432 divisus
618 1406 641 1431 a
663 1395 778 1441 figura
802 1393 1087 1437 demonstrabili,
1126 1392 1224 1428 verbi
1247 1402 1356 1427 causa
1380 1393 1427 1428 ab
1453 1392 1657 1436 icosigono;
1693 1396 1771 1428 esto
1792 1393 1868 1438 jam

80 1444 184 1480 stella
206 1444 439 1491 icosigonica,
473 1448 576 1492 cujus
600 1447 694 1483 latus
718 1446 913 1488 subtendat
937 1445 984 1492 ᾖ,
1015 1445 1060 1480 ab
1092 1444 1275 1489 icosigono
1306 1444 1438 1487 factas,
1474 1445 1525 1480 sic
1550 1452 1590 1480 ut
1614 1450 1635 1482 9
1666 1451 1704 1482 et
1727 1447 1774 1483 20
1796 1445 1869 1482 sint

79 1496 174 1532 inter
195 1507 234 1533 se
256 1498 373 1543 primi.
421 1500 509 1536 Cum
533 1510 619 1545 ergo
642 1510 728 1546 pars
752 1499 898 1536 absecta
922 1499 969 1534 sit
992 1498 1037 1533 de
1060 1496 1214 1540 circulo,
1248 1496 1309 1532 illa
1333 1498 1449 1532 minor
1480 1507 1568 1532 sane
1591 1498 1660 1533 erit
1684 1508 1792 1544 quam
1816 1502 1869 1533 to·

20 1559 22 1561 ·
80 1555 171 1595 tnm;
204 1555 243 1587 st
264 1551 399 1596 poterit
434 1563 515 1589 esse
537 1554 653 1598 maJor
685 1563 793 1599 quam
825 1552 936 1587 totius
960 1550 1144 1586 dimidium
1177 1549 1234 1584 vel
1257 1555 1387 1594 quarta
1417 1550 1474 1585 vel
1503 1556 1647 1594 octava,
1686 1550 1796 1595 idque
1827 1561 1870 1585 eo

7 1650 10 1652 Ἴ
79 1611 195 1646 usque
220 1602 432 1650 dividendo,
467 1605 585 1651 quoad
617 1605 738 1651 aliqua
767 1605 879 1640 totius
910 1614 994 1649 pars
1025 1602 1196 1638 continue
1228 1602 1409 1647 subdupla
1439 1602 1548 1638 fuerit
1583 1602 1699 1638 minor
1723 1602 1870 1638 dimidio

78 1653 272 1699 liujus,-de
296 1667 367 1701 qua
389 1658 551 1704 agimus,
576 1659 708 1703 partis:
734 1663 774 1692 ut
798 1658 883 1702 quia
907 1658 943 1691 in
968 1655 1132 1700 exemplo
1156 1660 1281 1690 nostro
1305 1660 1421 1690 totum
1446 1663 1502 1691 est
1526 1656 1587 1700 20,
1620 1662 1708 1699 pars
1730 1653 1776 1689 de
1800 1666 1871 1699 qna

83 1705 220 1749 agimus
244 1711 285 1751 9,
310 1716 473 1745 sumatur
496 1711 606 1745 totius
632 1710 816 1745 dimidium
845 1712 887 1746 10
909 1710 1110 1751 iterumque
1134 1706 1318 1741 dimidium
1341 1707 1450 1751 hujus
1475 1710 1514 1750 Ξ),
1553 1714 1589 1742 et
1613 1707 1719 1742 tertio
1744 1707 1786 1752 ἓξ,-
1813 1717 1871 1742 oc-

82 1764 164 1792 tava
186 1754 307 1802 totius.
354 1761 455 1797 Haec
472 1761 548 1805 ,iam
573 1768 629 1796 est
652 1762 774 1803 minor>
789 1771 897 1806 quam
918 1758 1103 1795 dimidium
1126 1759 1241 1803 ipsius
1258 1759 1290 1794 9.
1339 1759 1459 1795 Habet
1475 1769 1560 1804 ergo
1581 1769 1621 1795 se
1645 1770 1731 1804 pars
1747 1765 1872 1794 nostra

83 1811 105 1844 9
128 1808 174 1844 ad
198 1815 359 1847 octavam
383 1813 495 1849 totius
520 1813 645 1849 circuli
667 1814 731 1860 Q,
759 1819 799 1848 ut
825 1812 980 1848 circulus
1005 1811 1141 1846 divisus
1164 1810 1280 1855 figura
1302 1810 1612 1847 indemonstrabili
1640 1812 1686 1847 ad
1710 1808 1870 1856 aliquam

83 1870 171 1896 suae
194 1861 379 1900 divisionis
403 1871 553 1910 partem,
579 1875 627 1900 sc.
652 1871 692 1900 ut
718 1865 762 1901 v18
786 1865 832 1900 ad
857 1867 897 1909 iu
924 1865 966 1912 ἦ
992 1869 1111 1900 autem
1135 1864 1324 1899 axiomatis
1348 1863 1380 1899 3.
1405 1864 1632 1900 corollarium
1656 1865 1870 1910 pronuncia-

82 1914 133 1949 vit
164 1913 350 1952 dissonare
378 1929 402 1954 a
440 1923 517 1954 toto
541 1919 608 1964 18,
645 1927 757 1962 quare
787 1927 854 1962 per
883 1917 1027 1953 axioma
1050 1918 1084 1952 5.
1113 1923 1260 1952 nostrae
1294 1916 1478 1952 divisionis
1508 1927 1593 1962 pars
1617 1918 1639 1953 9
1671 1916 1871 1960 dissonabit

0 2011 7 2017 .
83 1970 129 2004 ab
152 1971 280 2004 octava
302 1969 428 2006 circuli
451 1971 656 2017 (divisionis
689 1975 835 2017 nostrae
858 1969 1022 2014 partibus
1046 1968 1129 2015 23⁴„
1159 1968 1359 2005 dissonabit
1390 1980 1476 2015 ergo
1507 1980 1574 2016 per
1596 1980 1698 2016 prop.
1723 1971 1758 2007 4.
1783 1983 1869 2017 psrs

1 2047 9 2055 .
83 2026 209 2070 nostn
228 2021 253 2069 9
277 2022 384 2070 etiam
418 2034 444 2059 a
465 2030 541 2059 toto
567 2022 701 2059 circulo
725 2022 787 2067 20,
818 2021 979 2066 quamvis
1003 2021 1083 2066 ejus
1106 2021 1280 2057 subtensa
1313 2021 1361 2057 sit
1383 2021 1692 2066 demonstrabilis,
1727 2022 1791 2058 sed
1815 2030 1869 2058 re-

81 2075 279 2112 motissimo
304 2076 434 2122 gradu,
459 2077 636 2122 etiamque
661 2075 767 2112 stella
790 2074 868 2119 eJus
892 2084 936 2108 ex
961 2074 1169 2119 incongruis
1193 2079 1259 2109 est.
1756 2114 1757 2117 Ἴ
1811 2109 1814 2112 ,

195 2137 499 2190 Propositio
539 2137 607 2175 VI.
679 2137 851 2177 Residua
892 2134 1119 2174 circulorum
1160 2134 1223 2173 vel
1266 2134 1494 2174 chordarum
1543 2141 1633 2185 post
1676 2135 1869 2175 abscissas

83 2202 214 2248 partes
243 2207 433 2235 consonas
463 2198 551 2244 toti,
579 2197 629 2234 ‚si
660 2200 748 2234 sunt
777 2195 898 2245 partis
929 2204 1024 2232 suae
1054 2195 1305 2232 consonantis
1336 2195 1517 2232 continue
1548 2193 1687 2243 dupla,
1729 2205 1870 2233 conso-

15 2254 22 2270 ³
83 2259 179 2292 nant
206 2260 246 2293 et
274 2265 361 2293 cum
389 2258 499 2306 parte
530 2253 705 2293 abscissa
735 2259 773 2292 et
803 2264 891 2291 cum
920 2257 1007 2290 toto
1032 2250 1173 2290 circulo
1206 2251 1269 2290 vel
1299 2250 1456 2291 chorda.

143 2335 148 2339 -
200 2309 289 2345 Cum
312 2309 474 2345 abscissa
494 2319 562 2354 per
583 2320 686 2354 prop.
712 2309 760 2352 1.,
786 2318 866 2343 cum
889 2310 966 2342 toto
990 2316 1056 2352 per
1078 2317 1183 2351 prop.
1207 2307 1241 2342 4.

36 2418 38 2420 Υ
197 2370 487 2421 Proposi·tio
519 2370 610 2411 VII.
669 2369 710 2409 Si
750 2367 829 2408 tale
858 2368 1053 2406 residuum
1091 2368 1271 2406 habuerit
1301 2366 1464 2407 eandem
1503 2368 1790 2417 proportionem
1819 2367 1870 2407 ad

85 2428 216 2467 circuli
246 2430 309 2467 vel
340 2428 503 2467 chordae
534 2428 734 2466 dimidium
763 2426 828 2465 vel
857 2432 1035 2476 quartam
1062 2431 1233 2475 partem,
1271 2437 1389 2475 quam
1419 2430 1524 2463 totus
1554 2425 1720 2464 circulus
1749 2425 1871 2465 habet

35 2490 41 2495 ’
85 2486 136 2524 ad
164 2486 281 2525 aliam
311 2486 482 2537 aliquam
519 2494 667 2536 partem
697 2487 758 2524 sui
788 2495 1015 2531 consonam,
1060 2484 1288 2523 consonabit
1318 2484 1434 2522 etiam
1477 2494 1566 2522 cum
1593 2488 1676 2522 toto
1707 2483 1869 2532 circulo;

18 2590 23 2592 ῃ
84 2545 119 2598 si
147 2550 191 2582 ut
218 2545 269 2583 ad
299 2546 512 2594 portionem
543 2545 758 2591 dissonam,
790 2543 1019 2581 dissonabit.

69 2599 75 2604 ’
108 2599 116 2604 ’
201 2599 362 2634 circulus
386 2598 480 2634 enim
502 2603 601 2634 totus
624 2599 774 2643 ejusque
798 2597 982 2632 dimidium
1013 2600 1050 2631 et
1083 2606 1168 2642 pars
1194 2600 1322 2640 quarta
1356 2599 1441 2630 sunt
1468 2595 1508 2631 in
1530 2595 1763 2649 proportione
1788 2606 1870 2632 con-

82 2652 185 2687 tinue
209 2652 336 2698 dupla,
368 2661 478 2696 quare
502 2652 579 2696 (per
602 2663 654 2696 pr.
680 2653 726 2695 4.)
750 2661 843 2695 qnae
874 2650 1019 2685 residua
1050 2648 1145 2694 parti
1168 2647 1234 2683 tali
1265 2647 1388 2683 circuli
1412 2654 1631 2692 consonant,
1670 2655 1871 2684 consonant

86 2708 124 2738 et
143 2704 223 2748 toti,
247 2711 284 2739 et
308 2714 400 2748 qnae
426 2704 471 2738 ab
494 2703 558 2737 illa
581 2703 775 2744 dissonant,
804 2702 911 2737 etiam
935 2703 980 2737 ab
1006 2702 1074 2735 hoc
1097 2701 1346 2736 dissonabunt.
1394 2699 1442 2735 At
1464 2703 1664 2735 consonant
1686 2699 1781 2745 parti
1805 2698 1869 2736 tali

83 2756 228 2791 residua
250 2756 323 2799 illa,
347 2754 439 2801 quae
461 2755 731 2799 proportionem
754 2755 903 2790 eandem
927 2754 1118 2788 habuerint
1142 2755 1188 2789 ad
1211 2753 1328 2800 illam,
1352 2762 1459 2798 quam
1483 2758 1582 2787 totus
1606 2752 1653 2787 ad
1675 2762 1869 2796 quamcun-

30 2809 35 2830 2
83 2817 155 2852 que
177 2811 315 2853 partem
338 2817 553 2851 consonam,
578 2806 833 2853 dissonamque
856 2817 879 2842 a
901 2813 1005 2852 parte
1028 2806 1109 2851 tali,
1134 2817 1228 2851 qnae
1252 2805 1520 2850 proportionem
1543 2803 1589 2839 ad
1611 2804 1710 2839 illam
1734 2804 1869 2841 habue-

24 2872 29 2879 ³
75 2860 173 2906 rint,
205 2871 313 2905 quam
335 2861 490 2896 circulus
522 2858 571 2894 ad
599 2868 848 2904 quameunque
875 2866 1015 2905 partem
1050 2859 1248 2902 dissonam,
1282 2857 1391 2900 idque
1421 2866 1488 2900 per
1516 2856 1659 2892 axioma
1690 2857 1724 2892 5.
1770 2857 1868 2902 Qu

19 2944 22 2954 2
85 2911 174 2950 talis
195 2914 341 2949 residua
362 2918 563 2949 consonant
591 2917 628 2946 et
650 2912 720 2947 toti
740 2911 891 2955 ὡσὼς
916 2911 1098 2947 contraris
1112 2911 1301 2946 dissonant
1323 2919 1346 2943 a
1361 2913 1437 2943 toto
1453 2907 1604 2944 circulo.
1647 2907 1749 2945 Haec
1762 2917 1865 2954 prop.

24 3007 29 3011 .
86 2968 144 3005 est
165 2971 314 3010 propter
336 2970 544 3010 sequentem
569 2973 671 3009 prop.
694 2962 728 2997 8.

74 3063 79 3069 ,
198 3025 492 3076 Propositio
525 3024 634 3062 VIII.
695 3023 758 3061 Ad
786 3024 999 3062 abscissam
1027 3034 1119 3062 vero
1147 3028 1297 3073 partem
1325 3021 1359 3058 si
1378 3021 1673 3071 proportionem
1702 3021 1867 3060 eandem

86 3079 265 3123 hab-uit
300 3086 515 3132 residuum,
555 3094 673 3135 quam
708 3088 812 3120 totus
854 3082 1018 3121 circulus
1062 3081 1113 3119 ad
1147 3087 1297 3131 partem
1337 3090 1606 3128 quamcunque
1643 3090 1865 3128 consonam,
