1994 3276
186 135 201 173 1
211 136 234 173 5
241 135 263 172 8
891 133 946 170 De
969 133 1269 182 Proportionibus

181 261 274 301 ergo
304 248 361 306 ⁴79
390 257 430 290 et
458 249 512 305 ⁸7⁶
540 251 735 291 hahentur
763 263 834 304 pro
863 259 974 293 sexta
1005 259 1044 292 et
1073 256 1188 294 tertia
1214 255 1345 302 molli3
1388 250 1443 307 ³s⁵
1475 265 1568 294 vero
1611 260 1650 293 et
1680 250 1731 308 ⁴s5
1770 265 1839 332 pro
1872 260 1981 294 sexta

180 314 219 347 et
248 311 364 349 tertia
393 307 492 349 dura
521 310 607 350 sive
638 322 799 362 aspera3
831 316 871 350 et
901 313 957 350 sic
987 313 1103 352 etiam
1135 313 1421 368 appellantur.

832 391 965 432 Mollis
1194 394 1301 431 Dura

723 467 796 519 Ξ-

988 541 1066 545 --
726 473 1416 582 ᾞΞῐ-ἰῑῑ-*Ξ-ἶέ

298 602 477 652 Denique
508 604 600 653 quia
630 605 892 654 proportionis
925 604 1066 654 duplae
1097 604 1363 654 intervallum,
1396 608 1440 643 ut
1469 615 1586 656 supra
1618 604 1786 653 dictum,
1818 616 1866 644 ex
1896 615 1988 643 ses-'

181 660 373 710 quialtero
405 667 443 699 et
473 674 520 700 ex
550 663 797 712 sesquitertio
830 667 1001 710 constat,
1034 674 1196 712 quorum
1226 663 1322 701 illud
1354 664 1489 713 quinta
1520 663 1680 712 dicitur,
1712 663 1786 702 hoc
1817 670 1979 713 quarta
1971 684 1989 711 ,-

183 730 286 768 quae
318 725 448 758 tamen
479 720 572 758 bina
601 722 639 757 in
670 721 730 758 sui
762 720 890 758 medio
920 720 1067 759 habent
1098 733 1216 759 unum
1248 733 1491 761 communem
1522 723 1737 770 terminum,
1769 723 1836 771 qui
1866 723 1980 785 unius

180 777 319 815 ultima
350 783 425 826 est,
459 778 618 817 alterius
649 780 794 828 prima,
827 790 962 817 versus
994 779 1151 829 plagam
1182 780 1344 818 eandem
1374 781 1413 817 in
1443 780 1546 819 hunc
1575 779 1755 818 modum·

237 835 382 875 Prima.
441 835 632 875 Secunda.
692 836 836 877 Tertia
900 835 1060 885 Quarta.
1112 837 1268 886 Quinta.
1384 839 1420 876 6.
1618 840 1655 876 7.
1813 839 1868 876 ’8.

1109 896 1251 934 Prima.
1311 895 1504 935 Secunda.
1566 895 1711 948 Tertia.
1772 894 1938 945 Quinta:

183 953 357 1001 sequitur
387 953 520 1004 igitur,
550 958 594 990 ut
625 952 761 991 ultima
793 954 1015 1004 posterioris
1045 954 1083 991 in
1115 955 1381 993 numeratione
1421 955 1472 992 sit
1501 965 1660 993 numero
1692 958 1844 993 octava.
1906 955 1982 992 At-

183 1022 258 1060 que
294 1009 383 1049 inde
424 1011 499 1049 hoc
529 1011 777 1049 intervallum
820 1017 1032 1051 octavae
1072 1024 1210 1052 nomen
1251 1013 1430 1052 obtinuit.
1494 1011 1643 1051 Graeci
1684 1012 1734 1051 ad
1774 1012 1983 1051 identicam

182 1070 475 1107 consonantiam
504 1071 757 1119 respicientes
788 1070 986 1121 appellant
1017 1075 1080 1110 δια
1110 1085 1260 1119 naam,
1301 1076 1344 1109 ut
1383 1076 1422 1110 et
1460 1069 1592 1109 latinis
1632 1071 1752 1110 literis
1793 1071 1982 1121 diapason

183 1128 374 1174 scribitur,
405 1130 518 1177 quasi
549 1129 761 1167 consumtis
794 1128 972 1167 omnibus
1005 1129 1200 1168 diversum
1231 1130 1483 1177 sonantibus,
1519 1141 1606 1168 vox
1638 1130 1810 1168 canentis
1841 1135 1982 1168 octavo

182 1197 279 1224 sono
319 1187 359 1224 in
397 1197 438 1224 se
478 1188 604 1237 ipsam
643 1186 778 1225 redeat
817 1186 985 1237 indeque
1026 1199 1172 1227 novum
1202 1189 1376 1236 initium,
1415 1198 1521 1226 nova
1550 1190 1668 1227 series
1709 1189 1982 1227 concinnorum

187 1245 357 1293 oriatur,
388 1245 505 1294 priori
536 1256 604 1295 per
635 1246 765 1283 omnia
793 1245 954 1296 similis3
987 1246 1076 1285 vide
1107 1258 1215 1299 prop.
1251 1249 1286 1285 1.
1598 1260 1605 1266 ·

473 1325 681 1375 Diapente.
844 1326 1111 1366 Diatessaron.
1259 1327 1439 1379 Systema
1472 1320 1675 1378 diapason.

1376 1425 1801 1516 E—{i

299 1537 461 1576 Frustra
490 1537 552 1576 hic
582 1537 906 1589 philosophantur
937 1536 983 1575 de
1016 1549 1188 1586 numero,
1221 1549 1287 1576 cur
1317 1550 1369 1577 sc.
1397 1544 1538 1577 octava
1559 1551 1636 1577 vox
1666 1542 1871 1577 consumat
1901 1548 1987 1576 om-

186 1606 254 1634 nes
285 1596 402 1645 inque
433 1595 534 1635 idem
565 1595 729 1635 redeat?
761 1607 851 1634 vere
883 1597 984 1634 enim
1015 1596 1328 1646 respondendum
1359 1603 1417 1635 est
1446 1609 1514 1647 per
1543 1599 1770 1647 petitionem
1794 1597 1987 1647 principii,

186 1655 279 1703 quia
309 1665 364 1694 sc.
395 1660 535 1693 natura
562 1654 641 1703 fiat,
674 1660 717 1693 ut
748 1653 996 1692 intervallum
1026 1656 1288 1704 proportionis
1320 1654 1474 1706 duplae,
1507 1655 1610 1706 quod
1643 1667 1711 1706 per
1741 1667 1823 1705 cap.
1861 1655 1896 1693 1.
1928 1659 1987 1692 est

185 1711 461 1760 identisonum,
493 1712 690 1752 dividatur
720 1714 757 1750 in
790 1712 998 1752 intervalla
1028 1714 1216 1760 concinna
1246 1718 1406 1764 septem,
1437 1725 1538 1764 quae
1560 1713 1862 1752 determinantur
1881 1710 1994 1750 sonis·

187 1776 297 1819 octo,
330 1776 372 1810 ut
402 1771 478 1810 hoc
509 1771 634 1822 capite
664 1771 867 1821 probatum
900 1775 970 1810 est.
1031 1770 1113 1820 Ipsi
1143 1776 1282 1821 putant
1310 1771 1392 1811 fieri
1413 1771 1503 1823 hoc,
1533 1771 1638 1822 quod
1667 1783 1849 1810 numerus
1880 1770 1905 1808 8
1935 1771 1994 1809 sit*

793 1427 813 1430 ”
831 1399 1205 1467 -ΞΞ-’ῐῦέ-ΞΖ·
1307 1414 1492 1468 εἶλε

186 1830 335 1879 primus
367 1830 489 1868 cubus
521 1834 560 1868 et
589 1831 713 1880 prima
743 1835 901 1868 tessera
965 1829 1017 1866 At
1047 1829 1141 1879 quid
1184 1832 1347 1868 sectioni
1379 1830 1546 1869 chordae
1588 1842 1675 1869 cum
1711 1828 1877 1869 solidis?
1936 1828 1986 1866 Et

186 1897 254 1926 cur
284 1898 364 1925 non
395 1890 513 1926 etiam
545 1899 621 1926 vox
654 1889 835 1926 vicesima
866 1889 1032 1937 septima
1064 1884 1279 1940 (secundus
1311 1890 1343 1927 is
1374 1890 1495 1927 cubus
1527 1886 1606 1942 est)
1637 1887 1734 1927 redit
1765 1886 1932 1927 eodem?

303 1944 406 1983 Hinc
446 1945 545 1984 adeo
577 1947 692 1984 etiam
723 1941 944 1997 systematis
975 1957 1115 1984 nomen
1151 1947 1305 1997 proprie
1337 1950 1375 1986 et
1404 1948 1528 1998 primo
1560 1947 1741 1985 convenit
1777 1936 1990 1985 intervallo·

186 2005 447 2053 proportionis
479 2003 634 2053 duplae,
667 2004 792 2042 diviso
823 2015 893 2054 per
922 2015 994 2042 sua
1025 2009 1173 2054 septem
1205 2006 1393 2043 concinna
1424 2010 1461 2044 et
1491 2005 1572 2042 suis
1604 2009 1691 2042 octo
1722 2004 1885 2043 vocibus
1915 2012 1994 2043 seu<

190 2060 344 2100 chordis
377 2061 567 2112 descripto
598 2062 715 2112 inque
746 2063 1011 2100 instrumentis
1043 2074 1248 2111 expresso,
1281 2063 1328 2101 de
1361 2074 1438 2112 quo
1469 2064 1567 2100 infra
1598 2075 1682 2113 cap.
1716 2063 1752 2101 9.

302 2118 347 2157 In
378 2121 427 2158 iis
459 2119 694 2169 intervallis,
738 2131 838 2169 quae
871 2125 1049 2158 octavam
1081 2132 1149 2158 seu
1181 2120 1369 2171 diapason
1402 2125 1606 2171 superant,
1639 2123 1675 2158 in
1706 2119 1994 2170 multiplicibuin

187 2176 345 2228 quidem
375 2182 558 2226 octavae,
593 2178 735 2228 duplex
767 2183 925 2227 octava,
958 2189 1096 2226 graece
1127 2182 1182 2223 δις
1213 2182 1276 2217 δια
1307 2193 1450 2227 πασων,
1483 2178 1557 2217 dici
1582 2179 1692 2227 solet,
1725 2178 1869 2229 triplex'
1893 2175 1994 2234 tris-4?

191 2236 400 2286 diapason,
443 2240 482 2275 et
523 2238 578 2275 sic
616 2242 907 2286 consequenter.
967 2236 1012 2273 In
1054 2238 1191 2275 ceteris
1234 2248 1326 2275 vero
1359 2238 1583 2287 exprimitur
1624 2237 1811 2287 diapason
1850 2235 1994 2285 ejusveji

190 2293 393 2346 multiplex
425 2300 464 2333 et
493 2294 647 2333 additur
688 2306 870 2334 excessus
900 2294 974 2333 hoc
1003 2299 1140 2345 pacto:
1178 2296 1314 2344 quinta
1353 2307 1471 2364 supra
1508 2300 1704 2344 octavam,
1746 2299 1814 2333 aut
1845 2295 1994 2341 octava}

187 2364 306 2403 supra
337 2354 525 2402 quintam,
556 2352 745 2405 diapason
778 2352 1024 2403 epidiapente
1060 2352 1122 2391 vel
1164 2356 1228 2392 δια
1259 2368 1369 2392 nens
1401 2352 1461 2393 ἐπι
1492 2358 1555 2393 δια
1585 2368 1728 2393 πασωι·.
1787 2349 1994 2390 Interdum&

192 2417 231 2449 et
261 2422 422 2450 numero
451 2412 669 2462 pergimus,
701 2411 943 2461 appellantes
974 2422 1138 2459 nonam,
1172 2410 1380 2457 decimam,
1414 2411 1681 2450 duodecimam
1713 2417 1783 2449 etc.

305 2468 416 2508 Haec
454 2471 574 2520 igitur
610 2471 731 2509 sectio
767 2469 1059 2508 intervallorum
1096 2478 1352 2507 consonorum
1393 2471 1431 2506 in
1475 2471 1662 2509 concinna
1701 2468 1887 2508 naturalis
1926 2466 1994 2515 est&

190 2529 465 2578 quantitasque
495 2528 594 2567 haec
625 2533 663 2567 et
693 2539 874 2566 numerus
906 2516 1182 2566 elementorum
1214 2529 1505 2576 concinnorum,
1545 2529 1712 2566 ternario
1740 2538 1817 2565 non
1847 2525 1994 2575 major,

191 2597 268 2624 non
300 2585 386 2624 sola
415 2587 565 2624 aurium
596 2586 882 2624 assuefactione
912 2587 1056 2632 nititur,
1089 2585 1156 2623 sed
1189 2585 1345 2623 auditus
1376 2585 1450 2624 hoc
1471 2586 1590 2625 habet
1621 2597 1668 2624 ex
1698 2577 1880 2623 instinctu
1910 2594 1983 2621 na-

189 2643 330 2694 turali3
368 2654 440 2683 nec
470 2650 636 2695 possunt
665 2648 819 2693 praeter
847 2645 924 2682 ista
954 2644 1017 2682 vel
1049 2642 1128 2680 alia
1156 2643 1361 2682 intervalla
1397 2644 1459 2682 vel
1489 2644 1567 2682 alio
1597 2654 1756 2681 numero
1785 2653 1855 2693 pro
1888 2653 1983 2680 cou-

189 2702 312 2741 cinnis
342 2703 455 2751 sumi,
485 2703 524 2740 in
556 2713 657 2752 quae
688 2701 884 2740 dividatur
915 2701 1119 2751 quodlibet
1147 2712 1194 2739 ex
1226 2704 1417 2740 consonis.
1478 2702 1578 2740 Nam
1609 2704 1642 2739 si
1674 2701 1794 2740 velles
1815 2698 1988 2749 exempl&

191 2762 318 2810 gratia.
348 2759 470 2799 diesin
501 2760 725 2810 adJungere,
757 2761 921 2809 primum
951 2759 1020 2798 illa
1050 2763 1109 2797 est
1138 2760 1253 2797 etiam
1287 2760 1529 2798 dissonorum
1561 2761 1831 2799 concinnorum
1862 2758 1994 2806 sobo«,

189 2819 271 2869 les;
304 2818 440 2858 deinde
471 2820 504 2857 si
533 2821 699 2857 maxime
729 2818 837 2855 illam
866 2822 1016 2855 tantum
1047 2816 1134 2854 ideo
1168 2817 1287 2856 velles
1318 2818 1540 2868 adjungere,
1577 2819 1670 2866 quia
1700 2823 1759 2856 est
1788 2819 1994 2855 consono-'td

192 2888 276 2915 rum
304 2876 482 2924 soboles,
513 2882 554 2915 at
584 2877 708 2916 solam
737 2887 815 2914 non
845 2887 1005 2925 posses3
1048 2875 1215 2913 traheret
1245 2888 1282 2913 n.
1314 2888 1445 2915 secum
1465 2876 1605 2914 lemma
1635 2887 1703 2914 seu
1721 2869 1994 2921 semitoniuffl

192 2937 337 2983 minus,
380 2935 484 2986 quod
515 2940 664 2973 tantum
695 2947 720 2973 a
750 2933 916 2971 dissonis
946 2934 1077 2971 oritur.
1139 2934 1191 2971 At
1229 2940 1528 2973 consentaneum
1563 2937 1642 2981 est,
1681 2932 1856 2972 auditum
1886 2923 1994 2978 illud-3

194 3005 218 3030 a
247 2992 382 3031 sobole
414 3005 672 3032 consonorum
704 2993 938 3040 distinguere
970 2992 1093 3040 iisque
1125 2991 1304 3031 admissis
1342 2994 1439 3031 inter
1469 2991 1684 3030 canendum
1715 2993 1889 3040 interque
1916 2999 1994 3031 seq·

193 3050 319 3088 cunda
348 3052 566 3099 intervalla,
599 3051 673 3090 hoc
704 3062 774 3089 ceu
804 3051 977 3100 spurium
1007 3049 1220 3099 repudiare.
1283 3050 1410 3100 Quare
1441 3050 1557 3089 etiam
1598 3049 1713 3088 diesis
1744 3051 1843 3087 inter
1871 3049 1979 3098 prin-

195 3107 336 3159 cipalia
366 3114 529 3148 octavae
561 3108 767 3158 intervalla
795 3119 872 3146 non
905 3109 987 3146 erit.
1983 3122 1987 3127 ·
