1994 3276
103 96 186 134 278
470 117 472 119 -
601 92 673 127 ,De
698 91 859 128 Motibus
883 91 1116 128 Planetarum
1139 91 1380 128 Harmonicis.

103 223 172 251 cus
203 212 440 250 eccentricae
469 210 626 249 orbitae
651 212 776 249 unius
805 211 981 251 habeant
1004 213 1116 250 inter
1145 222 1184 249 se
1199 210 1705 260 proportionem‘cversam
1726 222 1906 261 propor-

107 271 228 309 tionis
257 269 563 307 intervallorum
593 269 774 308 duorum
804 282 830 307 a
862 269 965 308 Sole.
1028 269 1151 307 Simul
1183 275 1313 308 autem
1354 269 1658 308 demonstratum
1688 275 1747 308 est
1777 281 1801 308 a
1831 281 1905 316 me,

102 328 276 368 orbitam
303 323 496 375 planetae
526 338 603 366 esse
633 325 861 377 elliptic'am,
894 332 930 366 et
962 328 1119 376 Solem,
1150 328 1304 378 fontem
1331 333 1477 377 motus,
1508 340 1586 367 esse
1614 329 1660 366 in
1689 328 1815 367 altero
1842 328 1908 378 fo-

102 398 241 425 corum
273 386 395 432 hujus
425 385 584 434 ellipsis,
615 387 752 434 itaque
780 385 885 435 fieri,
916 391 963 424 ut
987 386 1178 435 planeta,
1222 387 1404 426 absoluto
1433 388 1553 426 totius
1582 387 1774 424 circuitus
1803 398 1908 436 qua-

102 445 247 483 drante
285 455 312 480 a
342 454 414 482 suo
446 443 625 494 aphelio‚
662 441 840 492 praecise
878 444 1074 482 mediocre
1111 444 1255 482 habeat
1289 445 1553 483 intervallum
1574 449 1621 483 ‘a
1653 443 1763 493 Sole,
1805 446 1911 482 inter

104 505 334 542 maximum
365 503 410 538 in
441 502 599 550 aphelio
639 507 674 540 et
702 504 921 551 minimum
952 504 997 540 in
1027 502 1229 552 perihelio.
1291 503 1350 540 Ex
1388 503 1449 540 his
1479 513 1574 541 vero
1614 502 1766 541 duobus
1797 503 1910 540 axio-

109 562 280 600 matibus
311 559 526 607 conficitur,
566 565 614 599 ut
642 560 818 598 diurnus
842 561 1034 609 planetae
1063 561 1219 599 medius
1249 565 1380 600 motus
1411 563 1458 599 in
1486 563 1698 600 eccentrico
1710 560 1833 599 *idem
1862 562 1913 599 sit

102 625 139 658 et
163 630 288 665 ‘verus
318 619 403 666 ejus
433 620 636 657 eccenwici
667 630 788 657 arcus
819 618 995 656 diurnus
1034 619 1113 656 illis
1142 619 1373 666 momentis,
1414 620 1559 669 quibus
1586 620 1755 669 planeta
1785 624 1839 657 est
1867 621 1912 656 in

100 678 178 728 fine
215 672 478 727 quadrantis¹
498 679 704 715 eccentrici
744 677 794 714 ab
838 676 996 725 aphelio
1034 679 1279 725 computati,
1322 677 1410 716 licet
1437 677 1505 716 ille
1542 677 1753 728 quadrans
1793 688 1913 716 verus

104 736 238 774 adhuc
265 736 401 773 'minor
432 740 632 785 appareat
663 737 775 782 ¹justo
793 734 1047 783 quadrante.
1109 734 1294 784 Sequitur
1332 735 1519 786 amplius,
1563 736 1670 786 quod
1707 735 1789 773 duo
1818 737 1912 784 qui-

102 806 262 844 cunque
293 805 413 832 arcus
443 795 649 831 eccentrici
679 792 820 831 diurni
850 794 1066 841 verissimi,
1098 794 1324 842 aequaliter
1353 806 1444 833 vere
1475 794 1688 840 distantes,
1729 793 1831 832 alter
1861 792 1912 832 ab

106 853 273 903 aphdio,
306 852 409 890 alter
438 864 465 890 a
493 847 708 902 perihelio,
734 852 870 898 juncti
900 856 1073 900 aequent
1102 851 1206 890 duos
1232 851 1402 891 diurnos
1430 852 1600 903 medios,·
1643 857 1683 891 et
1719 862 1788 902 per
1819 862 1914 890 con-

86 922 292 962 sequens,
333 921 424 948 cum
467 912 517 948 sit
555 909 694 948 eadem
735 910 982 948 circulorum
1023 911 1250 960 proportio,
1305 922 1408 959 quae
1449 911 1764 957 diametrorum,
1782 909 1914 960 quod

105 970 245 1008 eade-m
280 970 331 1006 sit
368 971 577 1018 proportio
615 970 739 1006 unius
779 967 921 1005 diurni
951 967 1073 1005 medii
1102 967 1159 1006 ad
1182 969 1346 1015 junctos
1375 969 1523 1008 medios
1561 979 1698 1008 omnes
1736 969 1843 1007 inter
1874 979 1912 1006 se

106 1028 303 1078 aequales,
336 1032 432 1076 quot
460 1032 556 1065 sunt
585 1028 630 1064 in
662 1031 741 1065 toto
771 1028 957 1074 circuitu,
991 1038 1095 1075 quae
1125 1031 1181 1064 est
1209 1026 1331 1065 medii
1360 1027 1502 1066 diurni
1533 1027 1588 1066 ad
1610 1029 1774 1075 ,iunctos
1801 1037 1914 1065 veros

107 1098 242 1126 omnes
271 1096 391 1123 arcus
421 1087 672 1132 eccentricos‚
713 1085 875 1123 totidem
906 1096 1101 1133 numero,
1132 1084 1200 1122 sed
1226 1086 1332 1123 inter
1362 1097 1400 1124 se
1429 1086 1672 1136 inaequales,
1733 1084 1782 1122 Et
1814 1084 1912 1123 haee

112 1145 160 1183 de
191 1146 296 1183 veris
329 1146 531 1182 eccentriei
562 1143 729 1182 arcubus
761 1142 907 1188 diurnis
941 1142 1067 1192 deque
1098 1144 1200 1182 veris
1223 1144 1392 1182 motibus
1420 1149 1512 1182 sunt
1531 1142 1912 1194 praecognoscenda,
1943 1189 1947 1193 η

108 1208 152 1241 ut
178 1203 263 1253 jam
294 1213 343 1240 ex
374 1204 422 1240 iis
455 1202 718 1252 intelligamus
750 1207 880 1239 motus
912 1207 1166 1251 apparentes,
1201 1201 1315 1240 oculo
1348 1204 1385 1239 in
1417 1201 1508 1241 Sole
1539 1202 1753 1252 supposito.

128 1303 130 1305 ,
225 1261 357 1300 Sexto.
421 1260 619 1310 Quantum
661 1270 752 1298 vero
785 1260 939 1298 attinet.
969 1270 1080 1298 arcus
1113 1266 1347 1310 apparentes
1389 1260 1500 1299 velut
1537 1273 1583 1299 ex
1615 1260 1732 1308 Sole,
1776 1263 1911 1297 notum

110 1325 170 1359 est
200 1331 247 1358 ex
278 1320 441 1368 antiqua
485 1321 602 1358 etiam
634 1319 891 1366 astronomia,
938 1318 1042 1367 quod
1075 1330 1122 1357 ex
1152 1319 1324 1357 motibus
1367 1321 1488 1368 veris,
1533 1320 1649 1358 etiam
1679 1317 1910 1368 aequalibus
1939 1352 1942 1356 .

109 1381 208 1417 inter
239 1390 303 1425 se,
348 1379 380 1415 is
413 1379 478 1427 qui
509 1378 667 1427 longius
705 1387 729 1414 a
760 1382 891 1415 centro
923 1376 1057 1414 mundi
1087 1378 1248 1415 recessit
1281 1378 1339 1427 (ut
1370 1378 1437 1426 qui
1467 1382 1525 1416 est
1561 1378 1599 1414 in
1631 1371 1809 1430 aphelio)
1839 1387 1912 1426 ap-

106 1442 245 1488 pareat
277 1447 362 1476 esse
392 1438 518 1474 minor
547 1436 739 1486 spectanti
772 1446 819 1473 ex
849 1434 918 1472 illo
951 1441 1094 1483 centro,
1129 1435 1193 1484 qui
1225 1437 1382 1485 propior
1414 1437 1474 1484 sit,
1507 1441 1550 1474 ut
1570 1437 1637 1485 qui
1657 1440 1715 1474 est
1745 1436 1784 1472 in
1804 1435 1911 1484 peri-

108 1491 226 1543 helio,
268 1495 371 1533 idem
412 1499 450 1532 et
489 1495 625 1544 major.
698 1492 795 1531 Cum
836 1494 953 1542 igitur
993 1495 1150 1542 insuper
1190 1495 1307 1531 etiam
1350 1494 1517 1543 majores
1557 1495 1636 1531 sint
1675 1494 1757 1531 veri
1799 1503 1911 1530 arcus

111 1554 240 1592 diurni
271 1555 309 1591 in
340 1555 579 1602 propinquo,
619 1557 775 1601 propter
816 1556 964 1589 motum
995 1551 1257 1603 celeriorem,
1281 1553 1447 1589 minores
1487 1554 1526 1590 in
1564 1551 1719 1603 aphelio
1750 1555 1909 1599 remoto,

94 1617 272 1662 propter
300 1617 430 1650 motus
461 1611 702 1657 tarditatem,
734 1609 825 1648 hinc
856 1621 928 1659 ego
961 1609 1225 1647 demonstravi
1257 1611 1295 1646 in
1322 1609 1580 1657 Martialibus,
1607 1611 1912 1659 proportionem

114 1673 404 1721 apparentium
434 1681 609 1708 arcuum
641 1668 887 1707 diurnorum
918 1670 1042 1706 unius
1064 1666 1269 1706 eccentrici
1288 1670 1383 1707 satis
1406 1671 1587 1717 praecise
1612 1668 1779 1718 duplam
1800 1679 1912 1706 ever-

113 1740 201 1767 sam
231 1740 308 1767 esse
335 1729 610 1777 proportionis
650 1738 819 1765 suorum
851 1727 1162 1766 intervallorum
1202 1739 1229 1764 a
1261 1726 1362 1766 Sole.
1423 1725 1477 1777 Ut
1505 1728 1538 1765 si
1568 1727 1728 1777 planeta
1763 1727 1803 1764 in
1833 1737 1912 1763 una

113 1798 271 1825 suarum
304 1786 471 1834 dierum,
515 1784 672 1835 quando
705 1790 764 1823 est
794 1787 832 1821 in
863 1784 1037 1834 aphelio‚
1078 1785 1240 1823 distaret
1270 1797 1294 1823 a
1324 1784 1416 1824 Sole
1446 1786 1642 1835 partibus,
1679 1795 1911 1834 quacunque

111 1849 305 1892 mensnra,
341 1843 409 1895 10,
438 1846 478 1882 in
510 1845 692 1894 opposita
721 1843 803 1891 die,
845 1843 1000 1892 quando
1032 1849 1091 1882 est
1121 1845 1159 1880 in
1191 1843 1398 1894 perihelio,
1440 1844 1616 1894 partibus
1647 1843 1911 1882 consimilibus

90 1905 161 1941 ⁷9:
206 1909 353 1941 certum
383 1907 463 1949 est,
506 1902 611 1951 quod
643 1913 689 1939 ex
721 1901 812 1940 Sole
844 1913 1035 1951 apparens
1075 1902 1161 1951 ejus
1198 1903 1390 1952 promotio
1432 1903 1470 1938 in
1503 1901 1660 1952 aphelio
1701 1901 1832 1940 futura
1861 1903 1912 1939 sit

113 1961 162 1999 ad
193 1966 444 2011 apparentem
476 1961 511 1996 in
543 1959 752 2010 perihelio,
786 1962 885 1998 sicut
919 1961 968 1997 81
1003 1959 1053 1998 ad
1088 1961 1181 1998 100.

230 2018 318 2056 Hoc
348 2024 478 2056 autem
510 2029 644 2056 verum
675 2022 735 2055 est
771 2029 858 2056 cum
888 2017 948 2055 his
987 2018 1254 2056 cautionibus:
1295 2019 1442 2068 primo,
1486 2022 1528 2055 ut
1565 2028 1678 2055 arcus
1708 2017 1911 2055 eccentrici

116 2088 192 2115 non
225 2079 304 2115 sint
332 2077 477 2126 magni,
510 2087 558 2114 ne
589 2077 873 2114 communicent
903 2087 990 2114 cum
1023 2075 1215 2114 distantiis
1249 2076 1412 2114 diversis
1438 2075 1602 2114 multum
1633 2075 1909 2123 differentibus,

113 2128 189 2174 hoc
221 2142 280 2174 est
310 2146 359 2173 ne
391 2139 598 2172 causentur
628 2134 851 2172 sensibilem
880 2135 1110 2172 varietatem
1128 2134 1347 2172 'distantiae
1389 2136 1638 2172 terminorum
1671 2145 1830 2172 suorum
1860 2133 1909 2171 ab

115 2187 340 2245 apsidibus3
373 2192 526 2239 deinde,
558 2197 602 2229 ut
631 2194 895 2230 eccentricitas
926 2204 1001 2230 non
1033 2194 1083 2230 sit
1114 2192 1229 2230 valde
1261 2203 1424 2241 magna,
1462 2204 1552 2230 nam
1583 2203 1660 2242 quo
1690 2191 1814 2241 maj0r
1844 2202 1911 2230 ec-

85 2284 87 2286 .
115 2253 357 2299 centricitas,
396 2262 449 2289 sc.
484 2261 560 2300 quo
592 2250 716 2299 maj0r
746 2250 788 2287 fit
818 2261 948 2296 arcus,
988 2250 1063 2288 hoc
1092 2251 1216 2299 magis
1247 2254 1411 2299 augetur
1442 2251 1525 2300 ejus
1556 2252 1806 2301 apparentiae
1838 2261 1911 2288 an-

114 2310 229 2360 gulus
269 2309 371 2348 ultra
415 2309 616 2347 modulum
654 2308 1041 2357 appropinquationis
1090 2320 1184 2346 suae
1227 2308 1275 2345 ad
1318 2308 1468 2356 Solem,
1514 2320 1584 2358 per
1626 2308 1823 2346 theorema
1870 2309 1907 2346 8.

117 2367 343 2418 Opticorum
376 2361 569 2415 Euclidis3
602 2365 707 2415 quod
737 2370 864 2404 tamen
894 2367 935 2403 in
966 2366 1131 2404 arcubus
1162 2368 1293 2416 parvis
1324 2372 1362 2405 et
1388 2378 1531 2416 magna
1553 2367 1736 2404 distantia
1764 2364 1910 2404 nullius

119 2432 178 2464 est
207 2427 416 2474 momenti,
449 2431 493 2463 ut
522 2427 561 2462 in
593 2425 690 2462 meis
723 2422 872 2473 Opticis
904 2426 1030 2473 capite
1067 2426 1131 2462 11.
1162 2426 1308 2462 monui.
1368 2424 1445 2462 Sed
1478 2430 1537 2463 est
1567 2425 1646 2463 alia
1676 2435 1815 2474 causa,
1845 2435 1911 2462 cur

116 2485 191 2523 hoc
220 2495 410 2523 moneam.
472 2483 572 2521 Nam
604 2493 715 2520 arcus
747 2484 948 2520 eccentrici
988 2484 1088 2520 circa
1118 2482 1266 2520 medias
1298 2482 1512 2521 anomalias
1550 2484 1806 2533 inspiciuntur
1837 2482 1913 2531 ob-¹

118 2544 223 2592 lique
254 2555 300 2581 ex
333 2547 463 2580 centro
497 2541 614 2592 Solis,
645 2551 745 2589 quae
777 2540 988 2588 obliquitas
1020 2541 1158 2578 minuit
1189 2542 1439 2590 apparentiae
1470 2541 1790 2590 magnitudinem,
1822 2551 1909 2578 cum
1973 2553 1978 2557 ·

117 2613 165 2640 ex
194 2600 360 2639 adverso
393 2611 503 2638 arcus
535 2600 635 2636 cirea
666 2598 822 2646 apsidas
855 2599 1048 2647 aspectui,
1080 2599 1189 2636 velut
1221 2601 1259 2636 in
1290 2597 1381 2637 Sole
1413 2600 1629 2647 collocato,
1672 2599 1912 2647 objiciantur

118 2664 233 2697 recte.
296 2657 460 2714 Quando
491 2658 608 2706 igitur
639 2657 902 2694 eccentricitas
935 2660 993 2692 est
1022 2656 1137 2694 valde
1169 2668 1329 2706 magna,
1364 2662 1455 2695 tunc
1485 2657 1719 2695 sensibiliter
1749 2661 1910 2695 nocetur

122 2717 359 2767 proportioni
391 2720 577 2763 motuum,
611 2715 643 2751 si
672 2718 818 2751 motum
849 2712 1017 2750 medium
1055 2713 1231 2752 diurnum
1269 2717 1350 2752 sine
1383 2715 1636 2753 diminutione
1667 2714 1908 2765 applicemus

121 2776 327 2813 distantiae
356 2774 560 2821 mediocri,
591 2773 705 2822 quasi
734 2773 768 2809 is
801 2782 847 2808 ex
878 2770 1061 2808 distantia
1091 2772 1274 2810 mediocri
1305 2778 1437 2811 tantus
1468 2777 1696 2823 appareret,
1740 2777 1907 2822 quantus

123 2838 191 2880 est,
223 2838 266 2871 ut
296 2832 394 2870 infra
425 2834 462 2869 in
493 2831 685 2869 Mercurio
723 2829 939 2879 apparebit.
1003 2828 1114 2867 Haec
1146 2833 1275 2868 omnia
1313 2832 1500 2880 prolixius
1530 2830 1732 2868 traduntur
1766 2832 1805 2867 in
1836 2831 1905 2898 Ep.

123 2891 547 2940 Astr.Cope1nicanae
578 2889 664 2927 Lib.
698 2888 756 2936 V,
799 2887 955 2925 suerunt
995 2892 1125 2925 autem
1164 2888 1226 2927 hic
1266 2891 1382 2927 etiam
1422 2889 1773 2936 commemoranda,
1815 2890 1908 2937 quia

123 2950 288 2987 attinent
316 2950 530 2998 ipsissimos
561 2948 743 2987 terminos
774 2945 1062 2983 harmoniarum
1094 2946 1341 2996 coelestium,
1372 2959 1440 2998 per
1468 2958 1510 2985 se
1542 2946 1715 2996 singulos
1746 2947 1906 2985 seorsim
1963 2960 1967 2965 ·

123 3005 396 3045 consideratos,

238 3063 423 3117 Septimo.
484 3062 526 3103 Si
556 3064 617 3102 cui
648 3064 745 3102 sorte
777 3064 979 3101 occurrant
1007 3061 1033 3098 ii
1065 3066 1192 3100 motus
1223 3061 1359 3111 diurni,
1392 3063 1456 3112 qui
1483 3073 1559 3100 non
1582 3065 1768 3112 apparent
1797 3061 1906 3101 velut
