1988 3276
84 99 137 139 88
669 91 726 126 De
747 79 960 137 Figurarum
983 89 1278 128 Harmonicarum

85 208 445 297 commensurabilggn
468 216 518 244 sc.
543 204 622 243 sola
645 206 823 252 potentia,
849 205 895 243 ad
919 206 1061 261 tertiam
1084 205 1256 253 aliquam,
1283 210 1361 249 sola
1383 211 1546 257 potent-ia
1567 211 1866 252 commensurabi-

82 267 155 304 lem
179 262 295 354 (1323.
309 262 383 352 εἶξε
414 264 515 358 bigas
540 311 674 358 duplici
703 321 832 358 genere
864 311 1051 358 planorum
1074 312 1262 351 distinctas
1285 316 1456 355 Euclides
1491 318 1536 354 ob
1570 319 1609 355 id
1642 317 1868 365 potissimum

87 374 193 411 docet
214 369 384 412 invenire,
410 366 494 413 quia
516 365 653 402 faciunt
676 365 722 401 ad
747 364 1041 410 compositionem
1058 369 1094 401 et
1110 368 1401 409 constitutionem
1418 372 1616 418 specierum
1633 372 1868 419 sequentium.

204 420 302 461 XX.
334 417 597 458 Definitio.
656 415 758 466 Ergo
789 416 974 455 scientiae
1005 415 1148 466 gradus
1179 423 1340 460 octavus
1370 433 1417 461 ex
1446 423 1667 474 praemissis
1696 423 1869 473 interpo-

87 483 173 523 sitis
219 480 414 519 derivatur
457 479 591 526 estque
637 474 827 513 linearum
866 474 1005 513 iterum
1040 475 1314 529 singularium,
1353 479 1423 520 sed
1458 493 1557 531 quae
1593 482 1870 535 compositione

90 542 253 581 duorum
281 536 494 584 nominum,
526 545 579 574 sc.
612 532 775 572 duarum
805 532 1073 583 copulatarum
1103 545 1151 574 ex
1179 538 1501 588 praecedentibus
1522 539 1682 592 copulis,
1713 539 1778 581 vel
1798 539 1871 582 ab..

90 599 298 640 stractione
328 596 463 644 unius,
495 592 797 645 epharmozusae
828 591 973 641 dictae,
1005 592 1055 631 ab
1086 592 1208 634 altera
1237 598 1359 647 socia,
1392 599 1697 648 constituuntur,
1728 610 1873 639 novam

91 658 261 710 speciem
291 655 490 695 facientes
532 649 587 691 Ut
617 652 673 691 sic
702 652 740 690 in
772 649 834 689 his
865 650 1031 690 sciamus
1062 662 1132 691 seu
1161 665 1427 696 mensuremus
1448 668 1526 697 non
1543 658 1714 708 integras
1734 658 1871 707 lineas,

89 729 167 757 non
198 717 435 765 integrarum
468 710 680 762 quadrata,
710 720 789 748 non
818 709 910 748 bina
938 710 1244 762 uniuscujusque
1272 716 1452 765 nomina,
1483 715 1552 756 sed
1583 727 1714 758 eorum
1739 716 1876 767 juncta

90 774 280 827 quadrata
309 775 348 812 et
379 781 580 811 commune
608 767 887 818 rectangulum,
918 772 961 807 ut
979 768 1298 820 praecedentibus
1317 773 1472 814 XVIII.
1494 774 1615 817 XIX.
1666 775 1714 814 Et
1735 786 1874 826 quam·-

90 836 151 874 vis
181 831 343 873 totidem
372 830 558 870 scientiae
588 827 730 879 gradus
760 838 962 866 numerare
990 839 1213 879 possemus,
1255 837 1350 881 quot
1389 837 1480 872 sunt
1520 834 1672 873 futurae
1711 834 1873 885 species,

93 902 267 944 quarum*
284 900 436 940 semper
464 888 570 939 prior
601 890 660 927 est
688 886 901 937 posteriore
932 886 1116 936 nobilior,
1149 889 1240 938 quia
1270 894 1399 931 tamen
1430 891 1627 944 quaelibet
1646 892 1873 943 compositio

90 952 156 992 vel
187 949 399 990 abstractio
431 946 482 986 ad
512 957 625 985 suum
654 943 817 996 gradum
846 946 1018 995 respicit,
1060 957 1132 985 nec
1166 948 1251 997 ipso
1282 951 1573 1001 compositionis
1604 950 1669 990 vel
1698 951 1876 990 abstrac-

92 1011 208 1049 tionis
241 1018 358 1059 opere
389 1005 636 1046 constituitur
666 1002 749 1042 ulla
779 1002 1000 1053 diversitas,
1045 1004 1115 1044 sed
1159 1016 1291 1046 omnes
1328 1019 1370 1048 se
1408 1009 1553 1049 habent
1593 1020 1641 1049 ex
1669 1019 1796 1060 aequo
1825 1007 1878 1050 ad

93 1081 185 1108 suas
214 1067 414 1107 nominum
444 1076 513 1104 seu
545 1063 823 1103 elementorum
851 1062 985 1113 bigas:
1028 1062 1116 1103 ideo
1155 1075 1275 1104 unum
1306 1066 1432 1106 solum
1462 1079 1594 1107 earum
1622 1067 1785 1119 gradum
1814 1067 1876 1109 fa·-

93 1129 248 1175 ciemus,
289 1124 358 1164 sed
388 1123 538 1175 species
568 1122 652 1173 ejus
683 1122 851 1161 sciamus
880 1120 1083 1161 nobilitate
1115 1121 1327 1173 distinctas.

210 1184 331 1225 XXI,
362 1182 677 1233 Propositio.
736 1178 944 1218 Sciendum
976 1183 1034 1219 est
1065 1185 1215 1232 autem,
1247 1193 1294 1222 ex
1325 1183 1476 1224 duabus
1506 1186 1605 1226 inter
1634 1196 1675 1225 se
1705 1184 1880 1235 longitu-

94 1245 183 1285 dine
215 1240 626 1284 commensurabilibus
657 1237 753 1277 nihil
782 1237 885 1287 fieri,
927 1238 1032 1289 quod
1069 1238 1132 1279 hic
1168 1241 1208 1279 in
1239 1252 1394 1283 censum
1426 1245 1559 1285 venire
1591 1243 1752 1285 debeat:
1795 1244 1878 1286 sive

93 1303 267 1344 affabiles
298 1301 388 1341 illae
418 1301 583 1348 fuerunt,
616 1300 700 1338 sive
731 1308 874 1345 mesae,
905 1298 989 1337 sive
1018 1298 1279 1348 ignobiliores.

208 1354 301 1395 Nam
326 1357 357 1393 si
381 1353 720 1392 commensurabiles
742 1352 981 1397 longitudine,
1017 1357 1095 1390 tota
1124 1354 1230 1390 etiam
1259 1365 1304 1392 ex
1334 1356 1378 1392 iis
1403 1357 1602 1403 composita
1625 1356 1694 1393 erit
1716 1356 1878 1404 partibus

93 1409 432 1449 commensurabilis.
481 1407 592 1453 Atqui
632 1416 725 1452 quae
760 1403 894 1441 effabili
929 1411 1250 1447 commensuratur,
1288 1407 1439 1445 effabilis
1465 1413 1536 1453 est,
1567 1419 1633 1455 per
1656 1409 1881 1446 definitiones

94 1468 178 1501 ante
200 1463 246 1499 X.
270 1463 329 1500 20.
355 1460 458 1498 Eucl.
506 1460 606 1504 Quae
630 1469 715 1495 vero
739 1468 859 1494 mesae
885 1459 1225 1507 commensurabilis,
1251 1465 1307 1497 est
1329 1472 1427 1498 mese
1450 1473 1515 1508 per
1538 1462 1594 1500 24.
1619 1462 1790 1507 eiusdem.
1830 1463 1881 1498 Et

94 1527 186 1564 quae
211 1516 339 1561 cuique
363 1524 408 1549 ex
428 1513 505 1558 Jam
528 1511 706 1548 secuturis
731 1509 971 1546 ineffabilibus
995 1516 1079 1556 post
1101 1523 1219 1549 mesas
1244 1514 1589 1558 commensurabilis,
1612 1515 1774 1560 ejusdem
1798 1525 1880 1552 cum

93 1572 156 1608 illa
181 1568 314 1615 speciei
338 1570 412 1609 est,
449 1575 515 1611 per
539 1564 694 1608 66-70,
733 1563 926 1600 103-107.
975 1565 1024 1601 Et
1055 1565 1106 1601 sic
1131 1570 1187 1602 est
1210 1566 1317 1604 etiam
1342 1578 1422 1603 cum
1447 1566 1526 1602 aliis
1549 1566 1742 1612 speciebus
1766 1577 1880 1604 remo-

93 1624 258 1667 tioribus,
283 1620 327 1657 ab
352 1618 503 1656 Euclide
526 1628 599 1653 non
624 1618 919 1662 commemoratis,
946 1629 1038 1663 quae
1062 1619 1194 1664 gradus
1218 1620 1427 1656 remotiores
1444 1618 1592 1655 faciunt.
1629 1619 1684 1655 Ac
1707 1618 1775 1655 etsi
1799 1629 1881 1658 cum.

93 1678 137 1715 iis
161 1686 234 1712 non
257 1674 308 1711 ita
330 1676 445 1715 esset,
480 1671 518 1707 id
541 1675 660 1707 tamen
685 1670 731 1706 ad
766 1681 832 1706 nos
857 1668 946 1705 nihil
981 1670 1147 1716 pertinet.
1194 1671 1268 1708 Aut
1292 1673 1386 1708 enim
1418 1673 1585 1709 recidunt
1607 1673 1645 1708 in
1669 1683 1777 1710 unam
1800 1682 1881 1718 spe-

96 1731 248 1773 cierum,
275 1736 365 1772 quas
383 1725 461 1771 ,iam
486 1723 743 1760 constituemus
768 1733 812 1758 ex
834 1723 1270 1768 incommensurabilibus,
1297 1729 1333 1761 et
1356 1726 1408 1762 sic
1430 1736 1503 1762 non
1528 1730 1661 1771 augent
1684 1736 1880 1771 numerum,

94 1786 158 1818 aut
181 1780 319 1818 faciunt
342 1778 481 1824 species
503 1776 734 1822 ignobiliores
758 1775 815 1812 vel
838 1775 895 1811 sui
918 1775 975 1812 vel
998 1775 1147 1812 alterius
1171 1777 1323 1824 generis,
1349 1782 1386 1814 et
1402 1778 1455 1815 sic
1477 1788 1550 1815 non
1566 1781 1651 1814 sunt
1666 1777 1775 1824 hujus
1799 1778 1880 1825 loci,

94 1835 158 1871 ubi
181 1834 313 1879 gradus
337 1831 506 1868 struimus
531 1829 735 1876 praemissis
759 1827 941 1874 proximos
965 1828 1163 1865 nobilitate.
1778 1829 1781 1832 ’

213 1882 356 1922 ΧΧΙΙ.
388 1880 664 1920 Definitio.
715 1878 978 1917 ·T1·ansmissis
1008 1880 1124 1930 igitur
1153 1880 1220 1930 iis,
1253 1892 1352 1931 quae
1383 1885 1472 1920 sunt
1500 1880 1741 1931 longitudine
1772 1891 1881 1920 com-

96 1940 395 1988 mensurabiles,
436 1938 667 1978 accedamus
707 1936 757 1977 ad
795 1948 879 1984 eas,
921 1948 1021 1987 quae
1059 1936 1144 1976 sola
1172 1941 1348 1989 potentia
1381 1944 1472 1978 sunt
1502 1939 1879 1979 commensurabiles,

95 2002 220 2053 Igitur
239 2001 272 2038 si
294 2001 574 2049 componantur
593 1996 691 2035 tales
713 1995 812 2035 duae
833 1995 1018 2044 affabiles,
1048 1995 1091 2036 fit
1110 1996 1406 2037 binominis:
1439 1999 1497 2037 sin
1518 1997 1800 2047 abstrahantur,
1834 2008 1883 2038 ex

96 2060 229 2099 relicto
261 2057 303 2096 fit
333 2060 592 2107 apotome:
623 2055 823 2104 utriusque
853 2065 921 2093 sex
951 2058 1041 2092 sunt
1070 2056 1219 2104 species
1249 2055 1523 2095 subordinatas
1553 2056 1623 2107 (X,
1657 2057 1722 2094 84.
1756 2053 1852 2108 85.).

213 2116 280 2156 Sin
311 2120 440 2156 autem
471 2115 569 2154 tales
602 2112 701 2155 duae
731 2124 860 2152 mesae
891 2118 1179 2164 componantur,
1213 2118 1280 2154 aut
1311 2114 1462 2154 effabile
1492 2114 1699 2153 formantes
1728 2119 1882 2154 rectan-

97 2174 232 2227 gulum
262 2180 331 2214 aut
350 2185 507 2214 meson:
539 2173 636 2212 fiunt
657 2172 934 2222 compositione
965 2170 1281 2223 bimediales‚
1313 2173 1572 2213 abstractione
1594 2184 1719 2214 meses
1741 2177 1883 2224 apoto-

96 2247 196 2285 mae,
228 2234 309 2273 illic
337 2235 495 2285 priores,
526 2232 589 2271 hic
619 2232 850 2282 posteriores
882 2231 1188 2280 cognominatae.
1710 2225 1717 2232 ’

211 2293 289 2332 Hic
320 2292 554 2342 conjungere
584 2301 661 2329 non
691 2289 783 2329 licet
813 2288 1004 2328 effabilem
1035 2299 1120 2328 cum
1150 2301 1274 2329 mese:
1306 2293 1395 2328 sunt
1416 2290 1516 2330 enim
1537 2289 1636 2329 tales
1657 2289 1756 2329 duae
1786 2290 1883 2328 sim-

97 2352 248 2405 pliciter
277 2348 695 2398 incommensurabiles,
727 2348 774 2388 de
805 2359 882 2399 quo
913 2359 1051 2398 genere
1077 2347 1160 2398 jam
1190 2349 1230 2386 in
1259 2349 1436 2398 sequenti
1465 2347 1657 2399 agendum
1688 2351 1758 2387 est.

213 2409 373 2448 XXIII.
405 2409 720 2459 Propositio.
779 2407 943 2446 Restant
973 2407 1089 2456 igitur
1118 2407 1234 2459 plane
1263 2407 1361 2446 inter
1391 2418 1431 2446 se
1461 2405 1880 2447 incommensurabiles.

98 2470 158 2508 Ex
189 2470 237 2508 iis
267 2479 360 2507 vero
391 2467 545 2518 aliquae
575 2467 689 2517 bigae
720 2467 927 2519 requisitos
966 2465 1122 2505 effectus
1161 2470 1357 2516 praestare
1387 2476 1464 2504 non
1494 2470 1680 2516 possunt,
1721 2468 1764 2503 ut
1793 2468 1885 2503 sunt

98 2529 213 2567 binae
245 2538 385 2573 mesae,
417 2528 510 2566 item
541 2537 619 2565 una
648 2537 753 2564 mese
784 2537 871 2564 cum
900 2536 978 2564 una
1007 2523 1163 2563 effabili.

213 2582 300 2618 Illae
324 2581 468 2628 quidem
491 2585 639 2627 propter
667 2580 771 2625 bigae
795 2579 1070 2626 ignobilitatem,
1102 2579 1194 2614 istae
1226 2588 1309 2614 vero
1341 2582 1490 2625 propter
1521 2588 1604 2616 suas
1636 2577 1883 2623 discrepantes

98 2641 255 2673 naturas.
302 2635 394 2671 Vide
417 2635 460 2671 X.
486 2634 542 2670 71.
570 2634 644 2670 108.
670 2634 748 2670 109.
774 2633 876 2669 Eucl.
924 2633 1035 2670 Nulla
1067 2632 1176 2677 igitur
1200 2631 1338 2678 species
1363 2631 1631 2678 compositionis
1654 2630 1738 2666 hinc
1760 2633 1884 2676 potest

99 2689 248 2735 arcessi,
273 2692 482 2733 restantque
505 2686 609 2723 nobis
633 2685 1034 2733 ignobilioremantum,
1060 2685 1214 2721 exclusis
1240 2689 1276 2721 et
1300 2684 1500 2721 effabilibus
1526 2689 1562 2720 et
1584 2683 1704 2719 mesis.

214 2748 372 2789 XXIV.
404 2748 708 2798 Propositio.
758 2746 816 2785 Ex
845 2747 937 2798 biga
967 2758 1058 2787 vero
1089 2748 1214 2797 prima
1242 2746 1378 2785 talium
1407 2746 1522 2797 plane
1553 2746 1883 2783 incommensura-

99 2806 249 2857 bilium‚
282 2819 335 2847 sc.
368 2818 470 2857 quae
500 2809 590 2844 sunt
618 2807 657 2843 in
687 2806 899 2855 praemissa
927 2805 1061 2844 XVII.
1093 2805 1248 2844 scibiles
1278 2805 1401 2855 gradu
1432 2806 1583 2855 quinto,
1616 2801 1883 2853 componendo

101 2865 410 2906 abstrahendove
441 2876 591 2903 rursum
621 2864 792 2903 nascitur
822 2863 1004 2913 effabilis3
1035 2868 1200 2913 suntque
1230 2864 1448 2902 necessario
1479 2861 1685 2900 binominis
1716 2865 1754 2900 et
1784 2870 1882 2910 apo-

100 2929 216 2973 tome,
238 2924 327 2964 vide
352 2923 406 2962 X.
434 2924 526 2962 112.
555 2923 647 2961 113.
675 2923 767 2960 114.
796 2921 980 2960 Euclidis.
1031 2920 1084 2961 Ut
1102 2923 1134 2960 si
1165 2925 1203 2961 et
1232 2933 1382 2961 summa
1412 2919 1685 2971 quadratorum
1714 2918 1882 2957 binomi-

102 2984 162 3021 nis
194 2986 232 3022 et
263 2987 484 3032 apotomes,
528 2984 566 3020 et
596 2991 797 3020 commune
827 2979 1094 3029 rectangulum
1133 2979 1209 3019 illis
1240 2985 1298 3020 est
1329 2978 1501 3027 effabile,
1543 2981 1694 3028 oportet
1723 2977 1882 3015 nomina

102 3040 259 3091 singula
289 3041 402 3079 unius
431 3039 653 3079 nominibus
683 3037 845 3089 singulis
875 3038 1032 3079 alterius
1067 3049 1151 3079 esse
1182 3037 1561 3086 commensurabilia,
1600 3034 1704 3088 quod
1732 3045 1810 3074 non
1838 3033 1882 3075 fit

102 3100 142 3139 in
172 3097 349 3148 omnibus
377 3097 639 3147 binominibus
670 3101 709 3138 et
738 3097 940 3151 apotomis.
