1994 3276
616 106 853 145 Harmonia
897 106 1009 145 Liber
1029 107 1106 145 m.
1133 107 1252 156 Caput
1273 108 1304 147 Ι.
1779 118 1861 158 135

171 225 438 273 Definitio.
497 225 655 267 chorda
690 226 756 267 hic
790 226 948 266 sumitur
982 237 1061 265 ιιοιι
1098 238 1170 278 pro
1208 227 1394 268 subtensa
1423 230 1530 269 arcui
1560 229 1712 280 circuli,
1747 237 1794 272 ut
1821 233 1863 272 in

55 279 290 336 geometria,
326 284 397 325 sed
424 296 494 336 pro
525 286 630 324 omni
658 283 918 335 longitudine,
958 295 1058 334 quae
1093 290 1188 336 apta
1228 291 1288 326 est
1324 286 1375 327 ad
1405 299 1543 327 sonum
1571 288 1784 340 edendnm
1822 296 1862 331 et

51 344 150 394 quia
175 353 293 382 sonus
321 355 389 395 per
415 348 565 382 motum
593 342 758 391 elicitur,
804 344 843 380 in
873 342 1070 382 abstracto
1107 342 1254 383 chorda
1283 344 1537 396 intelligenda
1566 351 1627 387 est
1654 347 1703 388 de
1730 347 1861 399 longi—

55 401 195 440 tudine
225 405 353 441 motus
389 402 668 453 cujuscunque.
706 399 772 440 vel
810 399 859 440 de
888 411 1112 452 quacunque
1152 401 1233 441 alia
1270 401 1537 454 longitudine,
1577 405 1696 447 etiam
1732 411 1862 447 mente

56 463 254 512 concepta.

52 558 56 559 γ
171 529 381 568 Axioma
408 527 441 567 1.
501 527 700 568 Diameter
737 527 869 567 circuli
905 532 946 567 et
980 527 1103 568 latera
1131 528 1342 580 figurarum
1370 530 1597 570 radicalium
1625 531 1694 572 lib.
1725 531 1758 572 1.
1789 544 1860 573 ex-

55 586 291 639 plicatu-um,
322 597 423 637 quae
451 588 645 638 propriam
671 585 819 625 habent
847 585 1233 637 demonstrationem,
1264 587 1522 628 determinant
1550 595 1698 641 partem
1727 591 1859 632 circuli

54 650 333 687 commutem
358 656 444 684 cum
473 649 557 684 toto
586 643 744 684 circulo.

164 699 355 745 Quomodo
378 699 534 735 circulus
558 699 658 735 tendi
679 698 806 745 possit,
830 702 872 734 ιιι
895 699 1052 736 sonitum
1075 700 1170 746 edat,
1193 706 1231 738 et
1247 701 1429 746 quomodo
1457 701 1661 747 affigendus
1677 713 1765 739 cavo
1782 714 1859 740 cor·

55 753 147 798 pori,
171 756 213 788 ιιι
236 751 442 788 resonantia
467 751 609 793 existat,
633 749 691 787 vel
714 751 760 787 ab
791 761 862 786 uno
887 750 1001 796 signo,
1025 756 1066 789 ιιι
1091 758 1192 788 totus
1216 759 1334 798 sonet,
1356 753 1413 790 vel
1437 765 1460 790 a
1484 754 1638 798 duobus,
1664 759 1706 790 ut
1728 760 1860 802 partes,

61 805 97 843 id
118 804 268 850 longum
288 803 349 841 hic
372 804 441 840 erit
464 803 665 850 explicare;
690 802 743 840 sic
768 807 887 839 tamen
911 804 1170 842 exordiendum
1194 805 1280 850 fuit,
1311 806 1396 851 quia
1418 817 1493 842 ιιοιι
1515 812 1657 843 tantum
1682 808 1728 844 de
1751 814 1859 846 cantu

56 857 184 904 agitur,
221 857 283 903 qui
304 860 361 894 est
383 855 572 893 harmonia
595 868 675 893 cum
699 857 796 892 sonis
820 862 1005 902 concreta,
1036 858 1102 894 sed
1125 859 1233 895 etiam
1257 859 1477 905 subintelligi
1502 859 1611 896 debet
1631 860 1858 898 intervallum

55 909 273 947 abstractum
306 920 329 946 a
350 909 458 953 sonis.
507 908 611 953 Quod
635 914 780 945 cantum
802 908 950 952 attinet,
990 909 1126 946 sufficit
1154 910 1326 946 chordam
1354 910 1391 947 in
1413 917 1555 948 rectum
1584 916 1771 948 extensam
1803 915 1855 950 sic

54 954 168 996 dividi
182 971 303 1007 posse,
327 965 369 997 ιιι
391 959 570 1004 dividitur,
592 971 674 997 cum
698 965 754 997 est
774 960 812 996 in
836 960 1008 996 cimulum
1031 967 1208 1007 contorta,
1232 973 1255 999 a
1277 962 1392 1000 latere
1415 964 1554 1009 figurae
1576 964 1797 1010 inscriptilis.

90 1014 97 1019 ’
166 1020 525 1062 Corollarium.
584 1021 872 1061 Cousonantiae
901 1021 1073 1061 infinitae
1103 1028 1209 1069 sunt,
1241 1025 1334 1073 quia
1363 1024 1505 1075 figurae
1535 1024 1857 1067 demonstrabiles

55 1079 239 1120 infinitae.
295 1078 476 1119 Nondum
505 1084 633 1118 autem
662 1084 722 1119 est
750 1085 900 1131 tempus
929 1079 1079 1118 dicendi
1111 1080 1159 1120 de
1190 1081 1547 1122 concordantiamm
1577 1083 1748 1133 delectu,
1790 1088 1856 1136 qui

54 1149 140 1177 sese
156 1148 236 1177 uon
255 1137 398 1188 profoet
417 1136 532 1176 valde
561 1148 687 1188 porro.
746 1137 1009 1189 Pythagoraei
1037 1138 1101 1177 hic
1119 1141 1159 1177 in
1179 1141 1344 1179 numeris
1364 1143 1455 1187 suis,
1486 1146 1530 1180 ιιι
1559 1143 1700 1191 causis,
1732 1155 1854 1194 quae-

53 1197 238 1235 siverunt
264 1200 387 1235 metas
430 1195 705 1245 magnitudinis
743 1195 1030 1235 intervallorum
1073 1208 1347 1246 consonorum,
1392 1210 1486 1249 quas
1522 1200 1631 1239 solus
1669 1200 1855 1241 humanus

52 1253 201 1293 auditus
230 1252 308 1291 illis
336 1252 440 1302 figit,
484 1254 667 1304 quinon
706 1259 765 1292 est
805 1254 977 1293 infinitae
1020 1256 1228 1306 potentiae.
1289 1256 1359 1295 Est
1402 1258 1517 1307 igitur
1546 1257 1616 1296 illa
1645 1261 1855 1299 coarctatio

53 1313 197 1351 numeri
239 1309 596 1350 concordantiarum
629 1311 860 1351 harmonicis
894 1311 1110 1351 intervallis
1148 1314 1353 1352 abstractis
1389 1319 1540 1355 tantum
1579 1316 1854 1366 accidentaria,

51 1381 128 1408 non
160 1381 250 1409 vero
280 1369 458 1408 causalis.
502 1369 582 1421 Ipsi
613 1371 729 1409 etiam
757 1369 933 1409 hodierni
962 1372 1097 1410 musici
1127 1378 1252 1411 metas
1279 1372 1561 1424 Pythagoricae
1590 1373 1854 1425 egrediuntur3

51 1432 95 1467 ut
124 1427 172 1467 de
199 1427 409 1466 harmoniis
438 1427 667 1467 coelestibus
692 1428 776 1478 jam
806 1433 969 1468 taceam.

165 1497 378 1537 Axioma
404 1497 456 1536 ΙΙ.
517 1496 601 1547 Quo
630 1497 751 1548 gradu
769 1496 901 1537 lateris
931 1497 1207 1538 demonstratio
1227 1498 1345 1538 distat
1365 1511 1390 1538 a
1409 1501 1544 1551 primo«,
1576 1499 1713 1540 eodem
1731 1502 1854 1552 gradu

53 1560 92 1596 et
119 1556 241 1607 partis
266 1554 420 1603 circuli,
461 1566 530 1606 per
558 1556 659 1594 latus
686 1556 896 1603 rescissae,
939 1558 1193 1596 consonantia
1222 1568 1307 1596 cum
1336 1563 1419 1596 toto
1458 1559 1599 1597 circulo
1630 1559 1773 1599 recedit
1803 1562 1855 1600 ab

0 1620 2 1622 ’
22 1625 34 1628 ‘
52 1615 202 1652 unisoni
232 1614 484 1653 consonantia
511 1613 800 1664 perfectissima,
821 1625 892 1653 seu
911 1625 1012 1663 quae
1034 1626 1118 1653 sors
1137 1620 1198 1653 est
1215 1614 1371 1664 figurae,
1401 1616 1506 1665 cujus
1525 1622 1586 1656 est
1613 1617 1726 1666 latus,
1756 1620 1861 1658 inter

52 1672 192 1721 figuras
221 1676 381 1718 ceteras,
411 1670 548 1710 eadem
576 1683 661 1710 sors
690 1677 750 1710 est
778 1673 1054 1711 consonantiae
1084 1672 1187 1710 illius
1214 1674 1314 1712 inter
1343 1678 1502 1712 ceteras.

167 1726 247 1763 Hoc
270 1725 413 1762 axioma
446 1726 595 1762 inferius
618 1726 852 1771 usurpabitur
880 1725 927 1761 ad
950 1725 1129 1762 delectum
1152 1726 1487 1764 concordantiarum
1516 1729 1723 1765 habendum
1746 1740 1858 1767 causa

53 1777 252 1814 suavitatis.

166 1837 369 1879 Axioma
396 1836 469 1876 111.
527 1836 671 1877 Latera
699 1838 906 1888 figurarum
934 1839 1166 1890 regularium
1195 1839 1468 1891 stellarumque
1497 1840 1856 1883 indemonstrabilia

53 1897 307 1938 determinant
334 1900 483 1947 partem
513 1896 642 1936 circuli
673 1895 937 1937 dissonantem
966 1910 991 1936 a
1021 1903 1103 1936 toto
1134 1897 1297 1948 circulo;
1339 1901 1397 1938 sic
1426 1902 1543 1939 etiam
1580 1899 1681 1940 latus
1709 1900 1853 1952 figurae

54 1947 350 1994 demonstrabile
382 1953 552 2003 quidem,
597 1953 666 1993 sed
695 1966 773 1993 non
812 1967 880 2006 per
920 1967 962 1995 se
992 1966 1063 1994 nec
1094 1955 1419 1997 demonstratione
1457 1959 1623 2009 propria.
1680 1957 1756 1998 Vel
1785 1970 1853 2011 pro

54 2011 202 2056 defectu
246 2011 582 2051 demonstrationis
622 2014 799 2063 propriae
841 2025 994 2053 accerse
1036 2025 1084 2053 ex
1122 2013 1190 2054 lib.
1232 2014 1285 2054 ΙΙ.
1327 2015 1517 2056 defectum
1556 2018 1852 2067 congruentiae·

53 2076 211 2121 utroque
238 2068 355 2118 modo
385 2069 596 2108 excluditur
625 2071 979 2121 quindecangulum.
1418 2099 1426 2111 s

162 2124 243 2160 Hoc
265 2124 406 2159 axioma
429 2123 589 2160 absolvet
612 2124 856 2184 integritatem
893 2135 1025 2163 causae
1050 2126 1403 2174 concordantia-rum,
1438 2139 1546 2175 quam
1570 2141 1636 2176 ego
1659 2131 1853 2179 substituo,

53 2175 252 2222 repudiatis
272 2175 602 2220 Pythagoraeorum
625 2178 782 2212 numeris
808 2177 1008 2214 abstractis.

196 2223 531 2264 Corollarium.
554 2226 806 2316 2Di3ssonant
846 2229 963 2279 igitur
992 2227 1068 2266 hae
1096 2233 1227 2279 partes
1314 2242 1339 2269 a
1368 2234 1453 2320 tzoto

475 2281 511 2685 »ν“ννθνββ

1035 2559 1068 2596 8.
1124 2587 1132 2594 .
1177 2576 1189 2594 1.
1237 2587 1245 2595 .
1293 2586 1302 2594 .

742 2678 750 2686 .
1020 2607 1806 2690 {§.''.'.}5830t=101n1nnn1mn.

170 2708 376 2748 Axioma
403 2709 474 2748 IV.
531 2710 714 2761 Figurae,
751 2724 855 2762 quae
895 2718 1080 2764 cognatas
1116 2713 1261 2753 habent
1297 2712 1642 2754 demonstrationes
1678 2713 1851 2764 laterum,

59 2767 212 2818 pariunt
240 2769 358 2806 etiam
388 2772 574 2816 cognatas
599 2768 832 2809 harmonias.

11 2823 15 2829 '
174 2821 244 2856 Per
260 2822 329 2857 hoc
342 2822 483 2857 axioma
497 2821 707 2866 probabitur
719 2824 818 2869 origo
835 2829 871 2860 et
883 2835 993 2861 causa
1004 2824 1276 2870 proportionum
1288 2824 1572 2861 harmonieamm
1594 2835 1640 2861 ex
1655 2823 1849 2870 superfluo.

21 2924 24 2925 ⁷
173 2882 376 2921 Axioma
405 2882 453 2920 V.
514 2881 690 2923 Chordae
717 2885 782 2923 vel
809 2897 919 2924 arcus
949 2886 1079 2925 circuli
1109 2886 1295 2924 tensionis
1323 2884 1507 2934 aequalis,
1537 2885 1724 2924 habentes
1752 2887 1851 2925 inter

60 2948 125 2986 se,
164 2950 281 2977 causa
309 2939 578 2989 longitudinis,
609 2940 770 2979 eandem
799 2944 1105 2993 proportionem,
1137 2954 1237 2992 quae
1268 2948 1326 2980 est
1356 2944 1455 2980 inter
1482 2948 1629 2993 partem
1659 2943 1723 2982 vel
1750 2945 1850 2982 resi-

28 3012 36 3016 ›
61 2992 178 3034 duum
207 2996 338 3034 circuli
368 3002 407 3036 et
434 3003 558 3036 totum
588 2998 793 3046 circulum,
834 3002 1124 3042 consonantiam
1154 3002 1270 3039 etiam
1298 2999 1362 3038 vel
1400 2999 1679 3040 dissonantiam
1705 3001 1850 3044 habent

63 3053 236 3102 candem,
263 3054 357 3093 licet
382 3055 481 3095 inter
510 3055 610 3094 alios
639 3057 821 3096 terminos
850 3058 915 3100 vel
942 3069 1060 3099 sonos
1089 3057 1158 3101 illa
1186 3057 1436 3099 contineatur.
