<?xml version="1.0" encoding="UTF-8"?>
<!DOCTYPE html PUBLIC "-//W3C//DTD XHTML 1.0 Transitional//EN"
    "http://www.w3.org/TR/xhtml1/DTD/xhtml1-transitional.dtd">
<html xmlns="http://www.w3.org/1999/xhtml" xml:lang="en" lang="en">
 <head>
  <title>
</title>
<meta http-equiv="Content-Type" content="text/html;charset=utf-8" />
  <meta name='ocr-system' content='tesseract 3.04.00' />
  <meta name='ocr-capabilities' content='ocr_page ocr_carea ocr_par ocr_line ocrx_word'/>
</head>
<body>
  <div class='ocr_page' id='page_1' title='image "./operaomniaedidit05kepluoft_0115.png"; bbox 0 0 1988 3276; ppageno 0'>
   <div class='ocr_carea' id='block_1_1' title="bbox 667 69 1827 136">
    <p class='ocr_par' dir='ltr' id='par_1_1' title="bbox 667 69 1827 136">
     <span class='ocr_line' id='line_1_1' title="bbox 667 69 1827 136; baseline 0.006 -7"><span class='ocrx_word' id='word_1_1' title='bbox 667 91 995 130; x_wconf 65' lang='lat' dir='ltr'>nmmum.</span> <span class='ocrx_word' id='word_1_2' title='bbox 1039 90 1152 128; x_wconf 67' lang='lat' dir='ltr'>mer</span> <span class='ocrx_word' id='word_1_3' title='bbox 1173 92 1203 127; x_wconf 89' lang='lat'><strong>1.</strong></span> <span class='ocrx_word' id='word_1_4' title='bbox 1608 69 1611 71; x_wconf 63' lang='grc'><strong>’</strong></span> <span class='ocrx_word' id='word_1_5' title='bbox 1747 97 1827 136; x_wconf 82' lang='lat'>103</span> 
     </span>
    </p>
   </div>
   <div class='ocr_carea' id='block_1_2' title="bbox 41 209 1828 436">
    <p class='ocr_par' dir='ltr' id='par_1_2' title="bbox 41 209 1828 436">
     <span class='ocr_line' id='line_1_2' title="bbox 41 209 1828 265; baseline -0.002 -12"><span class='ocrx_word' id='word_1_6' title='bbox 41 214 143 255; x_wconf 78' lang='lat' dir='ltr'>sieut</span> <span class='ocrx_word' id='word_1_7' title='bbox 169 213 294 265; x_wconf 45' lang='lat' dir='ltr'>pru</span> <span class='ocrx_word' id='word_1_8' title='bbox 322 216 385 255; x_wconf 71' lang='lat' dir='ltr'>est</span> <span class='ocrx_word' id='word_1_9' title='bbox 411 211 464 252; x_wconf 78' lang='lat' dir='ltr'>ad</span> <span class='ocrx_word' id='word_1_10' title='bbox 491 213 668 262; x_wconf 75' lang='lat' dir='ltr'>tertiam,</span> <span class='ocrx_word' id='word_1_11' title='bbox 696 209 871 251; x_wconf 76' lang='lat' dir='ltr'>secunda</span> <span class='ocrx_word' id='word_1_12' title='bbox 898 209 950 250; x_wconf 82' lang='lat' dir='ltr'>ad</span> <span class='ocrx_word' id='word_1_13' title='bbox 978 215 1177 260; x_wconf 84' lang='lat' dir='ltr'>quartam,</span> <span class='ocrx_word' id='word_1_14' title='bbox 1206 211 1266 250; x_wconf 89' lang='lat' dir='ltr'>sic</span> <span class='ocrx_word' id='word_1_15' title='bbox 1293 211 1346 250; x_wconf 89' lang='lat' dir='ltr'>sit</span> <span class='ocrx_word' id='word_1_16' title='bbox 1375 215 1415 251; x_wconf 87' lang='lat' dir='ltr'>et</span> <span class='ocrx_word' id='word_1_17' title='bbox 1442 210 1558 258; x_wconf 83' lang='lat' dir='ltr'>tertia</span> <span class='ocrx_word' id='word_1_18' title='bbox 1586 210 1637 250; x_wconf 86' lang='lat' dir='ltr'>ad</span> <span class='ocrx_word' id='word_1_19' title='bbox 1666 222 1828 262; x_wconf 87' lang='lat' dir='ltr'>compo-</span> 
     </span>
     <span class='ocr_line' id='line_1_3' title="bbox 41 268 1827 320; baseline 0 -10"><span class='ocrx_word' id='word_1_20' title='bbox 41 271 172 312; x_wconf 71' lang='lat' dir='ltr'>sitm</span> <span class='ocrx_word' id='word_1_21' title='bbox 182 280 238 313; x_wconf 58' lang='grc' dir='ltr'><strong><em>κ</em></strong></span> <span class='ocrx_word' id='word_1_22' title='bbox 262 272 380 312; x_wconf 61' lang='lat' dir='ltr'>uti·</span> <span class='ocrx_word' id='word_1_23' title='bbox 406 276 446 310; x_wconf 89' lang='lat' dir='ltr'>et</span> <span class='ocrx_word' id='word_1_24' title='bbox 486 276 642 320; x_wconf 76' lang='lat' dir='ltr'>quarta,</span> <span class='ocrx_word' id='word_1_25' title='bbox 683 281 786 320; x_wconf 86' lang='lat' dir='ltr'>quae</span> <span class='ocrx_word' id='word_1_26' title='bbox 815 270 1032 319; x_wconf 83' lang='lat' dir='ltr'>composita</span> <span class='ocrx_word' id='word_1_27' title='bbox 1065 269 1111 308; x_wconf 79' lang='lat' dir='ltr'>tit</span> <span class='ocrx_word' id='word_1_28' title='bbox 1147 279 1307 308; x_wconf 89' lang='lat' dir='ltr'>numero</span> <span class='ocrx_word' id='word_1_29' title='bbox 1348 270 1496 319; x_wconf 80' lang='lat' dir='ltr'>quinta.</span> <span class='ocrx_word' id='word_1_30' title='bbox 1555 268 1706 308; x_wconf 84' lang='lat' dir='ltr'>Horum</span> <span class='ocrx_word' id='word_1_31' title='bbox 1734 281 1827 310; x_wconf 85' lang='lat' dir='ltr'>vero</span> 
     </span>
     <span class='ocr_line' id='line_1_4' title="bbox 43 326 1828 377; baseline -0.001 -8"><span class='ocrx_word' id='word_1_32' title='bbox 43 339 217 372; x_wconf 66' lang='lat' dir='ltr'>usuu-</span> <span class='ocrx_word' id='word_1_33' title='bbox 221 334 338 370; x_wconf 59' lang='lat' dir='ltr'>nt</span> <span class='ocrx_word' id='word_1_34' title='bbox 347 329 511 376; x_wconf 85' lang='lat' dir='ltr'>infiniti,</span> <span class='ocrx_word' id='word_1_35' title='bbox 543 335 623 368; x_wconf 82' lang='lat' dir='ltr'>tam</span> <span class='ocrx_word' id='word_1_36' title='bbox 653 330 692 366; x_wconf 90' lang='lat' dir='ltr'>in</span> <span class='ocrx_word' id='word_1_37' title='bbox 722 329 896 366; x_wconf 84' lang='lat' dir='ltr'>terminis</span> <span class='ocrx_word' id='word_1_38' title='bbox 925 326 1340 367; x_wconf 73' lang='lat' dir='ltr'>commensurabilibus</span> <span class='ocrx_word' id='word_1_39' title='bbox 1370 339 1488 377; x_wconf 86' lang='lat' dir='ltr'>quam</span> <span class='ocrx_word' id='word_1_40' title='bbox 1515 328 1557 366; x_wconf 86' lang='lat' dir='ltr'>in</span> <span class='ocrx_word' id='word_1_41' title='bbox 1586 329 1828 367; x_wconf 88' lang='lat' dir='ltr'>incommen-</span> 
     </span>
     <span class='ocr_line' id='line_1_5' title="bbox 41 381 1824 436; baseline -0.002 -7"><span class='ocrx_word' id='word_1_42' title='bbox 41 381 298 435; x_wconf 57' lang='lat' dir='ltr'>stmu-</span> <span class='ocrx_word' id='word_1_43' title='bbox 337 386 392 427; x_wconf 72' lang='lat' dir='ltr'>Et</span> <span class='ocrx_word' id='word_1_44' title='bbox 416 388 645 427; x_wconf 73' lang='lat' dir='ltr'>nominatim</span> <span class='ocrx_word' id='word_1_45' title='bbox 673 385 1081 433; x_wconf 76' lang='lat' dir='ltr'>commensurabilium</span> <span class='ocrx_word' id='word_1_46' title='bbox 1107 386 1359 424; x_wconf 87' lang='lat' dir='ltr'>terminorum</span> <span class='ocrx_word' id='word_1_47' title='bbox 1389 396 1503 424; x_wconf 85' lang='lat' dir='ltr'>casus</span> <span class='ocrx_word' id='word_1_48' title='bbox 1532 385 1694 425; x_wconf 88' lang='lat' dir='ltr'>totidem</span> <span class='ocrx_word' id='word_1_49' title='bbox 1722 391 1824 436; x_wconf 88' lang='lat' dir='ltr'>sunt,</span> 
     </span>
    </p>
   </div>
   <div class='ocr_carea' id='block_1_3' title="bbox 43 442 1749 536">
    <p class='ocr_par' dir='ltr' id='par_1_3' title="bbox 43 442 1749 536">
     <span class='ocr_line' id='line_1_6' title="bbox 43 442 1749 536; baseline -0.001 -51"><span class='ocrx_word' id='word_1_50' title='bbox 43 449 141 495; x_wconf 44' lang='lat' dir='ltr'>qu*</span> <span class='ocrx_word' id='word_1_51' title='bbox 154 445 434 536; x_wconf 50' lang='lat' dir='ltr'>myrtinum</span> <span class='ocrx_word' id='word_1_52' title='bbox 465 442 1028 536; x_wconf 47' lang='lat' dir='ltr'>supgzpartioculges,esc1}iget</span> <span class='ocrx_word' id='word_1_53' title='bbox 1041 442 1363 534; x_wconf 49' lang='lat' dir='ltr'>2qqupqut¹idrati</span> <span class='ocrx_word' id='word_1_54' title='bbox 1391 445 1541 484; x_wconf 89' lang='lat' dir='ltr'>numeri</span> <span class='ocrx_word' id='word_1_55' title='bbox 1569 445 1749 495; x_wconf 86' lang='lat' dir='ltr'>impares.</span> 
     </span>
    </p>
   </div>
   <div class='ocr_carea' id='block_1_4' title="bbox 41 544 1360 827">
    <p class='ocr_par' dir='ltr' id='par_1_4' title="bbox 548 544 1275 583">
     <span class='ocr_line' id='line_1_7' title="bbox 548 544 1275 583; baseline -0.001 -2"><span class='ocrx_word' id='word_1_56' title='bbox 548 548 601 581; x_wconf 79' lang='lat' dir='ltr'>vel</span> <span class='ocrx_word' id='word_1_57' title='bbox 645 545 887 583; x_wconf 75' lang='lat'><strong>25-15.</strong></span> <span class='ocrx_word' id='word_1_58' title='bbox 1041 545 1074 582; x_wconf 86' lang='grc'>6.</span> <span class='ocrx_word' id='word_1_59' title='bbox 1241 544 1275 580; x_wconf 85' lang='grc'>4.</span> 
     </span>
    </p>

    <p class='ocr_par' dir='ltr' id='par_1_5' title="bbox 547 591 1272 628">
     <span class='ocr_line' id='line_1_8' title="bbox 547 591 1272 628; baseline 0.001 -2"><span class='ocrx_word' id='word_1_60' title='bbox 547 594 600 627; x_wconf 76' lang='lat' dir='ltr'>vol</span> <span class='ocrx_word' id='word_1_61' title='bbox 644 591 700 628; x_wconf 93' lang='grc'>49.</span> <span class='ocrx_word' id='word_1_62' title='bbox 829 591 886 627; x_wconf 87' lang='grc'>28.</span> <span class='ocrx_word' id='word_1_63' title='bbox 1019 591 1075 628; x_wconf 83' lang='grc'>32.</span> <span class='ocrx_word' id='word_1_64' title='bbox 1238 591 1272 627; x_wconf 90' lang='grc'>9.</span> 
     </span>
    </p>

    <p class='ocr_par' dir='ltr' id='par_1_6' title="bbox 547 638 1274 676">
     <span class='ocr_line' id='line_1_9' title="bbox 547 638 1274 676; baseline 0 -4"><span class='ocrx_word' id='word_1_65' title='bbox 547 640 601 673; x_wconf 76' lang='lat' dir='ltr'>vel</span> <span class='ocrx_word' id='word_1_66' title='bbox 645 639 702 676; x_wconf 90' lang='grc'>81.</span> <span class='ocrx_word' id='word_1_67' title='bbox 831 638 887 674; x_wconf 88' lang='grc'>45.</span> <span class='ocrx_word' id='word_1_68' title='bbox 1021 638 1078 674; x_wconf 85' lang='grc'>20.</span> <span class='ocrx_word' id='word_1_69' title='bbox 1219 638 1274 674; x_wconf 85' lang='grc'>16.</span> 
     </span>
    </p>

    <p class='ocr_par' dir='ltr' id='par_1_7' title="bbox 41 684 1357 790">
     <span class='ocr_line' id='line_1_10' title="bbox 548 684 1357 722; baseline 0 -4"><span class='ocrx_word' id='word_1_70' title='bbox 548 687 600 719; x_wconf 83' lang='lat' dir='ltr'>vel</span> <span class='ocrx_word' id='word_1_71' title='bbox 624 686 704 722; x_wconf 83' lang='lat'><strong>121.</strong></span> <span class='ocrx_word' id='word_1_72' title='bbox 834 685 891 720; x_wconf 89' lang='lat'>66.</span> <span class='ocrx_word' id='word_1_73' title='bbox 1022 685 1077 721; x_wconf 88' lang='grc'>30.</span> <span class='ocrx_word' id='word_1_74' title='bbox 1217 684 1273 720; x_wconf 83' lang='lat'>25.</span> <span class='ocrx_word' id='word_1_75' title='bbox 1297 690 1357 718; x_wconf 83' lang='lat' dir='ltr'>etc.</span> 
     </span>
     <span class='ocr_line' id='line_1_11' title="bbox 41 743 1275 798; baseline 0.001 -21"><span class='ocrx_word' id='word_1_76' title='bbox 41 749 75 778; x_wconf 76' lang='lat' dir='ltr'>ot</span> <span class='ocrx_word' id='word_1_77' title='bbox 94 748 179 798; x_wconf 75' lang='lat' dir='ltr'>quot</span> <span class='ocrx_word' id='word_1_78' title='bbox 196 747 474 796; x_wconf 59' lang='lat' dir='ltr'>strepa-ruentes</span> <span class='ocrx_word' id='word_1_79' title='bbox 647 744 704 780; x_wconf 86' lang='grc'>49.</span> <span class='ocrx_word' id='word_1_80' title='bbox 834 743 892 778; x_wconf 79' lang='grc'>35.</span> <span class='ocrx_word' id='word_1_81' title='bbox 1028 744 1080 779; x_wconf 87' lang='lat' dir='ltr'>to.</span> <span class='ocrx_word' id='word_1_82' title='bbox 1240 743 1275 778; x_wconf 82' lang='lat'><strong>4.</strong></span> 
     </span>
    </p>

    <p class='ocr_par' dir='ltr' id='par_1_8' title="bbox 547 789 1360 827">
     <span class='ocr_line' id='line_1_12' title="bbox 547 789 1360 827; baseline -0.002 -3"><span class='ocrx_word' id='word_1_83' title='bbox 547 793 599 824; x_wconf 82' lang='lat' dir='ltr'>vel</span> <span class='ocrx_word' id='word_1_84' title='bbox 647 790 703 827; x_wconf 71' lang='lat'><strong>64.</strong></span> <span class='ocrx_word' id='word_1_85' title='bbox 831 791 888 826; x_wconf 84' lang='grc'>40.</span> <span class='ocrx_word' id='word_1_86' title='bbox 1022 790 1076 826; x_wconf 83' lang='grc'>15.</span> <span class='ocrx_word' id='word_1_87' title='bbox 1239 789 1272 826; x_wconf 88' lang='grc'>9.</span> <span class='ocrx_word' id='word_1_88' title='bbox 1297 794 1360 823; x_wconf 83' lang='lat' dir='ltr'>etc.</span> 
     </span>
    </p>
   </div>
   <div class='ocr_carea' id='block_1_5' title="bbox 40 824 1825 946">
    <p class='ocr_par' dir='ltr' id='par_1_9' title="bbox 40 824 1825 945">
     <span class='ocr_line' id='line_1_13' title="bbox 40 824 1825 896; baseline 0.001 -14"><span class='ocrx_word' id='word_1_89' title='bbox 40 849 124 887; x_wconf 66' lang='lat' dir='ltr'>Nan</span> <span class='ocrx_word' id='word_1_90' title='bbox 143 852 184 896; x_wconf 55' lang='grc' dir='ltr'><strong><em>β</em></strong></span> <span class='ocrx_word' id='word_1_91' title='bbox 199 847 250 886; x_wconf 96' lang='grc'>15</span> <span class='ocrx_word' id='word_1_92' title='bbox 274 827 320 884; x_wconf 69' lang='lat' dir='ltr'>ad</span> <span class='ocrx_word' id='word_1_93' title='bbox 341 847 380 894; x_wconf 90' lang='lat'><strong>9,</strong></span> <span class='ocrx_word' id='word_1_94' title='bbox 412 824 462 884; x_wconf 77' lang='lat' dir='ltr'>sic</span> <span class='ocrx_word' id='word_1_95' title='bbox 483 849 531 889; x_wconf 87' lang='grc'>40</span> <span class='ocrx_word' id='word_1_96' title='bbox 550 838 1474 893; x_wconf 50' lang='lat' dir='ltr'>amm-Um&amp;</span> <span class='ocrx_word' id='word_1_97' title='bbox 1499 848 1560 891; x_wconf 93' lang='grc'>15,</span> <span class='ocrx_word' id='word_1_98' title='bbox 1592 851 1640 882; x_wconf 74' lang='lat' dir='ltr'>sic</span> <span class='ocrx_word' id='word_1_99' title='bbox 1663 848 1708 884; x_wconf 78' lang='lat'>64</span> <span class='ocrx_word' id='word_1_100' title='bbox 1733 850 1825 893; x_wconf 87' lang='lat' dir='ltr'>(con-</span> 
     </span>
     <span class='ocr_line' id='line_1_14' title="bbox 41 895 1089 946; baseline -0.002 -13"><span class='ocrx_word' id='word_1_101' title='bbox 41 898 148 946; x_wconf 97' lang='grc'>31818</span> <span class='ocrx_word' id='word_1_102' title='bbox 154 905 196 933; x_wconf 62' lang='lat' dir='ltr'>u</span> <span class='ocrx_word' id='word_1_103' title='bbox 219 895 350 938; x_wconf 78' lang='grc'>40,15</span> <span class='ocrx_word' id='word_1_104' title='bbox 375 901 409 929; x_wconf 84' lang='lat' dir='ltr'>et</span> <span class='ocrx_word' id='word_1_105' title='bbox 431 895 465 941; x_wconf 86' lang='lat'>9)</span> <span class='ocrx_word' id='word_1_106' title='bbox 489 897 533 929; x_wconf 73' lang='lat' dir='ltr'>ad</span> <span class='ocrx_word' id='word_1_107' title='bbox 555 895 600 931; x_wconf 84' lang='grc'>24</span> <span class='ocrx_word' id='word_1_108' title='bbox 625 898 843 939; x_wconf 85' lang='lat' dir='ltr'>compositum</span> <span class='ocrx_word' id='word_1_109' title='bbox 867 907 908 928; x_wconf 84' lang='lat' dir='ltr'>ex</span> <span class='ocrx_word' id='word_1_110' title='bbox 935 896 975 931; x_wconf 82' lang='lat'>15</span> <span class='ocrx_word' id='word_1_111' title='bbox 1002 900 1034 928; x_wconf 83' lang='lat' dir='ltr'>et</span> <span class='ocrx_word' id='word_1_112' title='bbox 1058 895 1089 931; x_wconf 97' lang='grc'>9.</span> 
     </span>
    </p>
   </div>
   <div class='ocr_carea' id='block_1_6' title="bbox 0 952 1833 3096">
    <p class='ocr_par' dir='ltr' id='par_1_10' title="bbox 41 952 1831 1936">
     <span class='ocr_line' id='line_1_15' title="bbox 155 952 1827 1006; baseline 0 -11"><span class='ocrx_word' id='word_1_113' title='bbox 155 952 260 995; x_wconf 72' lang='grc' dir='ltr'>Εοω</span> <span class='ocrx_word' id='word_1_114' title='bbox 289 966 531 997; x_wconf 82' lang='lat' dir='ltr'>communem</span> <span class='ocrx_word' id='word_1_115' title='bbox 560 956 803 995; x_wconf 80' lang='lat' dir='ltr'>affectionem</span> <span class='ocrx_word' id='word_1_116' title='bbox 838 955 1045 995; x_wconf 82' lang='lat' dir='ltr'>multarum</span> <span class='ocrx_word' id='word_1_117' title='bbox 1081 956 1394 1006; x_wconf 85' lang='lat' dir='ltr'>proportionum,</span> <span class='ocrx_word' id='word_1_118' title='bbox 1436 966 1537 1005; x_wconf 88' lang='lat' dir='ltr'>quae</span> <span class='ocrx_word' id='word_1_119' title='bbox 1575 956 1827 995; x_wconf 89' lang='lat' dir='ltr'>constitutum</span> 
     </span>
     <span class='ocr_line' id='line_1_16' title="bbox 41 1010 1829 1064; baseline 0.001 -12"><span class='ocrx_word' id='word_1_120' title='bbox 41 1010 199 1064; x_wconf 75' lang='lat' dir='ltr'>qnidam</span> <span class='ocrx_word' id='word_1_121' title='bbox 225 1013 497 1064; x_wconf 79' lang='lat' dir='ltr'>septangulum</span> <span class='ocrx_word' id='word_1_122' title='bbox 525 1016 743 1054; x_wconf 85' lang='lat' dir='ltr'>necessario</span> <span class='ocrx_word' id='word_1_123' title='bbox 772 1015 1031 1064; x_wconf 85' lang='lat' dir='ltr'>consequitur,</span> <span class='ocrx_word' id='word_1_124' title='bbox 1070 1013 1139 1052; x_wconf 91' lang='lat' dir='ltr'>sed</span> <span class='ocrx_word' id='word_1_125' title='bbox 1169 1025 1215 1052; x_wconf 77' lang='lat' dir='ltr'>ex</span> <span class='ocrx_word' id='word_1_126' title='bbox 1247 1026 1326 1063; x_wconf 89' lang='lat' dir='ltr'>qua</span> <span class='ocrx_word' id='word_1_127' title='bbox 1353 1013 1440 1052; x_wconf 88' lang='lat' dir='ltr'>sola</span> <span class='ocrx_word' id='word_1_128' title='bbox 1471 1012 1563 1053; x_wconf 90' lang='lat' dir='ltr'>data</span> <span class='ocrx_word' id='word_1_129' title='bbox 1593 1014 1829 1064; x_wconf 88' lang='lat' dir='ltr'>triangulum</span> 
     </span>
     <span class='ocr_line' id='line_1_17' title="bbox 41 1070 1830 1122; baseline 0 -11"><span class='ocrx_word' id='word_1_130' title='bbox 41 1070 318 1122; x_wconf 44' lang='lat' dir='ltr'>exungulata</span> <span class='ocrx_word' id='word_1_131' title='bbox 357 1074 453 1111; x_wconf 82' lang='lat' dir='ltr'>strui</span> <span class='ocrx_word' id='word_1_132' title='bbox 495 1070 670 1122; x_wconf 57' lang='lat' dir='ltr'>nequit-⁸</span> <span class='ocrx_word' id='word_1_133' title='bbox 702 1072 852 1121; x_wconf 80' lang='lat' dir='ltr'>Causa,</span> <span class='ocrx_word' id='word_1_134' title='bbox 896 1083 963 1110; x_wconf 87' lang='lat' dir='ltr'>cur</span> <span class='ocrx_word' id='word_1_135' title='bbox 1002 1074 1043 1110; x_wconf 90' lang='lat' dir='ltr'>in</span> <span class='ocrx_word' id='word_1_136' title='bbox 1072 1077 1294 1122; x_wconf 89' lang='lat' dir='ltr'>pentagono</span> <span class='ocrx_word' id='word_1_137' title='bbox 1333 1073 1532 1122; x_wconf 87' lang='lat' dir='ltr'>proportio</span> <span class='ocrx_word' id='word_1_138' title='bbox 1562 1071 1695 1111; x_wconf 88' lang='lat' dir='ltr'>lateris</span> <span class='ocrx_word' id='word_1_139' title='bbox 1724 1078 1830 1112; x_wconf 85' lang='lat' dir='ltr'>certa</span> 
     </span>
     <span class='ocr_line' id='line_1_18' title="bbox 41 1129 1827 1181; baseline 0.001 -13"><span class='ocrx_word' id='word_1_140' title='bbox 41 1129 288 1180; x_wconf 62' lang='lat' dir='ltr'>pandecten</span> <span class='ocrx_word' id='word_1_141' title='bbox 316 1130 483 1181; x_wconf 68' lang='lat' dir='ltr'>ungulis,</span> <span class='ocrx_word' id='word_1_142' title='bbox 516 1132 767 1170; x_wconf 82' lang='lat' dir='ltr'>etiamextra</span> <span class='ocrx_word' id='word_1_143' title='bbox 797 1130 993 1177; x_wconf 87' lang='lat' dir='ltr'>circulum,</span> <span class='ocrx_word' id='word_1_144' title='bbox 1026 1132 1064 1168; x_wconf 90' lang='lat' dir='ltr'>in</span> <span class='ocrx_word' id='word_1_145' title='bbox 1085 1130 1308 1180; x_wconf 86' lang='lat' dir='ltr'>heptagono</span> <span class='ocrx_word' id='word_1_146' title='bbox 1340 1136 1379 1169; x_wconf 92' lang='lat' dir='ltr'>et</span> <span class='ocrx_word' id='word_1_147' title='bbox 1406 1129 1564 1179; x_wconf 88' lang='lat' dir='ltr'>reliquis</span> <span class='ocrx_word' id='word_1_148' title='bbox 1584 1130 1728 1169; x_wconf 87' lang='lat' dir='ltr'>talibus</span> <span class='ocrx_word' id='word_1_149' title='bbox 1749 1142 1827 1170; x_wconf 91' lang='lat' dir='ltr'>nou</span> 
     </span>
     <span class='ocr_line' id='line_1_19' title="bbox 42 1187 1825 1239; baseline 0.001 -13"><span class='ocrx_word' id='word_1_150' title='bbox 42 1189 157 1235; x_wconf 64' lang='lat' dir='ltr'>itan,-</span> <span class='ocrx_word' id='word_1_151' title='bbox 175 1187 291 1227; x_wconf 66' lang='lat' dir='ltr'>facile</span> <span class='ocrx_word' id='word_1_152' title='bbox 317 1199 368 1227; x_wconf 85' lang='lat' dir='ltr'>ex</span> <span class='ocrx_word' id='word_1_153' title='bbox 398 1188 512 1227; x_wconf 83' lang='lat' dir='ltr'>dictis</span> <span class='ocrx_word' id='word_1_154' title='bbox 540 1193 660 1239; x_wconf 89' lang='lat' dir='ltr'>patet.</span> <span class='ocrx_word' id='word_1_155' title='bbox 721 1189 766 1227; x_wconf 89' lang='lat' dir='ltr'>In</span> <span class='ocrx_word' id='word_1_156' title='bbox 795 1189 1055 1239; x_wconf 90' lang='lat' dir='ltr'>pentagonico</span> <span class='ocrx_word' id='word_1_157' title='bbox 1086 1187 1282 1238; x_wconf 86' lang='lat' dir='ltr'>triangulo</span> <span class='ocrx_word' id='word_1_158' title='bbox 1303 1188 1410 1227; x_wconf 85' lang='lat' dir='ltr'>BFK</span> <span class='ocrx_word' id='word_1_159' title='bbox 1440 1188 1523 1237; x_wconf 85' lang='lat' dir='ltr'><strong>(fig.</strong></span> <span class='ocrx_word' id='word_1_160' title='bbox 1552 1187 1632 1235; x_wconf 84' lang='lat'><strong>14.)</strong></span> <span class='ocrx_word' id='word_1_161' title='bbox 1663 1200 1732 1239; x_wconf 89' lang='lat' dir='ltr'>per</span> <span class='ocrx_word' id='word_1_162' title='bbox 1762 1189 1825 1227; x_wconf 87' lang='lat' dir='ltr'>bi-</span> 
     </span>
     <span class='ocr_line' id='line_1_20' title="bbox 41 1245 1828 1299; baseline -0.001 -13"><span class='ocrx_word' id='word_1_163' title='bbox 41 1246 254 1286; x_wconf 81' lang='lat' dir='ltr'>seetionem</span> <span class='ocrx_word' id='word_1_164' title='bbox 282 1245 390 1285; x_wconf 85' lang='lat' dir='ltr'>BKF</span> <span class='ocrx_word' id='word_1_165' title='bbox 419 1246 553 1297; x_wconf 87' lang='lat' dir='ltr'>anguli</span> <span class='ocrx_word' id='word_1_166' title='bbox 584 1247 714 1285; x_wconf 88' lang='lat' dir='ltr'>statim</span> <span class='ocrx_word' id='word_1_167' title='bbox 747 1248 898 1286; x_wconf 86' lang='lat' dir='ltr'>venitur</span> <span class='ocrx_word' id='word_1_168' title='bbox 934 1246 984 1285; x_wconf 90' lang='lat' dir='ltr'>ad</span> <span class='ocrx_word' id='word_1_169' title='bbox 1014 1248 1243 1299; x_wconf 74' lang='lat' dir='ltr'>aequiorum</span> <span class='ocrx_word' id='word_1_170' title='bbox 1273 1245 1382 1285; x_wconf 87' lang='lat' dir='ltr'>BKT</span> <span class='ocrx_word' id='word_1_171' title='bbox 1413 1252 1452 1285; x_wconf 89' lang='lat' dir='ltr'>et</span> <span class='ocrx_word' id='word_1_172' title='bbox 1481 1245 1602 1294; x_wconf 86' lang='lat' dir='ltr'>KTF,</span> <span class='ocrx_word' id='word_1_173' title='bbox 1634 1246 1711 1285; x_wconf 91' lang='lat' dir='ltr'>duo</span> <span class='ocrx_word' id='word_1_174' title='bbox 1743 1247 1828 1297; x_wconf 90' lang='lat' dir='ltr'>ejus</span> 
     </span>
     <span class='ocr_line' id='line_1_21' title="bbox 42 1302 1826 1355; baseline 0 -12"><span class='ocrx_word' id='word_1_175' title='bbox 42 1302 247 1354; x_wconf 72' lang='lat' dir='ltr'>elementa,</span> <span class='ocrx_word' id='word_1_176' title='bbox 275 1306 525 1355; x_wconf 83' lang='lat' dir='ltr'>sequiturque</span> <span class='ocrx_word' id='word_1_177' title='bbox 554 1303 739 1354; x_wconf 82' lang='lat' dir='ltr'>aequales</span> <span class='ocrx_word' id='word_1_178' title='bbox 770 1316 903 1344; x_wconf 91' lang='lat' dir='ltr'>eorum</span> <span class='ocrx_word' id='word_1_179' title='bbox 940 1304 1105 1354; x_wconf 87' lang='lat' dir='ltr'>angulos</span> <span class='ocrx_word' id='word_1_180' title='bbox 1127 1303 1246 1353; x_wconf 86' lang='lat' dir='ltr'>BFK,</span> <span class='ocrx_word' id='word_1_181' title='bbox 1278 1303 1385 1342; x_wconf 87' lang='lat' dir='ltr'>BKT</span> <span class='ocrx_word' id='word_1_182' title='bbox 1416 1303 1632 1354; x_wconf 82' lang='lat' dir='ltr'>aequalitas</span> <span class='ocrx_word' id='word_1_183' title='bbox 1662 1305 1826 1343; x_wconf 88' lang='lat' dir='ltr'>laterum</span> 
     </span>
     <span class='ocr_line' id='line_1_22' title="bbox 42 1358 1826 1414; baseline 0 -13"><span class='ocrx_word' id='word_1_184' title='bbox 42 1360 128 1410; x_wconf 75' lang='lat' dir='ltr'>RK,</span> <span class='ocrx_word' id='word_1_185' title='bbox 157 1358 245 1411; x_wconf 74' lang='grc' dir='ltr'>ΚΤ,</span> <span class='ocrx_word' id='word_1_186' title='bbox 274 1361 363 1411; x_wconf 77' lang='lat' dir='ltr'>&#39;rF3</span> <span class='ocrx_word' id='word_1_187' title='bbox 405 1368 446 1401; x_wconf 87' lang='lat' dir='ltr'>at</span> <span class='ocrx_word' id='word_1_188' title='bbox 484 1364 522 1400; x_wconf 90' lang='lat' dir='ltr'>in</span> <span class='ocrx_word' id='word_1_189' title='bbox 561 1362 819 1413; x_wconf 83' lang='lat' dir='ltr'>heptagouico</span> <span class='ocrx_word' id='word_1_190' title='bbox 855 1374 924 1414; x_wconf 88' lang='lat' dir='ltr'>per</span> <span class='ocrx_word' id='word_1_191' title='bbox 953 1364 1213 1402; x_wconf 88' lang='lat' dir='ltr'>trisectiouem</span> <span class='ocrx_word' id='word_1_192' title='bbox 1242 1362 1377 1412; x_wconf 88' lang='lat' dir='ltr'>anguli</span> <span class='ocrx_word' id='word_1_193' title='bbox 1411 1364 1486 1401; x_wconf 91' lang='lat' dir='ltr'>tria</span> <span class='ocrx_word' id='word_1_194' title='bbox 1514 1362 1612 1400; x_wconf 89' lang='lat' dir='ltr'>fiunt</span> <span class='ocrx_word' id='word_1_195' title='bbox 1643 1363 1826 1413; x_wconf 86' lang='lat' dir='ltr'>trianguli</span> 
     </span>
     <span class='ocr_line' id='line_1_23' title="bbox 42 1415 1827 1474; baseline 0 -14"><span class='ocrx_word' id='word_1_196' title='bbox 42 1415 243 1468; x_wconf 74' lang='lat' dir='ltr'>elementa,</span> <span class='ocrx_word' id='word_1_197' title='bbox 274 1418 352 1458; x_wconf 93' lang='lat' dir='ltr'>duo</span> <span class='ocrx_word' id='word_1_198' title='bbox 371 1421 596 1470; x_wconf 88' lang='lat' dir='ltr'>aequicrura</span> <span class='ocrx_word' id='word_1_199' title='bbox 616 1420 808 1470; x_wconf 90' lang='lat' dir='ltr'>triangula</span> <span class='ocrx_word' id='word_1_200' title='bbox 829 1421 928 1469; x_wconf 78' lang='lat' dir='ltr'>Bm,</span> <span class='ocrx_word' id='word_1_201' title='bbox 961 1421 1065 1459; x_wconf 85' lang='lat' dir='ltr'>KEF</span> <span class='ocrx_word' id='word_1_202' title='bbox 1096 1426 1135 1460; x_wconf 87' lang='lat' dir='ltr'>et</span> <span class='ocrx_word' id='word_1_203' title='bbox 1164 1433 1283 1459; x_wconf 92' lang='lat' dir='ltr'>unum</span> <span class='ocrx_word' id='word_1_204' title='bbox 1304 1420 1488 1460; x_wconf 85' lang='lat' dir='ltr'>scalenon</span> <span class='ocrx_word' id='word_1_205' title='bbox 1518 1420 1611 1459; x_wconf 87' lang='lat' dir='ltr'>IEK</span> <span class='ocrx_word' id='word_1_206' title='bbox 1634 1417 1708 1474; x_wconf 86' lang='lat' dir='ltr'>(fig</span> <span class='ocrx_word' id='word_1_207' title='bbox 1732 1419 1827 1474; x_wconf 84' lang='lat'><strong>16);</strong></span> 
     </span>
     <span class='ocr_line' id='line_1_24' title="bbox 42 1478 1828 1530; baseline 0 -12"><span class='ocrx_word' id='word_1_208' title='bbox 42 1489 170 1529; x_wconf 80' lang='lat' dir='ltr'>neque</span> <span class='ocrx_word' id='word_1_209' title='bbox 185 1479 359 1528; x_wconf 73' lang='lat' dir='ltr'>requitur</span> <span class='ocrx_word' id='word_1_210' title='bbox 386 1479 427 1516; x_wconf 91' lang='lat' dir='ltr'>in</span> <span class='ocrx_word' id='word_1_211' title='bbox 455 1490 503 1518; x_wconf 91' lang='lat' dir='ltr'>eo</span> <span class='ocrx_word' id='word_1_212' title='bbox 531 1481 815 1530; x_wconf 84' lang='lat' dir='ltr'>proportionem</span> <span class='ocrx_word' id='word_1_213' title='bbox 846 1478 1076 1530; x_wconf 87' lang='lat' dir='ltr'>angulorum</span> <span class='ocrx_word' id='word_1_214' title='bbox 1103 1480 1302 1529; x_wconf 84' lang='lat' dir='ltr'>proportio</span> <span class='ocrx_word' id='word_1_215' title='bbox 1323 1479 1499 1526; x_wconf 88' lang='lat' dir='ltr'>laterum,</span> <span class='ocrx_word' id='word_1_216' title='bbox 1530 1483 1574 1517; x_wconf 84' lang='lat' dir='ltr'>ut</span> <span class='ocrx_word' id='word_1_217' title='bbox 1603 1485 1739 1518; x_wconf 88' lang='lat' dir='ltr'>notum</span> <span class='ocrx_word' id='word_1_218' title='bbox 1769 1485 1828 1518; x_wconf 89' lang='lat' dir='ltr'>est</span> 
     </span>
     <span class='ocr_line' id='line_1_25' title="bbox 44 1536 1827 1587; baseline 0.001 -13"><span class='ocrx_word' id='word_1_219' title='bbox 44 1537 327 1587; x_wconf 61' lang='lat' dir='ltr'>inrgeometria.</span> <span class='ocrx_word' id='word_1_220' title='bbox 386 1536 484 1575; x_wconf 91' lang='lat' dir='ltr'>Cum</span> <span class='ocrx_word' id='word_1_221' title='bbox 511 1538 629 1586; x_wconf 88' lang='lat' dir='ltr'>igitur</span> <span class='ocrx_word' id='word_1_222' title='bbox 657 1537 789 1587; x_wconf 85' lang='lat' dir='ltr'>auguli</span> <span class='ocrx_word' id='word_1_223' title='bbox 818 1537 935 1586; x_wconf 80' lang='lat' dir='ltr'>huJus</span> <span class='ocrx_word' id='word_1_224' title='bbox 964 1538 1110 1587; x_wconf 86' lang='lat' dir='ltr'>figurae</span> <span class='ocrx_word' id='word_1_225' title='bbox 1139 1548 1216 1575; x_wconf 91' lang='lat' dir='ltr'>non</span> <span class='ocrx_word' id='word_1_226' title='bbox 1245 1537 1408 1576; x_wconf 87' lang='lat' dir='ltr'>doceant</span> <span class='ocrx_word' id='word_1_227' title='bbox 1427 1538 1635 1587; x_wconf 85' lang='lat' dir='ltr'>quicquam</span> <span class='ocrx_word' id='word_1_228' title='bbox 1666 1536 1827 1576; x_wconf 88' lang='lat' dir='ltr'>ulterius</span> 
     </span>
     <span class='ocr_line' id='line_1_26' title="bbox 46 1594 1827 1645; baseline -0.001 -10"><span class='ocrx_word' id='word_1_229' title='bbox 46 1594 380 1642; x_wconf 66' lang='lat' dir='ltr'>extraerrcnlnm,</span> <span class='ocrx_word' id='word_1_230' title='bbox 409 1606 488 1633; x_wconf 92' lang='lat' dir='ltr'>non</span> <span class='ocrx_word' id='word_1_231' title='bbox 517 1597 676 1634; x_wconf 83' lang='lat' dir='ltr'>struitur</span> <span class='ocrx_word' id='word_1_232' title='bbox 704 1597 821 1645; x_wconf 88' lang='lat' dir='ltr'>igitur</span> <span class='ocrx_word' id='word_1_233' title='bbox 852 1595 1085 1645; x_wconf 91' lang='lat' dir='ltr'>triangulum</span> <span class='ocrx_word' id='word_1_234' title='bbox 1111 1597 1344 1645; x_wconf 79' lang='lat' dir='ltr'>requisitum</span> <span class='ocrx_word' id='word_1_235' title='bbox 1375 1600 1482 1634; x_wconf 80' lang='lat' dir='ltr'>extra</span> <span class='ocrx_word' id='word_1_236' title='bbox 1511 1595 1708 1633; x_wconf 89' lang='lat' dir='ltr'>circulum.</span> <span class='ocrx_word' id='word_1_237' title='bbox 1739 1595 1827 1633; x_wconf 89' lang='lat' dir='ltr'>Non</span> 
     </span>
     <span class='ocr_line' id='line_1_27' title="bbox 46 1650 1828 1704; baseline -0.001 -11"><span class='ocrx_word' id='word_1_238' title='bbox 46 1657 115 1704; x_wconf 62' lang='lat' dir='ltr'>est</span> <span class='ocrx_word' id='word_1_239' title='bbox 135 1653 251 1704; x_wconf 74' lang='lat' dir='ltr'>igitur</span> <span class='ocrx_word' id='word_1_240' title='bbox 278 1650 377 1690; x_wconf 78' lang='lat' dir='ltr'>haec</span> <span class='ocrx_word' id='word_1_241' title='bbox 405 1652 528 1702; x_wconf 85' lang='lat' dir='ltr'>figura</span> <span class='ocrx_word' id='word_1_242' title='bbox 558 1654 597 1689; x_wconf 88' lang='lat' dir='ltr'>in</span> <span class='ocrx_word' id='word_1_243' title='bbox 628 1653 812 1691; x_wconf 86' lang='lat' dir='ltr'>circulum</span> <span class='ocrx_word' id='word_1_244' title='bbox 841 1653 1064 1702; x_wconf 85' lang='lat' dir='ltr'>inscriptilis</span> <span class='ocrx_word' id='word_1_245' title='bbox 1093 1664 1163 1702; x_wconf 88' lang='lat' dir='ltr'>per</span> <span class='ocrx_word' id='word_1_246' title='bbox 1202 1653 1348 1703; x_wconf 90' lang='lat' dir='ltr'>aliquid</span> <span class='ocrx_word' id='word_1_247' title='bbox 1387 1664 1428 1690; x_wconf 89' lang='lat' dir='ltr'>se</span> <span class='ocrx_word' id='word_1_248' title='bbox 1458 1653 1565 1702; x_wconf 90' lang='lat' dir='ltr'>prius</span> <span class='ocrx_word' id='word_1_249' title='bbox 1595 1654 1633 1690; x_wconf 91' lang='lat' dir='ltr'>in</span> <span class='ocrx_word' id='word_1_250' title='bbox 1664 1654 1828 1692; x_wconf 84' lang='lat' dir='ltr'>scientia</span> 
     </span>
     <span class='ocr_line' id='line_1_28' title="bbox 45 1705 1826 1761; baseline 0 -11"><span class='ocrx_word' id='word_1_251' title='bbox 45 1710 110 1750; x_wconf 68' lang='lat' dir='ltr'>v&#39;el</span> <span class='ocrx_word' id='word_1_252' title='bbox 141 1705 410 1760; x_wconf 79' lang='lat' dir='ltr'>descriptione,</span> <span class='ocrx_word' id='word_1_253' title='bbox 441 1709 511 1749; x_wconf 89' lang='lat' dir='ltr'>sed</span> <span class='ocrx_word' id='word_1_254' title='bbox 540 1711 626 1760; x_wconf 89' lang='lat' dir='ltr'>ipsa</span> <span class='ocrx_word' id='word_1_255' title='bbox 656 1710 809 1748; x_wconf 88' lang='lat' dir='ltr'>demum</span> <span class='ocrx_word' id='word_1_256' title='bbox 838 1711 1086 1760; x_wconf 85' lang='lat' dir='ltr'>inscriptione</span> <span class='ocrx_word' id='word_1_257' title='bbox 1106 1710 1366 1760; x_wconf 84' lang='lat' dir='ltr'>qualicunque</span> <span class='ocrx_word' id='word_1_258' title='bbox 1398 1722 1500 1760; x_wconf 83' lang='lat' dir='ltr'>vaga</span> <span class='ocrx_word' id='word_1_259' title='bbox 1532 1712 1607 1750; x_wconf 92' lang='lat' dir='ltr'>ista</span> <span class='ocrx_word' id='word_1_260' title='bbox 1628 1712 1826 1761; x_wconf 86' lang='lat' dir='ltr'>proportio</span> 
     </span>
     <span class='ocr_line' id='line_1_29' title="bbox 47 1766 1831 1819; baseline 0.001 -13"><span class='ocrx_word' id='word_1_261' title='bbox 47 1770 197 1819; x_wconf 79' lang='lat' dir='ltr'>cogitur</span> <span class='ocrx_word' id='word_1_262' title='bbox 224 1766 275 1806; x_wconf 77' lang='lat' dir='ltr'>ad</span> <span class='ocrx_word' id='word_1_263' title='bbox 306 1769 407 1807; x_wconf 92' lang='lat' dir='ltr'>unici</span> <span class='ocrx_word' id='word_1_264' title='bbox 438 1779 552 1806; x_wconf 85' lang='lat' dir='ltr'>casus</span> <span class='ocrx_word' id='word_1_265' title='bbox 583 1769 799 1817; x_wconf 85' lang='lat' dir='ltr'>angustias,</span> <span class='ocrx_word' id='word_1_266' title='bbox 838 1774 876 1807; x_wconf 92' lang='lat' dir='ltr'>et</span> <span class='ocrx_word' id='word_1_267' title='bbox 913 1770 970 1806; x_wconf 89' lang='lat' dir='ltr'>sic</span> <span class='ocrx_word' id='word_1_268' title='bbox 1006 1769 1237 1818; x_wconf 89' lang='lat' dir='ltr'>principium</span> <span class='ocrx_word' id='word_1_269' title='bbox 1267 1770 1435 1818; x_wconf 90' lang='lat' dir='ltr'>petitur;</span> <span class='ocrx_word' id='word_1_270' title='bbox 1478 1772 1520 1806; x_wconf 90' lang='lat' dir='ltr'>ut</span> <span class='ocrx_word' id='word_1_271' title='bbox 1549 1779 1586 1806; x_wconf 90' lang='lat' dir='ltr'>n.</span> <span class='ocrx_word' id='word_1_272' title='bbox 1629 1768 1671 1806; x_wconf 89' lang='lat' dir='ltr'>id</span> <span class='ocrx_word' id='word_1_273' title='bbox 1707 1770 1831 1819; x_wconf 87' lang='lat' dir='ltr'>possit</span> 
     </span>
     <span class='ocr_line' id='line_1_30' title="bbox 49 1825 1828 1878; baseline -0.001 -12"><span class='ocrx_word' id='word_1_274' title='bbox 49 1826 226 1878; x_wconf 64' lang='lat' dir='ltr'>inveniri,</span> <span class='ocrx_word' id='word_1_275' title='bbox 255 1837 325 1876; x_wconf 85' lang='lat' dir='ltr'>per</span> <span class='ocrx_word' id='word_1_276' title='bbox 353 1825 458 1876; x_wconf 89' lang='lat' dir='ltr'>quod</span> <span class='ocrx_word' id='word_1_277' title='bbox 487 1826 680 1876; x_wconf 89' lang='lat' dir='ltr'>perficitur</span> <span class='ocrx_word' id='word_1_278' title='bbox 710 1827 920 1877; x_wconf 83' lang='lat' dir='ltr'>inscriptio,</span> <span class='ocrx_word' id='word_1_279' title='bbox 947 1826 1129 1876; x_wconf 87' lang='lat' dir='ltr'>jubemur</span> <span class='ocrx_word' id='word_1_280' title='bbox 1158 1826 1342 1866; x_wconf 90' lang='lat' dir='ltr'>adhibere</span> <span class='ocrx_word' id='word_1_281' title='bbox 1374 1829 1498 1877; x_wconf 87' lang='lat' dir='ltr'>ipsam</span> <span class='ocrx_word' id='word_1_282' title='bbox 1530 1828 1828 1877; x_wconf 84' lang='lat' dir='ltr'>inscriptionem,</span> 
     </span>
     <span class='ocr_line' id='line_1_31' title="bbox 46 1883 679 1936; baseline -0.003 -11"><span class='ocrx_word' id='word_1_283' title='bbox 46 1885 159 1936; x_wconf 77' lang='lat' dir='ltr'>quasi</span> <span class='ocrx_word' id='word_1_284' title='bbox 182 1883 267 1935; x_wconf 84' lang='lat' dir='ltr'>jam</span> <span class='ocrx_word' id='word_1_285' title='bbox 298 1889 414 1922; x_wconf 88' lang='lat' dir='ltr'>antea</span> <span class='ocrx_word' id='word_1_286' title='bbox 443 1885 679 1934; x_wconf 85' lang='lat' dir='ltr'>possibilem.</span> 
     </span>
    </p>

    <p class='ocr_par' dir='ltr' id='par_1_11' title="bbox 0 1941 1833 3096">
     <span class='ocr_line' id='line_1_32' title="bbox 110 1941 1829 1993; baseline 0.002 -14"><span class='ocrx_word' id='word_1_287' title='bbox 110 1975 113 1979; x_wconf 95' lang='grc'><em>,</em></span> <span class='ocrx_word' id='word_1_288' title='bbox 144 1941 274 1993; x_wconf 31' lang='lat' dir='ltr'>„Latet</span> <span class='ocrx_word' id='word_1_289' title='bbox 309 1942 426 1991; x_wconf 84' lang='lat' dir='ltr'>igitur</span> <span class='ocrx_word' id='word_1_290' title='bbox 462 1944 660 1992; x_wconf 88' lang='lat' dir='ltr'>proportio</span> <span class='ocrx_word' id='word_1_291' title='bbox 696 1941 828 1981; x_wconf 87' lang='lat' dir='ltr'>lateris</span> <span class='ocrx_word' id='word_1_292' title='bbox 858 1941 923 1980; x_wconf 86' lang='lat' dir='ltr'>EF</span> <span class='ocrx_word' id='word_1_293' title='bbox 955 1941 1005 1980; x_wconf 90' lang='lat' dir='ltr'>ad</span> <span class='ocrx_word' id='word_1_294' title='bbox 1035 1941 1139 1980; x_wconf 85' lang='lat' dir='ltr'>latus</span> <span class='ocrx_word' id='word_1_295' title='bbox 1168 1942 1305 1982; x_wconf 88' lang='lat' dir='ltr'>stellae</span> <span class='ocrx_word' id='word_1_296' title='bbox 1336 1942 1423 1990; x_wconf 87' lang='lat' dir='ltr'>FB,</span> <span class='ocrx_word' id='word_1_297' title='bbox 1466 1941 1563 1982; x_wconf 88' lang='lat' dir='ltr'>latet</span> <span class='ocrx_word' id='word_1_298' title='bbox 1603 1944 1761 1993; x_wconf 89' lang='lat' dir='ltr'>inquam</span> <span class='ocrx_word' id='word_1_299' title='bbox 1793 1948 1829 1982; x_wconf 92' lang='lat' dir='ltr'>in</span> 
     </span>
     <span class='ocr_line' id='line_1_33' title="bbox 47 1999 1829 2051; baseline 0 -11"><span class='ocrx_word' id='word_1_300' title='bbox 47 2001 210 2050; x_wconf 66' lang='lat' dir='ltr'>materia</span> <span class='ocrx_word' id='word_1_301' title='bbox 242 2001 524 2050; x_wconf 74' lang='lat' dir='ltr'>quantitatira,</span> <span class='ocrx_word' id='word_1_302' title='bbox 568 2002 624 2039; x_wconf 89' lang='lat' dir='ltr'>sic</span> <span class='ocrx_word' id='word_1_303' title='bbox 664 2006 707 2038; x_wconf 90' lang='lat' dir='ltr'>ut</span> <span class='ocrx_word' id='word_1_304' title='bbox 745 2012 864 2039; x_wconf 83' lang='lat' dir='ltr'>causa</span> <span class='ocrx_word' id='word_1_305' title='bbox 905 1999 1061 2050; x_wconf 89' lang='lat' dir='ltr'>quidem</span> <span class='ocrx_word' id='word_1_306' title='bbox 1090 2001 1268 2051; x_wconf 88' lang='lat' dir='ltr'>principii</span> <span class='ocrx_word' id='word_1_307' title='bbox 1309 2002 1567 2050; x_wconf 85' lang='lat' dir='ltr'>quantitatum</span> <span class='ocrx_word' id='word_1_308' title='bbox 1608 2001 1829 2049; x_wconf 88' lang='lat' dir='ltr'>materialis,</span> 
     </span>
     <span class='ocr_line' id='line_1_34' title="bbox 48 2057 1832 2109; baseline -0.001 -9"><span class='ocrx_word' id='word_1_309' title='bbox 48 2057 244 2109; x_wconf 53' lang='lat' dir='ltr'>quadrat.</span> <span class='ocrx_word' id='word_1_310' title='bbox 269 2058 494 2108; x_wconf 83' lang='lat' dir='ltr'>magnitudo</span> <span class='ocrx_word' id='word_1_311' title='bbox 524 2058 838 2105; x_wconf 86' lang='lat' dir='ltr'>indeterminata,</span> <span class='ocrx_word' id='word_1_312' title='bbox 879 2058 1065 2108; x_wconf 89' lang='lat' dir='ltr'>possibile</span> <span class='ocrx_word' id='word_1_313' title='bbox 1093 2070 1188 2096; x_wconf 89' lang='lat' dir='ltr'>sane</span> <span class='ocrx_word' id='word_1_314' title='bbox 1218 2061 1288 2107; x_wconf 86' lang='lat' dir='ltr'>sit,</span> <span class='ocrx_word' id='word_1_315' title='bbox 1330 2060 1561 2098; x_wconf 89' lang='lat' dir='ltr'>constituere</span> <span class='ocrx_word' id='word_1_316' title='bbox 1591 2058 1694 2098; x_wconf 89' lang='lat' dir='ltr'>latus</span> <span class='ocrx_word' id='word_1_317' title='bbox 1723 2065 1832 2109; x_wconf 90' lang='lat' dir='ltr'>sept-</span> 
     </span>
     <span class='ocr_line' id='line_1_35' title="bbox 43 2115 1830 2168; baseline 0.001 -14"><span class='ocrx_word' id='word_1_318' title='bbox 43 2115 179 2165; x_wconf 24' lang='lat' dir='ltr'>*anguli</span> <span class='ocrx_word' id='word_1_319' title='bbox 214 2117 254 2152; x_wconf 91' lang='lat' dir='ltr'>in</span> <span class='ocrx_word' id='word_1_320' title='bbox 289 2115 399 2165; x_wconf 86' lang='lat' dir='ltr'>justa</span> <span class='ocrx_word' id='word_1_321' title='bbox 427 2118 674 2166; x_wconf 88' lang='lat' dir='ltr'>proportione</span> <span class='ocrx_word' id='word_1_322' title='bbox 714 2115 764 2154; x_wconf 89' lang='lat' dir='ltr'>ad</span> <span class='ocrx_word' id='word_1_323' title='bbox 805 2116 937 2154; x_wconf 91' lang='lat' dir='ltr'>circuli</span> <span class='ocrx_word' id='word_1_324' title='bbox 974 2117 1222 2164; x_wconf 86' lang='lat' dir='ltr'>diametrum,</span> <span class='ocrx_word' id='word_1_325' title='bbox 1266 2128 1351 2155; x_wconf 87' lang='lat' dir='ltr'>cum</span> <span class='ocrx_word' id='word_1_326' title='bbox 1394 2116 1505 2155; x_wconf 90' lang='lat' dir='ltr'>detur</span> <span class='ocrx_word' id='word_1_327' title='bbox 1534 2116 1682 2167; x_wconf 90' lang='lat' dir='ltr'>aliquid</span> <span class='ocrx_word' id='word_1_328' title='bbox 1723 2122 1830 2168; x_wconf 88' lang='lat' dir='ltr'>sept-</span> 
     </span>
     <span class='ocr_line' id='line_1_36' title="bbox 47 2172 1830 2224; baseline 0.001 -11"><span class='ocrx_word' id='word_1_329' title='bbox 47 2173 181 2223; x_wconf 83' lang='lat' dir='ltr'>anguli</span> <span class='ocrx_word' id='word_1_330' title='bbox 206 2172 328 2212; x_wconf 78' lang='lat' dir='ltr'>latere</span> <span class='ocrx_word' id='word_1_331' title='bbox 357 2180 460 2214; x_wconf 88' lang='lat' dir='ltr'>certo</span> <span class='ocrx_word' id='word_1_332' title='bbox 490 2174 628 2223; x_wconf 81' lang='lat' dir='ltr'>majus,</span> <span class='ocrx_word' id='word_1_333' title='bbox 659 2173 807 2223; x_wconf 87' lang='lat' dir='ltr'>aliquid</span> <span class='ocrx_word' id='word_1_334' title='bbox 836 2175 962 2212; x_wconf 91' lang='lat' dir='ltr'>minus</span> <span class='ocrx_word' id='word_1_335' title='bbox 993 2176 1031 2211; x_wconf 92' lang='lat' dir='ltr'>in</span> <span class='ocrx_word' id='word_1_336' title='bbox 1062 2175 1146 2224; x_wconf 91' lang='lat' dir='ltr'>ipso</span> <span class='ocrx_word' id='word_1_337' title='bbox 1176 2174 1338 2223; x_wconf 89' lang='lat' dir='ltr'>circulo;</span> <span class='ocrx_word' id='word_1_338' title='bbox 1374 2179 1413 2213; x_wconf 92' lang='lat' dir='ltr'>et</span> <span class='ocrx_word' id='word_1_339' title='bbox 1442 2174 1628 2224; x_wconf 89' lang='lat' dir='ltr'>amplius,</span> <span class='ocrx_word' id='word_1_340' title='bbox 1660 2176 1830 2221; x_wconf 80' lang='lat' dir='ltr'>sectione</span> 
     </span>
     <span class='ocr_line' id='line_1_37' title="bbox 47 2231 1830 2282; baseline -0.001 -12"><span class='ocrx_word' id='word_1_341' title='bbox 47 2233 87 2270; x_wconf 89' lang='lat' dir='ltr'>in</span> <span class='ocrx_word' id='word_1_342' title='bbox 117 2231 306 2270; x_wconf 85' lang='lat' dir='ltr'>infinitum</span> <span class='ocrx_word' id='word_1_343' title='bbox 333 2231 622 2282; x_wconf 84' lang='lat' dir='ltr'>progrediente,</span> <span class='ocrx_word' id='word_1_344' title='bbox 664 2244 815 2281; x_wconf 86' lang='lat' dir='ltr'>semper</span> <span class='ocrx_word' id='word_1_345' title='bbox 844 2232 991 2281; x_wconf 86' lang='lat' dir='ltr'>aliquid</span> <span class='ocrx_word' id='word_1_346' title='bbox 1021 2233 1148 2281; x_wconf 85' lang='lat' dir='ltr'>majus</span> <span class='ocrx_word' id='word_1_347' title='bbox 1180 2233 1299 2271; x_wconf 88' lang='lat' dir='ltr'>latere</span> <span class='ocrx_word' id='word_1_348' title='bbox 1331 2232 1396 2270; x_wconf 88' lang='lat' dir='ltr'>EF</span> <span class='ocrx_word' id='word_1_349' title='bbox 1428 2231 1491 2270; x_wconf 88' lang='lat' dir='ltr'>vel</span> <span class='ocrx_word' id='word_1_350' title='bbox 1522 2244 1568 2271; x_wconf 92' lang='lat' dir='ltr'>eo</span> <span class='ocrx_word' id='word_1_351' title='bbox 1598 2234 1725 2270; x_wconf 90' lang='lat' dir='ltr'>minus</span> <span class='ocrx_word' id='word_1_352' title='bbox 1756 2233 1830 2271; x_wconf 84' lang='lat' dir='ltr'>ali-</span> 
     </span>
     <span class='ocr_line' id='line_1_38' title="bbox 23 2288 1831 2341; baseline 0.002 -14"><span class='ocrx_word' id='word_1_353' title='bbox 23 2289 143 2340; x_wconf 58' lang='lat' dir='ltr'>,quid</span> <span class='ocrx_word' id='word_1_354' title='bbox 173 2288 434 2339; x_wconf 78' lang='lat' dir='ltr'>daripotest:</span> <span class='ocrx_word' id='word_1_355' title='bbox 465 2295 507 2328; x_wconf 87' lang='lat' dir='ltr'>at</span> <span class='ocrx_word' id='word_1_356' title='bbox 535 2301 653 2329; x_wconf 84' lang='lat' dir='ltr'>causa</span> <span class='ocrx_word' id='word_1_357' title='bbox 683 2290 779 2340; x_wconf 89' lang='lat' dir='ltr'>ejus,</span> <span class='ocrx_word' id='word_1_358' title='bbox 811 2289 916 2340; x_wconf 88' lang='lat' dir='ltr'>quod</span> <span class='ocrx_word' id='word_1_359' title='bbox 947 2295 1005 2328; x_wconf 89' lang='lat' dir='ltr'>est</span> <span class='ocrx_word' id='word_1_360' title='bbox 1035 2291 1073 2328; x_wconf 90' lang='lat' dir='ltr'>in</span> <span class='ocrx_word' id='word_1_361' title='bbox 1096 2290 1376 2340; x_wconf 86' lang='lat' dir='ltr'>quantitatibus</span> <span class='ocrx_word' id='word_1_362' title='bbox 1407 2289 1577 2338; x_wconf 84' lang='lat' dir='ltr'>formale,</span> <span class='ocrx_word' id='word_1_363' title='bbox 1608 2290 1831 2341; x_wconf 87' lang='lat' dir='ltr'>simpliciter</span> 
     </span>
     <span class='ocr_line' id='line_1_39' title="bbox 44 2346 1830 2398; baseline 0.001 -11"><span class='ocrx_word' id='word_1_364' title='bbox 44 2353 109 2387; x_wconf 59' lang='lat' dir='ltr'>nt</span> <span class='ocrx_word' id='word_1_365' title='bbox 137 2346 398 2397; x_wconf 79' lang='lat' dir='ltr'>impossibile,</span> <span class='ocrx_word' id='word_1_366' title='bbox 439 2348 689 2398; x_wconf 69' lang='lat' dir='ltr'>qnia⁴figura</span> <span class='ocrx_word' id='word_1_367' title='bbox 728 2347 947 2398; x_wconf 87' lang='lat' dir='ltr'>septanguli</span> <span class='ocrx_word' id='word_1_368' title='bbox 987 2352 1024 2386; x_wconf 91' lang='lat' dir='ltr'>et</span> <span class='ocrx_word' id='word_1_369' title='bbox 1064 2349 1246 2386; x_wconf 84' lang='lat' dir='ltr'>similium</span> <span class='ocrx_word' id='word_1_370' title='bbox 1276 2347 1413 2387; x_wconf 90' lang='lat' dir='ltr'>mediis</span> <span class='ocrx_word' id='word_1_371' title='bbox 1444 2348 1643 2397; x_wconf 88' lang='lat' dir='ltr'>omnibus,</span> <span class='ocrx_word' id='word_1_372' title='bbox 1689 2349 1830 2398; x_wconf 90' lang='lat' dir='ltr'>quibus</span> 
     </span>
     <span class='ocr_line' id='line_1_40' title="bbox 48 2404 1830 2456; baseline 0.001 -11"><span class='ocrx_word' id='word_1_373' title='bbox 48 2405 182 2456; x_wconf 74' lang='lat' dir='ltr'>aliqua</span> <span class='ocrx_word' id='word_1_374' title='bbox 210 2404 342 2443; x_wconf 82' lang='lat' dir='ltr'>lateris</span> <span class='ocrx_word' id='word_1_375' title='bbox 371 2411 474 2444; x_wconf 88' lang='lat' dir='ltr'>certa</span> <span class='ocrx_word' id='word_1_376' title='bbox 501 2407 698 2456; x_wconf 89' lang='lat' dir='ltr'>proportio</span> <span class='ocrx_word' id='word_1_377' title='bbox 731 2405 1012 2445; x_wconf 88' lang='lat' dir='ltr'>demonstretur</span> <span class='ocrx_word' id='word_1_378' title='bbox 1041 2407 1320 2454; x_wconf 83' lang='lat' dir='ltr'>inveniaturve,</span> <span class='ocrx_word' id='word_1_379' title='bbox 1353 2411 1391 2445; x_wconf 88' lang='lat' dir='ltr'>et</span> <span class='ocrx_word' id='word_1_380' title='bbox 1418 2406 1475 2444; x_wconf 88' lang='lat' dir='ltr'>sic</span> <span class='ocrx_word' id='word_1_381' title='bbox 1503 2407 1732 2446; x_wconf 82' lang='lat' dir='ltr'>formatione</span> <span class='ocrx_word' id='word_1_382' title='bbox 1761 2419 1830 2446; x_wconf 89' lang='grc'>3311</span> 
     </span>
     <span class='ocr_line' id='line_1_41' title="bbox 0 2463 1833 2515; baseline -0.001 -11"><span class='ocrx_word' id='word_1_383' title='bbox 0 2486 2 2489; x_wconf 39' lang='lat' dir='ltr'>v</span> <span class='ocrx_word' id='word_1_384' title='bbox 50 2463 368 2515; x_wconf 62' lang='lat' dir='ltr'>determinatione</span> <span class='ocrx_word' id='word_1_385' title='bbox 396 2464 574 2502; x_wconf 86' lang='lat' dir='ltr'>noscibili</span> <span class='ocrx_word' id='word_1_386' title='bbox 603 2465 757 2514; x_wconf 86' lang='lat' dir='ltr'>penitus</span> <span class='ocrx_word' id='word_1_387' title='bbox 787 2469 901 2502; x_wconf 86' lang='lat' dir='ltr'>caret.</span> <span class='ocrx_word' id='word_1_388' title='bbox 962 2463 1075 2512; x_wconf 87' lang='lat' dir='ltr'>Quod</span> <span class='ocrx_word' id='word_1_389' title='bbox 1106 2476 1192 2503; x_wconf 90' lang='lat' dir='ltr'>cum</span> <span class='ocrx_word' id='word_1_390' title='bbox 1222 2466 1277 2503; x_wconf 88' lang='lat' dir='ltr'>ita</span> <span class='ocrx_word' id='word_1_391' title='bbox 1306 2466 1372 2512; x_wconf 85' lang='lat' dir='ltr'>sit,</span> <span class='ocrx_word' id='word_1_392' title='bbox 1406 2476 1524 2514; x_wconf 87' lang='lat' dir='ltr'>quare</span> <span class='ocrx_word' id='word_1_393' title='bbox 1553 2476 1680 2514; x_wconf 89' lang='lat' dir='ltr'>neque</span> <span class='ocrx_word' id='word_1_394' title='bbox 1709 2466 1833 2515; x_wconf 88' lang='lat' dir='ltr'>figura</span> 
     </span>
     <span class='ocr_line' id='line_1_42' title="bbox 55 2519 1830 2572; baseline 0.001 -11"><span class='ocrx_word' id='word_1_395' title='bbox 55 2520 368 2572; x_wconf 63' lang='lat' dir='ltr'>ungulorum</span> <span class='ocrx_word' id='word_1_396' title='bbox 398 2522 437 2558; x_wconf 92' lang='lat' dir='ltr'>in</span> <span class='ocrx_word' id='word_1_397' title='bbox 466 2522 667 2568; x_wconf 86' lang='lat' dir='ltr'>circulum,</span> <span class='ocrx_word' id='word_1_398' title='bbox 708 2522 819 2571; x_wconf 87' lang='lat' dir='ltr'>cujus</span> <span class='ocrx_word' id='word_1_399' title='bbox 848 2521 1130 2561; x_wconf 88' lang='lat' dir='ltr'>semidiameter</span> <span class='ocrx_word' id='word_1_400' title='bbox 1160 2524 1211 2561; x_wconf 93' lang='lat' dir='ltr'>sit</span> <span class='ocrx_word' id='word_1_401' title='bbox 1241 2519 1520 2571; x_wconf 78' lang='lat' dir='ltr'>AP,&#39;inscribi</span> <span class='ocrx_word' id='word_1_402' title='bbox 1550 2528 1680 2572; x_wconf 88' lang='lat' dir='ltr'>potest</span> <span class='ocrx_word' id='word_1_403' title='bbox 1709 2523 1830 2562; x_wconf 89' lang='lat' dir='ltr'>latere</span> 
     </span>
     <span class='ocr_line' id='line_1_43' title="bbox 32 2578 1832 2630; baseline 0 -12"><span class='ocrx_word' id='word_1_404' title='bbox 32 2578 136 2629; x_wconf 57' lang='lat'>251³,</span> <span class='ocrx_word' id='word_1_405' title='bbox 162 2590 290 2628; x_wconf 81' lang='lat' dir='ltr'>neque</span> <span class='ocrx_word' id='word_1_406' title='bbox 320 2578 404 2627; x_wconf 79' lang='lat' dir='ltr'>ejus</span> <span class='ocrx_word' id='word_1_407' title='bbox 433 2578 509 2618; x_wconf 91' lang='lat' dir='ltr'>duo</span> <span class='ocrx_word' id='word_1_408' title='bbox 539 2579 662 2618; x_wconf 87' lang='lat' dir='ltr'>latera</span> <span class='ocrx_word' id='word_1_409' title='bbox 691 2582 872 2629; x_wconf 89' lang='lat' dir='ltr'>contigua</span> <span class='ocrx_word' id='word_1_410' title='bbox 902 2592 980 2618; x_wconf 86' lang='lat' dir='ltr'>nna</span> <span class='ocrx_word' id='word_1_411' title='bbox 1008 2585 1113 2619; x_wconf 88' lang='lat' dir='ltr'>recta</span> <span class='ocrx_word' id='word_1_412' title='bbox 1142 2581 1207 2619; x_wconf 85' lang='lat' dir='ltr'>EF</span> <span class='ocrx_word' id='word_1_413' title='bbox 1238 2580 1418 2619; x_wconf 89' lang='lat' dir='ltr'>subtendi</span> <span class='ocrx_word' id='word_1_414' title='bbox 1446 2586 1620 2630; x_wconf 88' lang='lat' dir='ltr'>possunt,</span> <span class='ocrx_word' id='word_1_415' title='bbox 1651 2593 1751 2630; x_wconf 90' lang='lat' dir='ltr'>quae</span> <span class='ocrx_word' id='word_1_416' title='bbox 1781 2582 1832 2619; x_wconf 89' lang='lat' dir='ltr'>sit</span> 
     </span>
     <span class='ocr_line' id='line_1_44' title="bbox 2 2636 1831 2689; baseline 0 -11"><span class='ocrx_word' id='word_1_417' title='bbox 2 2646 6 2678; x_wconf 78' lang='grc' dir='ltr'>ζ</span> <span class='ocrx_word' id='word_1_418' title='bbox 51 2636 156 2677; x_wconf 75' lang='lat' dir='ltr'>latus</span> <span class='ocrx_word' id='word_1_419' title='bbox 184 2636 397 2686; x_wconf 74' lang='lat' dir='ltr'>heptagoni</span> <span class='ocrx_word' id='word_1_420' title='bbox 427 2637 467 2673; x_wconf 92' lang='lat' dir='ltr'>in</span> <span class='ocrx_word' id='word_1_421' title='bbox 495 2636 562 2675; x_wconf 88' lang='lat' dir='ltr'>illo</span> <span class='ocrx_word' id='word_1_422' title='bbox 593 2638 757 2676; x_wconf 89' lang='lat' dir='ltr'>circulo:</span> <span class='ocrx_word' id='word_1_423' title='bbox 788 2649 915 2687; x_wconf 88' lang='lat' dir='ltr'>neque</span> <span class='ocrx_word' id='word_1_424' title='bbox 944 2638 1048 2676; x_wconf 80' lang='lat' dir='ltr'>latus</span> <span class='ocrx_word' id='word_1_425' title='bbox 1078 2639 1152 2676; x_wconf 89' lang='lat' dir='ltr'>hoc</span> <span class='ocrx_word' id='word_1_426' title='bbox 1182 2650 1268 2677; x_wconf 89' lang='lat' dir='ltr'>cnm</span> <span class='ocrx_word' id='word_1_427' title='bbox 1299 2638 1485 2677; x_wconf 88' lang='lat' dir='ltr'>diametro</span> <span class='ocrx_word' id='word_1_428' title='bbox 1516 2640 1728 2689; x_wconf 89' lang='lat' dir='ltr'>comparari</span> <span class='ocrx_word' id='word_1_429' title='bbox 1757 2650 1831 2688; x_wconf 90' lang='lat' dir='ltr'>po-</span> 
     </span>
     <span class='ocr_line' id='line_1_45' title="bbox 31 2696 1830 2746; baseline 0.001 -13"><span class='ocrx_word' id='word_1_430' title='bbox 31 2697 161 2742; x_wconf 50' lang='lat' dir='ltr'>sterit,</span> <span class='ocrx_word' id='word_1_431' title='bbox 182 2706 270 2733; x_wconf 89' lang='grc'>311111</span> <span class='ocrx_word' id='word_1_432' title='bbox 299 2696 349 2732; x_wconf 88' lang='lat' dir='ltr'>sit</span> <span class='ocrx_word' id='word_1_433' title='bbox 378 2699 516 2733; x_wconf 76' lang='lat' dir='ltr'>natura</span> <span class='ocrx_word' id='word_1_434' title='bbox 544 2706 615 2733; x_wconf 90' lang='lat' dir='ltr'>sua</span> <span class='ocrx_word' id='word_1_435' title='bbox 645 2697 943 2746; x_wconf 85' lang='lat' dir='ltr'>comparationis</span> <span class='ocrx_word' id='word_1_436' title='bbox 972 2698 1128 2745; x_wconf 87' lang='lat' dir='ltr'>ignotae</span> <span class='ocrx_word' id='word_1_437' title='bbox 1158 2696 1207 2734; x_wconf 89' lang='lat' dir='ltr'>ad</span> <span class='ocrx_word' id='word_1_438' title='bbox 1229 2697 1465 2735; x_wconf 88' lang='lat' dir='ltr'>diametrum.</span> <span class='ocrx_word' id='word_1_439' title='bbox 1516 2696 1653 2746; x_wconf 89' lang='lat' dir='ltr'>Itaque</span> <span class='ocrx_word' id='word_1_440' title='bbox 1684 2696 1830 2735; x_wconf 88' lang='lat' dir='ltr'>nullum</span> 
     </span>
     <span class='ocr_line' id='line_1_46' title="bbox 17 2752 1830 2805; baseline 0.001 -14"><span class='ocrx_word' id='word_1_441' title='bbox 17 2775 26 2805; x_wconf 37' lang='lat'>-·</span> <span class='ocrx_word' id='word_1_442' title='bbox 54 2763 224 2802; x_wconf 87' lang='lat' dir='ltr'>unquam</span> <span class='ocrx_word' id='word_1_443' title='bbox 256 2752 432 2802; x_wconf 85' lang='lat' dir='ltr'>regulare</span> <span class='ocrx_word' id='word_1_444' title='bbox 462 2753 730 2802; x_wconf 80' lang='lat' dir='ltr'>septangulum</span> <span class='ocrx_word' id='word_1_445' title='bbox 760 2766 784 2792; x_wconf 88' lang='lat' dir='ltr'>a</span> <span class='ocrx_word' id='word_1_446' title='bbox 814 2765 1010 2803; x_wconf 87' lang='lat' dir='ltr'>quoquam</span> <span class='ocrx_word' id='word_1_447' title='bbox 1040 2759 1296 2792; x_wconf 83' lang='lat' dir='ltr'>constructum</span> <span class='ocrx_word' id='word_1_448' title='bbox 1327 2758 1403 2802; x_wconf 90' lang='lat' dir='ltr'>est,</span> <span class='ocrx_word' id='word_1_449' title='bbox 1434 2755 1578 2792; x_wconf 84' lang='lat' dir='ltr'>sciente</span> <span class='ocrx_word' id='word_1_450' title='bbox 1610 2759 1647 2792; x_wconf 90' lang='lat' dir='ltr'>et</span> <span class='ocrx_word' id='word_1_451' title='bbox 1676 2753 1830 2794; x_wconf 86' lang='lat' dir='ltr'>volente</span> 
     </span>
     <span class='ocr_line' id='line_1_47' title="bbox 0 2811 1828 2865; baseline 0.002 -16"><span class='ocrx_word' id='word_1_452' title='bbox 0 2815 9 2865; x_wconf 71' lang='lat'>.</span> <span class='ocrx_word' id='word_1_453' title='bbox 52 2815 97 2849; x_wconf 70' lang='lat' dir='ltr'>et</span> <span class='ocrx_word' id='word_1_454' title='bbox 122 2821 170 2850; x_wconf 80' lang='lat' dir='ltr'>ex</span> <span class='ocrx_word' id='word_1_455' title='bbox 198 2811 397 2860; x_wconf 86' lang='lat' dir='ltr'>proposito</span> <span class='ocrx_word' id='word_1_456' title='bbox 427 2815 589 2859; x_wconf 87' lang='lat' dir='ltr'>agente:</span> <span class='ocrx_word' id='word_1_457' title='bbox 627 2821 700 2849; x_wconf 89' lang='lat' dir='ltr'>nee</span> <span class='ocrx_word' id='word_1_458' title='bbox 735 2813 902 2850; x_wconf 85' lang='lat' dir='ltr'>construi</span> <span class='ocrx_word' id='word_1_459' title='bbox 941 2817 1069 2861; x_wconf 87' lang='lat' dir='ltr'>potest</span> <span class='ocrx_word' id='word_1_460' title='bbox 1099 2824 1145 2851; x_wconf 84' lang='lat' dir='ltr'>ex</span> <span class='ocrx_word' id='word_1_461' title='bbox 1176 2813 1393 2862; x_wconf 89' lang='lat' dir='ltr'>proposito,</span> <span class='ocrx_word' id='word_1_462' title='bbox 1433 2811 1503 2850; x_wconf 87' lang='lat' dir='ltr'>sed</span> <span class='ocrx_word' id='word_1_463' title='bbox 1538 2812 1636 2850; x_wconf 88' lang='lat' dir='ltr'>bene</span> <span class='ocrx_word' id='word_1_464' title='bbox 1672 2812 1828 2852; x_wconf 85' lang='lat' dir='ltr'>fortuito</span> 
     </span>
     <span class='ocr_line' id='line_1_48' title="bbox 0 2869 1735 2918; baseline 0.002 -14"><span class='ocrx_word' id='word_1_465' title='bbox 0 2873 2 2875; x_wconf 73' lang='grc'><strong><em>’</em></strong></span> <span class='ocrx_word' id='word_1_466' title='bbox 32 2870 223 2908; x_wconf 73' lang='lat' dir='ltr'>‚construi</span> <span class='ocrx_word' id='word_1_467' title='bbox 255 2874 411 2917; x_wconf 85' lang='lat' dir='ltr'>posset,</span> <span class='ocrx_word' id='word_1_468' title='bbox 442 2874 481 2907; x_wconf 87' lang='lat' dir='ltr'>et</span> <span class='ocrx_word' id='word_1_469' title='bbox 509 2872 639 2917; x_wconf 82' lang='lat' dir='ltr'>tamen</span> <span class='ocrx_word' id='word_1_470' title='bbox 667 2869 832 2918; x_wconf 88' lang='lat' dir='ltr'>ignorari</span> <span class='ocrx_word' id='word_1_471' title='bbox 862 2881 1020 2908; x_wconf 88' lang='lat' dir='ltr'>necesse</span> <span class='ocrx_word' id='word_1_472' title='bbox 1051 2875 1120 2918; x_wconf 88' lang='lat' dir='ltr'>est,</span> <span class='ocrx_word' id='word_1_473' title='bbox 1151 2872 1249 2908; x_wconf 89' lang='lat' dir='ltr'>sitne</span> <span class='ocrx_word' id='word_1_474' title='bbox 1280 2874 1536 2908; x_wconf 89' lang='lat' dir='ltr'>constructum</span> <span class='ocrx_word' id='word_1_475' title='bbox 1567 2881 1616 2907; x_wconf 89' lang='lat' dir='ltr'>an</span> <span class='ocrx_word' id='word_1_476' title='bbox 1645 2881 1735 2908; x_wconf 91' lang='lat' dir='ltr'>non.</span> 
     </span>
     <span class='ocr_line' id='line_1_49' title="bbox 171 2924 1828 2978; baseline 0.002 -14"><span class='ocrx_word' id='word_1_477' title='bbox 171 2924 341 2974; x_wconf 86' lang='lat' dir='ltr'>Objiciat</span> <span class='ocrx_word' id='word_1_478' title='bbox 367 2926 431 2963; x_wconf 88' lang='lat' dir='ltr'>hic</span> <span class='ocrx_word' id='word_1_479' title='bbox 458 2925 553 2969; x_wconf 84' lang='lat' dir='ltr'>mihi</span> <span class='ocrx_word' id='word_1_480' title='bbox 583 2925 723 2974; x_wconf 91' lang='lat' dir='ltr'>aliquis</span> <span class='ocrx_word' id='word_1_481' title='bbox 754 2927 964 2966; x_wconf 89' lang='lat' dir='ltr'>doctrinam</span> <span class='ocrx_word' id='word_1_482' title='bbox 995 2928 1240 2978; x_wconf 88' lang='lat' dir='ltr'>analyticam,</span> <span class='ocrx_word' id='word_1_483' title='bbox 1272 2928 1322 2965; x_wconf 87' lang='lat' dir='ltr'>ab</span> <span class='ocrx_word' id='word_1_484' title='bbox 1354 2927 1482 2965; x_wconf 87' lang='lat' dir='ltr'>Arabe</span> <span class='ocrx_word' id='word_1_485' title='bbox 1506 2926 1623 2965; x_wconf 90' lang='lat' dir='ltr'>Gebri</span> <span class='ocrx_word' id='word_1_486' title='bbox 1653 2927 1828 2967; x_wconf 88' lang='lat' dir='ltr'>denomi-</span> 
     </span>
     <span class='ocr_line' id='line_1_50' title="bbox 3 2978 1829 3032; baseline 0.002 -11"><span class='ocrx_word' id='word_1_487' title='bbox 3 2978 5 2980; x_wconf 63' lang='grc'>’</span> <span class='ocrx_word' id='word_1_488' title='bbox 51 2986 187 3022; x_wconf 73' lang='lat' dir='ltr'>natam</span> <span class='ocrx_word' id='word_1_489' title='bbox 223 2982 439 3032; x_wconf 89' lang='lat' dir='ltr'>algebram,</span> <span class='ocrx_word' id='word_1_490' title='bbox 477 2983 614 3022; x_wconf 85' lang='lat' dir='ltr'>Italico</span> <span class='ocrx_word' id='word_1_491' title='bbox 654 2984 846 3024; x_wconf 86' lang='lat' dir='ltr'>vocabulo</span> <span class='ocrx_word' id='word_1_492' title='bbox 887 2996 1058 3024; x_wconf 87' lang='lat' dir='ltr'>cossam:</span> <span class='ocrx_word' id='word_1_493' title='bbox 1102 2986 1277 3024; x_wconf 90' lang='lat' dir='ltr'>videntur</span> <span class='ocrx_word' id='word_1_494' title='bbox 1313 2986 1413 3023; x_wconf 89' lang='lat' dir='ltr'>enim</span> <span class='ocrx_word' id='word_1_495' title='bbox 1443 2986 1481 3022; x_wconf 91' lang='lat' dir='ltr'>in</span> <span class='ocrx_word' id='word_1_496' title='bbox 1512 2997 1558 3023; x_wconf 88' lang='lat' dir='ltr'>ea</span> <span class='ocrx_word' id='word_1_497' title='bbox 1588 2985 1829 3025; x_wconf 87' lang='lat' dir='ltr'>determinari</span> 
     </span>
     <span class='ocr_line' id='line_1_51' title="bbox 55 3040 1828 3096; baseline 0.002 -15"><span class='ocrx_word' id='word_1_498' title='bbox 55 3049 173 3090; x_wconf 60' lang='lat' dir='ltr'>posse</span> <span class='ocrx_word' id='word_1_499' title='bbox 199 3041 326 3081; x_wconf 86' lang='lat' dir='ltr'>omnis</span> <span class='ocrx_word' id='word_1_500' title='bbox 353 3042 503 3092; x_wconf 85' lang='lat' dir='ltr'>generis</span> <span class='ocrx_word' id='word_1_501' title='bbox 532 3040 814 3091; x_wconf 84' lang='lat' dir='ltr'>polygonorum</span> <span class='ocrx_word' id='word_1_502' title='bbox 843 3042 977 3082; x_wconf 78' lang='lat' dir='ltr'>latera.</span> <span class='ocrx_word' id='word_1_503' title='bbox 1037 3043 1156 3082; x_wconf 90' lang='lat' dir='ltr'>Verbi</span> <span class='ocrx_word' id='word_1_504' title='bbox 1186 3054 1304 3082; x_wconf 85' lang='lat' dir='ltr'>causa</span> <span class='ocrx_word' id='word_1_505' title='bbox 1334 3044 1373 3080; x_wconf 90' lang='lat' dir='ltr'>in</span> <span class='ocrx_word' id='word_1_506' title='bbox 1402 3043 1632 3095; x_wconf 85' lang='lat' dir='ltr'>septangulo</span> <span class='ocrx_word' id='word_1_507' title='bbox 1662 3045 1718 3084; x_wconf 91' lang='lat' dir='ltr'>sic</span> <span class='ocrx_word' id='word_1_508' title='bbox 1735 3056 1828 3096; x_wconf 91' lang='lat' dir='ltr'>pro-</span> 
     </span>
    </p>
   </div>
  </div>
 </body>
</html>
