1994 3276
116 125 201 163 214
668 117 724 152 De
749 115 1100 162 configurationibus
1123 114 1360 152 Harmonicis.

118 252 211 279 num
241 250 283 278 se
312 238 407 289 ipsis
449 247 498 275 an
530 237 569 273 in
600 236 715 275 rebus
745 235 862 274 aliis?
923 234 1037 285 Quod
1067 236 1184 285 igitur
1214 235 1377 274 sensiles
1418 235 1640 276 harmonias
1669 237 1826 285 attinet,
1865 235 1916 277 ad

118 310 251 339 earum
272 297 367 336 Esse
397 299 563 346 quatuor
592 295 674 346 ista⁴
700 299 950 332 concurrunt:
988 291 1031 347 1)
1063 294 1163 333 duae
1194 305 1253 333 res
1285 293 1447 333 sensiles
1478 294 1653 344 eiusdem
1683 296 1847 345 generis,
1878 301 1917 335 et

122 362 320 408 quantae,
363 360 406 392 ut
444 355 543 392 inter
582 364 624 392 se
664 354 877 404 comparari
918 353 1068 402 possint
1108 364 1225 391 causa
1267 353 1515 402 quantitatis,
1570 352 1611 402 2)
1642 355 1772 393 anima
1812 365 1919 394 com-

119 427 280 467 parans,
328 410 369 460 3)
397 413 567 462 receptio
607 410 805 450 sensilium
847 412 1074 458 introrsum,
1121 409 1162 462 4)
1200 411 1340 449 idonea
1375 412 1593 461 proportio,
1636 423 1736 462 quae
1780 410 1918 452 defini-

121 480 182 513 tur
222 472 438 512 harmonia.
498 470 649 508 Horum
690 481 766 507 uno
799 469 974 518 sublato,
1016 468 1162 508 tollitur
1194 468 1346 507 sensilis
1375 469 1589 508 harmonia.
1653 470 1788 510 Facile
1818 471 1919 510 euim

122 537 180 572 est
212 530 448 579 intelligere,
489 534 667 567 naturam
697 528 920 566 harmoniae
962 538 1038 565 non
1078 539 1163 566 esse
1195 527 1454 567 definiendam
1492 539 1561 580 per
1598 529 1703 568 solas
1737 539 1798 568 res
1827 540 1919 570 sen—

122 590 225 638 siles,
257 593 300 627 ut
329 600 398 639 per
429 599 567 626 sonum
600 586 660 626 vel
692 585 841 624 radium
872 585 1021 625 stellae.
1083 585 1203 624 Aliud
1234 598 1272 624 n.
1307 590 1366 624 est
1395 597 1531 635 sonus,
1572 586 1678 626 aliud
1710 587 1804 626 ordo
1835 598 1920 627 cer-

123 655 186 688 tus
218 649 319 687 inter
347 646 523 686 diversos
554 656 694 693 sonos3
736 644 821 684 dico
861 650 990 683 autem
1032 643 1206 682 ordinem
1244 644 1319 683 hoc
1348 644 1456 693 loco,
1497 656 1573 683 non
1605 657 1724 684 causa
1753 647 1851 684 situs
1882 647 1920 683 in

123 707 255 757 aliquo
291 705 380 744 loco
417 705 598 756 physico,
628 714 709 742 nec
749 714 868 742 causa
905 703 1107 752 temporis,
1147 702 1215 741 sed
1259 714 1377 741 causa
1407 704 1594 742 acuminis
1635 709 1674 743 et
1703 705 1919 754 gravitatis.

123 766 296 804 Possunt
324 765 442 813 igitur
473 775 556 802 esse
588 763 672 800 soni
705 761 860 810 diversi,
891 767 931 799 at
962 762 1035 799 nisi
1067 762 1116 799 sit
1147 762 1246 800 inter
1275 762 1383 812 ipsos
1413 766 1540 800 certus
1571 761 1678 810 ordo,
1710 763 1777 813 qui
1807 763 1921 802 certis
1979 806 1983 810 ,

123 822 437 876 proportionibus
481 821 681 869 definitur,
722 831 762 858 re
804 819 1102 871 mathematica,
1143 818 1252 859 nulla
1289 821 1361 858 erit
1405 821 1503 859 inter
1547 831 1664 860 voces
1707 820 1920 861 harmonia

124 882 309 921 Vicissim
339 892 435 919 sono
467 879 638 927 sublato,
681 889 874 928 quaenam
905 877 1071 927 confingi
1102 879 1226 928 possit
1259 877 1462 918 harmonia
1491 868 1696 931 audibilis,
1737 883 1775 919 et
1803 878 1923 919 radiis

125 941 371 992 planetarum
402 938 579 986 sublatiS,
612 948 804 987 quaenam
834 936 1037 975 harmonia
1057 935 1435 986 configurationum‘?
1497 937 1686 988 implius,
1719 938 1812 987 quia
1829 937 1923 976 har-

98 1000 256 1038 -monia
286 998 436 1036 musica
466 1008 542 1035 non
575 1001 633 1034 est
663 1006 793 1043 sonus,
827 994 895 1034 sed
927 994 1092 1045 plurium
1123 1005 1308 1033 sonorum
1340 995 1446 1043 ordo,
1478 995 1568 1035 hinc
1597 997 1783 1046 sequitur,
1815 995 1924 1035 illam

128 1070 212 1097 esse
243 1058 280 1094 in
312 1055 625 1108 praedicamento
657 1053 867 1092 relationis.
930 1050 1034 1091 Ordo
1075 1054 1194 1102 enim,
1240 1052 1287 1092 de
1320 1065 1397 1103 quo
1437 1053 1499 1093 hic
1529 1054 1745 1110 loquimur,
1784 1053 1923 1094 relatio

75 1134 78 1136 v
129 1122 186 1155 est
228 1120 265 1154 et
297 1114 475 1153 ordinata
511 1118 600 1151 sunt
638 1112 689 1150 ad
728 1111 892 1151 invicem
936 1110 1069 1151 relata.
1131 1110 1220 1160 Qua
1249 1112 1368 1161 igitur
1397 1123 1437 1150 re
1477 1114 1562 1151 soni
1593 1118 1683 1152 sunt
1711 1113 1924 1161 harmonia,

127 1175 168 1213 id
197 1173 376 1213 accidens
409 1179 478 1220 est,
511 1173 655 1221 quippe
686 1170 789 1220 quod
822 1172 859 1208 in
890 1170 1077 1220 subJectis
1109 1171 1232 1218 inest,
1278 1181 1350 1209 nec
1378 1172 1539 1209 seorsim
1571 1172 1745 1210 consistit
1773 1175 1926 1222 potest-

126 1245 204 1283 que
235 1233 372 1271 abesse
405 1233 499 1268 citra
531 1230 793 1279 subjectorum
826 1230 1120 1278 corruptionem.
1186 1227 1359 1277 Deinde,
1399 1230 1499 1268 sicut
1529 1231 1727 1281 quantitas
1766 1230 1804 1268 in
1836 1229 1925 1268 uni-

128 1303 283 1330 versum
322 1303 345 1328 a
389 1289 614 1339 corporibus
643 1288 787 1337 -nequit
825 1288 997 1338 separari
1035 1287 1135 1335 suis,
1174 1285 1244 1326 sed
1274 1286 1404 1337 potest
1433 1287 1532 1328 bene
1573 1289 1706 1339 augeri
1737 1292 1776 1327 et
1805 1289 1927 1326 minui

131 1362 218 1389 cum
246 1350 342 1399 ipsis
375 1347 612 1398 corporibus,
644 1352 680 1384 et
711 1352 839 1399 tamen
872 1345 1053 1384 accidens
1085 1350 1154 1393 est,
1183 1346 1239 1383 sic
1269 1346 1386 1384 etiam
1412 1346 1504 1384 ordo
1525 1347 1610 1397 ipse
1641 1355 1835 1396 sonorum,
1866 1347 1926 1385 cni

130 1414 172 1447 ut
201 1409 331 1459 generi
362 1407 602 1445 harmoniam
635 1404 882 1454 subiecimus,
915 1403 998 1442 tolli
1029 1414 1106 1441 non
1128 1408 1259 1454 potest
1289 1415 1313 1442 a
1346 1405 1452 1442 sonis
1481 1404 1657 1455 pluribus
1678 1417 1770 1453 uno,
1801 1416 1928 1456 quan-

129 1468 241 1505 titate
272 1466 460 1504 acuminis
493 1469 530 1503 et
560 1464 764 1513 gravitatis
796 1464 893 1500 inter
923 1474 964 1501 se
996 1461 1205 1510 distinctis,
1243 1473 1334 1500 nam
1364 1468 1432 1500 aut
1462 1463 1592 1513 plures
1622 1475 1708 1503 esse
1742 1463 1928 1511 desinent,

131 1530 199 1564 aut
229 1525 262 1563 si
292 1523 443 1573 plures,
483 1524 554 1561 erit
585 1523 682 1559 inter
713 1522 818 1571 ipsos
858 1520 952 1559 ordo
984 1520 1194 1559 secundum
1236 1532 1435 1560 excessum
1477 1526 1516 1560 et
1546 1521 1760 1571 defectum3
1798 1511 1928 1560 muta-

131 1583 220 1622 bilis
250 1582 315 1621 ille
348 1581 516 1632 quidem,
549 1582 580 1618 si
613 1579 875 1630 subjectorum
905 1578 1113 1618 relatorum
1134 1579 1295 1617 alterurn
1325 1583 1504 1619 mutetur.
1567 1578 1672 1619 Ordo
1694 1580 1810 1630 igitur
1840 1591 1929 1618 cum

133 1641 418 1692 quantitatibus
461 1645 500 1678 et
540 1640 578 1676 in
623 1639 751 1688 specie
795 1649 881 1676 cum
918 1649 1078 1676 numero
1120 1638 1204 1687 pari
1236 1649 1351 1688 passu
1389 1638 1575 1677 ambulat.
1636 1638 1790 1686 Tertio,
1830 1639 1931 1677 sicut

132 1711 312 1738 numerus
358 1698 536 1737 definitur
572 1708 656 1736 esse
697 1695 905 1735 multitudo
947 1708 993 1735 ex
1034 1695 1249 1741 unitatibus
1293 1696 1477 1744 conflata,
1523 1698 1562 1734 in
1593 1708 1670 1746 quo
1703 1696 1931 1735 Aristoteles

134 1760 312 1809 agnoscit
355 1755 505 1806 aliquid
543 1755 728 1794 materiae
775 1754 989 1804 analogon,
1036 1755 1205 1794 unitates
1243 1753 1390 1793 scilicet
1428 1754 1530 1804 ejus,
1577 1754 1727 1806 aliquid
1754 1753 1929 1802 formale,

131 1818 273 1856 mentis
305 1820 547 1865 conceptum,
579 1825 680 1863 quae
712 1824 827 1851 unam
861 1824 1093 1863 quocunque
1126 1817 1302 1862 respectu
1333 1817 1552 1862 separatam
1584 1825 1608 1852 a
1639 1814 1796 1862 ceteris,
1828 1812 1931 1851 mul·
1986 1859 1989 1865 Ι

133 1874 336 1914 titudinem
375 1873 528 1912 illarum
581 1873 773 1910 unitatum
823 1871 1075 1921 singularium
1119 1873 1315 1922 agnoscit3
1365 1872 1497 1921 itaque
1539 1871 1632 1911 alibi
1675 1871 1931 1922 philosophus

134 1933 260 1981 idem,
292 1932 447 1970 sublata
479 1932 610 1970 anima
639 1934 884 1978 numerante,
930 1929 1011 1968 tolli
1047 1931 1102 1968 ait
1140 1941 1291 1969 omnem
1323 1940 1542 1977 numerum,
1586 1933 1627 1968 at
1656 1941 1732 1969 non
1763 1931 1932 1968 unitates

135 1990 331 2042 singulas,
373 1995 416 2028 ut
453 1991 508 2028 ita
547 1991 741 2026 numerus
766 1988 1017 2027 materialiter
1054 1989 1104 2027 sit
1147 1989 1183 2026 in
1223 1988 1338 2027 rebus
1370 1989 1483 2039 ipsis,
1524 1988 1621 2026 nihil
1649 1993 1803 2039 praeter
1832 1987 1932 2036 illas,

136 2052 211 2088 nisi
242 2047 402 2087 accedat
431 2059 540 2087 mens
569 2057 797 2095 numerans3
839 2051 930 2085 tunc
962 2045 1115 2085 demum
1147 2048 1249 2086 enim
1279 2057 1460 2085 numerus
1489 2051 1641 2096 praeter
1669 2058 1729 2086 res
1759 2047 1863 2097 ipsas
1896 2049 1934 2084 et

138 2120 162 2147 a
190 2108 306 2146 rebus
338 2107 557 2145 abstractus
587 2109 646 2143 est
676 2103 871 2143 diversum
902 2104 1050 2154 aliquid
1082 2105 1132 2144 ab
1162 2106 1278 2155 ipsis,
1322 2109 1380 2143 est
1409 2115 1462 2143 sc.
1496 2110 1705 2155 conceptus
1735 2106 1775 2143 in
1804 2108 1932 2144 mente

136 2166 371 2217 pluralitatis
400 2176 526 2204 rerum
558 2162 866 2212 individuarum3
899 2163 953 2201 sic
984 2164 1098 2201 etiam
1132 2163 1225 2202 ordo
1258 2164 1339 2213 ipse
1370 2173 1551 2201 sonorum
1582 2168 1621 2202 et
1650 2163 1813 2202 aliorum
1841 2173 1933 2202 sen-
1992 2174 1994 2176 ·

137 2224 288 2272 silium,
322 2234 399 2273 quo
431 2222 478 2261 de
510 2222 572 2260 hic
604 2222 773 2270 agimus,
816 2232 892 2260 non
924 2225 984 2259 est
1014 2222 1222 2271 quicquam
1254 2221 1379 2269 aliud,
1421 2233 1538 2271 quam
1573 2222 1647 2272 ipsi
1676 2222 1761 2260 soni
1789 2221 1932 2272 plures,
1989 2235 1994 2254 ε

138 2284 213 2321 nisi
242 2281 403 2322 accedat
433 2293 553 2329 mens,
586 2291 812 2329 comparans
843 2290 960 2317 sonos
992 2280 1089 2317 inter
1119 2291 1160 2318 se
1191 2279 1408 2319 differentes
1436 2282 1624 2329 acumine,
1657 2285 1696 2319 et
1724 2277 1933 2329 in'genere
1992 2277 1994 2282 “

138 2341 274 2380 relatio
314 2342 437 2378 omnis
477 2340 558 2377 sine
597 2343 723 2376 mente
762 2337 856 2375 nihil
888 2342 945 2376 est
975 2341 1244 2388 praeterquam
1286 2349 1357 2376 sua
1385 2337 1526 2386 relata,
1573 2339 1665 2388 quia
1705 2337 1827 2377 relata
1854 2347 1934 2375 non
1991 2350 1994 2368 2

139 2404 228 2438 sunt
265 2399 304 2437 id
335 2398 440 2448 quod
473 2397 669 2444 dicuntur,
711 2396 786 2434 nisi
816 2407 923 2434 mens
964 2395 1097 2445 aliqua
1128 2401 1387 2446 supponatur,
1428 2407 1528 2446 quae
1566 2396 1706 2436 referat
1734 2407 1855 2435 unum
1883 2393 1934 2434 ad
1991 2396 1994 2417 ⁴

138 2458 313 2497 alterum.
897 2475 900 2479 ·

257 2514 371 2564 Quod
408 2515 525 2563 igitur
566 2514 603 2550 in
636 2523 776 2563 genere
814 2511 861 2551 de
903 2511 1034 2550 ordine
1076 2511 1201 2562 deque
1231 2512 1417 2550 relatione
1457 2523 1590 2550 verum
1620 2515 1699 2560 est,
1741 2510 1779 2549 id
1811 2509 1933 2549 multo
1991 2505 1994 2550 ⁴,

142 2575 308 2613 maxime
339 2571 642 2612 subsumendum
676 2571 721 2609 de
753 2570 972 2618 harmonia,
1013 2581 1112 2619 quae
1145 2572 1182 2607 in
1214 2572 1461 2620 proportione
1499 2570 1674 2608 consistit
1712 2570 1829 2619 inque
1858 2579 1934 2607 nu·
1990 2554 1994 2577 ¹

143 2633 354 2671 meratione
384 2631 552 2681 partium
585 2629 814 2678 quantitatis
845 2627 1084 2677 aequalium,
1118 2628 1264 2667 scilicet
1295 2633 1338 2666 ut
1357 2629 1544 2667 subsistat
1574 2632 1612 2666 et
1641 2632 1684 2666 ut
1705 2639 1780 2666 ease
1810 2627 1935 2695 possit
1984 2626 1994 2671 ,ἶ

143 2691 282 2740 aliqua
312 2687 465 2744 sensilis
496 2688 713 2735 harmonia,
755 2690 908 2736 praeter
938 2685 1034 2738 duos
1075 2685 1236 2725 sensiles
1267 2689 1448 2726 terminos
1487 2690 1662 2736 oportere
1699 2689 1738 2724 et
1766 2686 1934 2724 animam
1988 2702 1994 2714 ιγ

143 2760 227 2788 esse
259 2739 563 2798 comparantem3
596 2746 668 2784 hac
699 2746 799 2784 enim
831 2743 1006 2791 sublata,
1039 2745 1189 2783 termini
1221 2745 1376 2795 quidem
1408 2748 1518 2784 erunt
1548 2743 1624 2782 duo
1655 2743 1834 2793 sensilia,
1865 2741 1933 2783 sed
1987 2738 1994 2794 ᾖ

144 2818 222 2846 non
253 2811 365 2845 erunt
394 2816 473 2843 una
502 2804 723 2852 harmonia,
756 2814 823 2841 ens
854 2803 1026 2840 rationis.

258 2863 481 2903 Videndum
521 2874 622 2901 nunc
659 2863 774 2901 etiam
813 2859 860 2899 de
899 2860 1034 2906 tertio,
1077 2871 1127 2897 sc.
1173 2859 1219 2899 de
1249 2862 1468 2911 receptione
1509 2870 1633 2898 rerum
1663 2857 1862 2898 sensilium
1892 2859 1932 2895 in

147 2923 315 2960 animum
347 2922 508 2972 ejusque
538 2922 769 2961 necessitate
808 2923 845 2957 et
875 2917 1003 2958 modo.
1064 2917 1251 2957 Nimirum
1290 2919 1492 2958 harmonia
1523 2923 1581 2957 est
1622 2929 1682 2957 res
1712 2929 1811 2965 una,
1854 2921 1933 2956 ter-

148 2981 239 3017 mini
269 2980 429 3019 sensiles
459 2981 551 3019 foris
583 2984 690 3018 extra
719 2978 888 3017 animam
917 2987 994 3014 non
1025 2981 1113 3013 sunt
1143 2988 1203 3015 res
1234 2989 1333 3023 una,
1374 2988 1445 3015 nec
1474 2977 1626 3025 uspiam
1655 2976 1730 3014 nisi
1760 2976 1863 3013 intus
1894 2975 1932 3020 in
1979 2974 1982 2975 ⁷

151 3039 279 3076 anima
307 3043 471 3088 possunt
503 3037 675 3076 adunari.
735 3036 823 3075 Non
851 3038 1016 3085 possunt
1035 3045 1126 3072 vero
1158 3036 1261 3085 intus
1293 3047 1389 3083 esse,
1419 3035 1492 3072 nisi
1514 3035 1718 3072 introrsum
1738 3033 1932 3082 recipian-
1991 3075 1994 3077 ,

148 3099 221 3143 tur,
252 3095 356 3145 quod
385 3095 515 3137 multis
546 3096 672 3135 verbis
703 3095 753 3136 ab
784 3093 1020 3148 experientia
1049 3092 1202 3144 probari
1242 3100 1324 3132 non·
1350 3098 1408 3131 est
1439 3103 1548 3145 opus.
1608 3091 1746 3133 Potest
1776 3090 1932 3143 quidem
