1988 3276
549 267 591 342 J
594 263 890 341 OANNIS
938 256 1346 338 KEPPLERI

82 454 1161 574 HARMoNIGEs
1263 451 1808 569 MUNDI

787 682 1009 744 LIBRI
1057 683 1115 743 V.

849 801 1033 843 quonum

58 898 208 938 Primus
238 897 614 947 Geometricus,
644 897 704 938 De
734 897 943 949 figurarum
970 896 1221 947 regularium,
1252 907 1352 947 quae
1381 894 1648 946 proportiones
1677 892 1832 931 barmo-

192 968 300 1008 nieus
328 968 587 1015 constituunt,
619 971 706 1006 ortu
735 971 774 1007 et
802 965 1204 1006 demonstrationibus.

58 1035 260 1077 Sea-dns
288 1037 758 1085 Architectonicus,
788 1047 859 1076 seu
888 1047 936 1075 ex
965 1034 1188 1075 Geometria
1209 1035 1413 1086 Figurata,
1446 1033 1505 1073 De
1534 1032 1742 1083 figurarum
1770 1041 1833 1070 re·

193 1105 384 1158 gularium
414 1108 666 1158 congruentia
693 1107 734 1144 in
763 1105 881 1157 plano
910 1104 975 1145 vel
1004 1103 1143 1144 solido.

59 1174 211 1215 Tertius
239 1177 392 1227 proprie
411 1175 770 1223 Eumenicae,
801 1175 862 1215 De
891 1175 1181 1226 proportionum
1201 1173 1511 1213 harmonicarum
1540 1174 1625 1211 ortu
1654 1183 1702 1210 ex
1732 1170 1834 1221 figu-

192 1244 263 1284 ris:
301 1244 424 1295 deque
453 1251 591 1284 natura
631 1250 668 1284 et
699 1243 920 1284 differentiis
948 1255 1073 1283 rerum
1102 1242 1154 1283 ad
1184 1247 1339 1282 cantum
1368 1243 1659 1294 pertinentium,
1701 1244 1834 1280 contra

193 1318 356 1355 veteres.

70 1384 243 1434 Quartus
270 1383 678 1435 Metaphysicus,
717 1382 1115 1434 Psychologicus
1157 1386 1196 1422 et
1231 1381 1607 1432 Astrologicus,
1651 1380 1712 1419 De
1741 1379 1834 1418 har-

192 1455 407 1494 moniarum
445 1452 603 1493 mentali
640 1454 807 1493 essentia
845 1464 1054 1503 earumque
1092 1451 1295 1502 generibus
1336 1453 1375 1490 in
1404 1450 1568 1500 mundo;
1611 1449 1834 1501 praesertim

195 1522 243 1563 de
271 1522 472 1562 harmonia
500 1522 694 1561 radiorum
730 1534 778 1561 ex
814 1523 1039 1573 corporibus
1070 1520 1301 1561 coelestibus
1338 1521 1376 1557 iu
1406 1519 1565 1558 Terram
1596 1517 1833 1558 descenden-

194 1592 320 1640 tibus,
352 1592 513 1642 ejusque
544 1591 680 1631 effectu
709 1592 748 1629 in
778 1595 915 1630 natura
945 1602 1014 1630 seu
1044 1591 1175 1629 anima
1203 1588 1400 1628 sublunari
1433 1594 1471 1628 et
1499 1585 1680 1626 huma‘na.

61 1661 227 1712 Quintus
264 1660 652 1700 Astronomicus
681 1666 720 1700 et
747 1659 1152 1711 Metaphysicus,
1196 1659 1256 1698 De
1286 1659 1496 1698 harmoniis
1537 1657 1832 1696 absolutissimis

194 1735 366 1770 motuum
388 1730 610 1770 coelestium
640 1734 802 1780 ortuque
824 1732 1151 1770 excentricitatum
1181 1741 1226 1769 ex
1247 1727 1560 1780 proportionibus
1587 1726 1831 1767 harmonicis.

8 1833 18 1841 .
59 1801 159 1851 App
170 1799 316 1839 endrx
358 1798 476 1838 habet
516 1799 839 1850 comparationem
875 1799 991 1849 hujus
1032 1801 1158 1850 operis
1195 1811 1280 1839 cum
1316 1798 1570 1838 Harmonices
1608 1796 1667 1836 c}
1696 1795 1834 1835 Ptole-

190 1870 292 1908 maei
320 1869 419 1908 libro
449 1868 519 1909 III.
554 1880 717 1920 cumque
746 1868 906 1908 Roberti
935 1868 983 1908 de
1014 1868 1235 1918 Fluctibus,
1279 1868 1370 1908 dicti
1397 1866 1518 1915 Flud,
1549 1866 1693 1906 Medici
1722 1864 1832 1905 Oxo-

194 1939 338 1978 niemis
366 1938 695 1989 speculationibus
724 1937 981 1987 Harmonicis,
1012 1940 1119 1990 operi
1148 1938 1196 1978 de
1224 1938 1490 1977 Macrocosmo
1520 1942 1560 1976 et
1578 1935 1832 1976 microcosmo

198 2008 364 2049 insertis.

58 2120 199 2157 Acessit
231 2130 325 2156 nune
351 2123 498 2165 propter
526 2119 772 2165 cognationem
799 2119 968 2156 materiae
1010 2118 1170 2164 ejusdem
1207 2119 1366 2156 auctoris
1406 2118 1498 2155 liber
1525 2123 1609 2155 ante
1642 2118 1687 2155 23
1722 2128 1832 2155 annos

61 2177 178 2214 editus
201 2176 398 2222 Tubingae,
426 2177 483 2212 cui
504 2177 628 2213 titulus
652 2177 932 2223 Prodromus,
957 2188 1021 2214 sen
1041 2178 1252 2223 mysterium
1274 2178 1621 2224 cosmographiam,
1647 2177 1691 2213 de
1714 2176 1833 2212 causis

118 2233 304 2272 coelorum
326 2235 473 2282 numeri,
497 2236 736 2281 proportionis
761 2240 992 2281 motuumque
1015 2236 1286 2281 periodicorum,
1313 2245 1359 2271 ex
1383 2235 1540 2281 quinque
1563 2233 1771 2280 corporibus

822 2292 1058 2338 regularibus.

427 2439 539 2485 Cum
576 2439 622 2486 S.
659 2441 707 2486 C.
743 2440 796 2486 M.
834 2440 1075 2499 Privilegio
1112 2440 1173 2487 ad
1208 2452 1349 2487 annos
1382 2438 1471 2486 XV.

690 2990 869 3028 mon
896 2992 1177 3030 susm
1189 3018 1199 3038 ,

184 3052 367 3091 Sumtibus
393 3054 587 3092 Godofredi
611 3052 1123 3150 TambachgmngssEaffif.
1149 3054 1350 3092 excutiebat
1372 3053 1529 3090 Joannes
1553 3053 1716 3092 Plancus.
