1994 3276
766 83 1215 130 sfflv.stputm
1367 97 1370 109 ·
1815 87 1901 128 2¹12
1952 102 1953 105 ¹

114 204 410 252 “Solu-sd
427 217 476 246 ex
504 205 628 244 'l'erra
654 202 942 255 manantibus,
983 201 1033 241 de
1060 201 1205 252 quibus
1234 202 1319 251 agit
1346 201 1415 241 lib.
1447 201 1519 240 VI.
1547 201 1620 253 Ep.
1650 202 1757 241 Astr.
1788 201 1900 253 Cop„

51 303 66 314 ,
108 266 144 304 h
170 265 294 312 edat,
333 276 467 305 eorum
498 264 688 302 rationem
722 263 764 300 iu
799 261 876 300 boc
904 261 1067 310 negotio·
1102 258 1220 310 plane
1256 259 1407 299 nullam
1442 259 1598 309 baberi;
1637 270 1733 298 sane
1772 271 1901 312 neque

109 322 247 374 debet,
288 333 378 366 cum
405 321 527 362 Terra
555 332 633 360 non
662 321 715 365 sit
741 320 829 360 sous
859 323 989 358 motus
1019 319 1209 368 ipsorum,
1250 329 1377 367 neque
1405 323 1558 369 potest,
1595 328 1683 356 cum
1713 325 1842 357 motus
1873 321 1900 357 ii

110 392 190 427 nou
217 386 367 426 taum
398 381 438 419 in
467 391 614 419 meram
643 380 813 428 quietem
841 388 912 416 seu
942 378 1151 415 stationem
1181 381 1444 427 apparentem,
1475 375 1544 415 sed
1570 374 1687 426 plane
1716 377 1754 414 ιιι
1775 383 1901 416 retro-

107 436 388 491 gradationem,
419 444 609 488 quantum
638 435 688 475 ad
716 428 895 476 fallacem
914 435 1195 486 apparentiam,
1227 433 1473 484 degenerent,
1505 445 1584 485 qna
1606 435 1755 473 ratione
1775 437 1901 474 omnis

109 498 403 549 proportionum
430 495 601 535 infinitas
631 494 811 534 omnibus
841 492 1007 544 planetis
1036 491 1153 531 simul
1182 497 1222 531 et
1252 503 1301 531 ex
1330 503 1458 542 aequo
1488 493 1681 530 tribuitur.
1741 490 1795 532 Ut
1823 494 1902 544 igi-

107 562 171 599 mr
197 560 345 596 eertum
374 554 610 601 babeamus,
649 551 786 603 quales
814 551 1086 602 proportiones
1124 551 1299 602 proprias
1338 552 1575 589 constituant
1613 550 1739 588 diurni
1768 558 1899 591 motus

106 612 349 664 singularum
376 624 554 652 verarum
584 611 794 650 orbitarum
824 610 1123 649 eccentricarum
1154 604 1268 662 (licet
1310 613 1350 647 et
1386 610 1460 660 ipsi
1500 607 1628 647 adbuc
1667 615 1901 660 apparentes

107 668 212 724 sint,
228 670 351 711 veluti
379 671 571 722 spectanti
601 681 650 709 ex
678 667 784 716 Sole,
814 667 922 707 fonte
951 664 1125 721 motus),
1161 665 1398 706 removenda
1427 668 1535 717 prius
1565 671 1624 705 est
1653 667 1703 705 ab
1734 668 1782 705 iis
1812 670 1900 707 mo*

107 729 213 769 tibus
241 730 407 779 propriis
436 728 534 767 baec
562 727 770 777 phantasia
799 727 1014 765 communis
1043 725 1222 764 omnibus
1252 727 1423 774 quinque
1451 730 1579 762 motus
1600 725 1719 763 annui
1749 725 1900 766 adveu-

109 789 199 835 titii,
228 789 315 826 sive
344 786 411 826 illo
439 798 487 825 ex
518 788 642 837 ipsius
671 783 840 823 Telluris
869 788 979 822 motu
1009 785 1156 822 oriatur
1184 782 1399 822 secundum
1431 783 1707 832 Copernicum‚
1737 785 1821 822 sive
1852 796 1900 824 ex

108 850 217 885 motu
245 845 469 896 systematis
499 845 620 883 totius
657 852 787 882 annuo
817 842 1031 881 secundum
1061 840 1288 893 Tyebonem
1319 839 1467 887 mee,
1511 847 1718 890 motusque
1759 844 1899 893 cuique

79 919 83 921 “
110 903 294 955 planetae
321 904 471 955 proprii
502 901 694 941 enucleati
724 900 797 938 sub
827 905 1077 951 conspectum
1108 898 1341 949 subjiciendi
1372 907 1475 937 sunt.

229 957 397 1002 Octavo.
454 959 658 999 Hactenus
687 959 837 1011 egimus
867 957 915 997 de
946 957 1111 996 diversis
1141 959 1259 996 moris
1291 957 1354 996 vel
1379 958 1547 996 arcubus
1577 958 1694 996 unius
1724 963 1763 997 et
1793 958 1901 1008 ejus-

109 1018 198 1059 dem
225 1018 418 1071 planetae.
477 1017 571 1058 Jam
600 1018 719 1058 etiam
750 1015 798 1055 de
826 1017 1004 1055 binorum
1035 1015 1278 1065 planetarum
1300 1016 1469 1054 motibus
1500 1015 1600 1054 inter
1622 1026 1668 1054 se
1696 1026 1902 1067 compara-

108 1079 160 1117 tis
189 1077 395 1131 agendum.
457 1075 533 1116 Ubi
562 1082 657 1116 nota
686 1073 950 1113 definitionem
980 1075 1243 1123 terminorum,
1274 1076 1339 1125 qui
1358 1079 1449 1112 sunt
1463 1073 1586 1112 nobis
1615 1073 1732 1112 futuri
1763 1085 1902 1114 neces-

109 1137 214 1175 sarii.
274 1134 497 1186 Apsidas
538 1134 788 1185 proximas
829 1131 992 1171 duorum
1030 1132 1276 1182 planetarum
1309 1131 1482 1170 dicemus
1519 1127 1766 1182 peribelium
1780 1144 1901 1184 supe-

108 1195 220 1232 rioris
250 1198 290 1232 et
317 1193 516 1244 aphelium
546 1192 747 1239 inferioris,
778 1202 855 1229 uon
879 1191 1072 1236 obstante,
1105 1191 1209 1240 quod
1230 1190 1321 1228 illae
1343 1195 1509 1239 vergunt
1529 1192 1567 1227 in
1589 1189 1746 1239 plagam
1768 1191 1901 1229 mundi

108 1261 186 1290 nou
217 1251 401 1299 eandem,
439 1251 507 1290 sed
539 1251 713 1289 diversas
742 1253 781 1288 et
809 1249 907 1288 forte
938 1249 1160 1287 contrarias.
1221 1248 1388 1286 Motus
1429 1254 1687 1287 extremos
1727 1249 1900 1299 intellige
1929 1260 1937 1268 ·

108 1309 368 1349 tardissimum
397 1315 437 1348 et
467 1308 753 1348 velocissimum
783 1308 905 1346 totius
936 1308 1118 1345 circuitus
1154 1305 1383 1356 planetarii3
1422 1312 1783 1354 convergentes
1822 1319 1901 1346 ex-

107 1371 285 1407 tremos
313 1379 402 1406 seu
432 1358 734 1413 conversos,
775 1366 841 1414 qui
872 1365 1031 1416 suntxin
1064 1365 1241 1403 binorum
1270 1365 1471 1415 apsidibus
1500 1366 1707 1414 proximis,
1749 1365 1900 1404 scilicet

111 1427 152 1463 iu
179 1425 368 1477 perihelio
405 1426 615 1476 superioris
657 1429 695 1462 et
725 1423 879 1474 aphelio
915 1423 1124 1470 inferioris3
1168 1422 1485 1473 divergentes
1528 1421 1611 1460 vel
1650 1422 1898 1472 diversos,

110 1485 177 1534 qui
205 1483 254 1521 ‘in
291 1483 494 1534 apsidibns
535 1483 741 1534 oppositis,
782 1481 933 1520 scilicet
972 1480 1128 1530 aphelio
1158 1482 1368 1531 superioris
1409 1487 1448 1519 et
1477 1479 1665 1531 perihelio
1696 1481 1898 1520 inferioris.

106 1540 274 1580 Rursum
313 1538 442 1590 igitur‘
470 1541 534 1580 bic
571 1540 702 1590 aliqua
739 1550 831 1589 pars
872 1541 948 1578 mei
988 1538 1166 1588 Mysterii
1197 1539 1537 1590 Cosmograpbici,
1576 1550 1769 1589 suspensa
1807 1546 1899 1579 ante

109 1601 163 1638 22
194 1610 331 1647 annos,
361 1601 455 1649 quia
483 1599 654 1638 nondum
684 1597 880 1646 liquebat,
912 1596 1155 1635 absolvenda
1185 1602 1224 1635 et
1253 1597 1330 1636 huc
1361 1596 1559 1635 inferenda
1590 1602 1661 1635 est.
1720 1597 1898 1636 Inventis

76 1658 209 1696 ‘'-enim
239 1658 342 1696 veris
372 1657 522 1696 orbium
551 1655 767 1695 intervallis
797 1665 864 1704 per
894 1655 1187 1693 observationes
1210 1655 1349 1693 Brabei
1382 1656 1537 1705 plurimi
1559 1652 1743 1704 temporis
1763 1655 1898 1695 labore

106 1717 302 1763 continuo,
333 1715 502 1762 tandem,
534 1714 690 1754 tandem
721 1713 890 1762 genuina
925 1713 1123 1763 proportio
1155 1718 1369 1762 temporum
1407 1712 1691 1763 periodicorum
1720 1713 1771 1751 ad
1801 1725 1895 1764 pro-

105 1775 321 1824 portionem
352 1773 502 1812 orbium
564 1795 616 1802 --
677 1793 730 1799 —-
803 1781 893 1808 sera
923 1770 1083 1820 quidem
1112 1774 1281 1819 respexit
1314 1774 1501 1819 inertem,

441 1830 623 1880 Respexit
652 1834 788 1867 tamen
817 1833 854 1865 et
881 1829 1002 1878 lonyo
1025 1833 1118 1877 poet
1147 1833 1321 1877 tempore
1352 1832 1483 1878 ven2‘13

106 1899 244 1938 eaque,
273 1889 307 1940 si
335 1891 519 1938 temporis
550 1886 734 1927 articulos
762 1887 876 1935 petis,
910 1887 946 1924 8.
979 1886 1092 1925 Mart.
1122 1885 1237 1935 hujus
1268 1888 1358 1925 anni
1398 1887 1592 1925 millesimi
1621 1888 1894 1925 sexcentesimi

106 1942 404 1985 deeimi'oetavi
446 1949 576 1985 animo
615 1949 825 1994 concepta,
864 1943 934 1982 sed
976 1944 1178 1982 infeliciter
1217 1945 1266 1982 ad
1297 1945 1468 1984 calculos
1498 1949 1640 1983 vocata
1670 1942 1795 1994 eoque
1826 1956 1895 1996 pro

105 2003 208 2043 falsa
234 2005 392 2054 rejecta,
424 2004 592 2053 denique
628 2005 689 2043 15,
718 2001 816 2051 Maji
846 2013 1014 2049 reversa,
1046 2013 1149 2039 novo
1182 2009 1296 2054 capto
1319 2005 1463 2054 impetu
1494 2004 1734 2052 expugnavit
1752 2005 1895 2041 mentis

111 2060 222 2102 meaev
250 2063 442 2107 tenebras,
473 2067 584 2101 tanta
613 2060 928 2110 comprobatione
958 2067 998 2099 et
1026 2060 1169 2098 laboris
1197 2063 1272 2099 mei
1303 2059 1660 2112 septendecennalis
1689 2063 1727 2098 in
1758 2061 1895 2099 obser-

109 2121 334 2159 vationibus
365 2120 580 2159 Braheanis
619 2125 658 2157 et
686 2118 949 2157 meditationis
980 2118 1096 2167 hujus
1134 2119 1173 2155 iu
1204 2130 1322 2157 unum
1354 2121 1672 2170 conspirantium,
1716 2124 1757 2156 ut
1786 2130 1895 2157 som-

109 2179 216 2217 niare
246 2190 307 2216 me
337 2183 377 2216 et
404 2187 649 2228 praesumere
679 2177 895 2226 quaesitum
936 2178 1032 2214 inter
1067 2177 1257 2226 principia
1295 2179 1418 2228 primo
1460 2177 1665 2216 crederem.
1725 2175 1803 2215 Sed
1832 2188 1895 2215 res

109 2237 404 2275 estcertissima
421 2237 759 2284 exactissimaque,
792 2234 896 2283 quod
926 2237 1210 2284 proportio,
1243 2247 1366 2284 quae
1397 2242 1470 2275 est
1498 2236 1631 2272 in'te'r
1661 2234 1893 2272 binorum

110 2301 522 2343 quorumcunque
564 2293 878 2343 planetarum
931 2299 1164 2341 tempora
1214 2294 1491 2343 periodica,
1546 2293 1612 2330 sit
1663 2293 1892 2341 praecise

110 2351 447 2400 sesquialtera
484 2351 838 2401 proportionis
874 2350 1135 2388 mediarum
1178 2349 1561 2395 distantiarum,
1604 2349 1653 2386 id
1695 2355 1774 2387 est
1817 2360 1892 2388 or-

108 2410 135 2447 b
146 2410 241 2447 ium
272 2410 320 2458 ip
331 2420 491 2446 sorum
505 2422 516 2457 ς
547 2415 695 2447 attento
726 2414 852 2446 tamen
873 2408 959 2454 hoc,
992 2407 1097 2455 quod
1128 2407 1297 2446 medium
1328 2410 1610 2447 arithmeticum
1627 2408 1726 2445 inter
1743 2412 1892 2445 utram-

25 2458 46 2499 ’ᾗ
114 2478 190 2516 que
221 2466 448 2504 diametrum
478 2466 670 2517 ellipticae
701 2467 849 2503 orbitae
887 2467 938 2503 sit
967 2464 1085 2514 paulo
1116 2467 1242 2502 miuus
1272 2466 1454 2515 longiore
1493 2466 1695 2504 diametro.
1752 2465 1891 2514 Itaque

110 2527 144 2562 si
174 2526 262 2573 quis
292 2536 338 2562 ex
368 2524 539 2573 periodo,
572 2525 679 2563 verbi
710 2535 828 2561 causa
857 2522 1038 2573 Telluris,
1069 2534 1168 2572 quae
1199 2528 1260 2560 est
1287 2536 1412 2562 annus
1444 2536 1553 2572 unus,
1585 2529 1625 2562 et
1654 2534 1700 2561 ex
1730 2523 1890 2572 periodo

5 2612 7 2614 .
50 2618 56 2620 ,
107 2582 264 2621 Saturni
292 2583 452 2623 triginta
479 2593 668 2620 annorum
696 2581 875 2619 sumserit
905 2583 1059 2618 tertiam
1088 2583 1346 2631 proportionis
1377 2589 1538 2632 partem,
1582 2581 1621 2618 id
1651 2586 1711 2619 est
1739 2580 1891 2620 radices

1 2681 4 2682 ⁷
30 2660 46 2687 χ
111 2641 280 2686 cubicas,
312 2645 351 2677 et
380 2639 497 2687 hujus
523 2641 779 2689 proportionis
811 2638 970 2688 duplum
1002 2639 1145 2685 fecerit,
1177 2638 1373 2678 radicibus
1403 2641 1591 2690 quadrate
1611 2638 1888 2687 multiplicatis,

38 2697 42 2700 ’
110 2699 144 2735 is
174 2697 293 2737 habet
320 2699 359 2734 in
388 2696 667 2746 prodeuntibus
693 2698 860 2734 numeris
891 2696 1183 2735 intervallorum
1215 2696 1356 2736 Terrae
1388 2704 1426 2736 et
1456 2698 1610 2736 Saturni
1641 2709 1666 2735 a
1684 2696 1775 2734 Sole
1805 2707 1890 2736 me·-

5 2767 14 2808 s
39 2774 61 2791 a
110 2755 259 2793 diorum
289 2756 576 2804 proportionem
601 2754 917 2805 justissimamf)
975 2754 1074 2792 Nam
1105 2756 1242 2792 cubica
1272 2755 1380 2792 radix
1399 2756 1447 2793 de
1473 2759 1489 2793 l
1525 2761 1585 2793 est
1610 2757 1643 2801 l,
1674 2754 1761 2803 ejus
1788 2765 1889 2803 qua-

44 2822 55 2845 ἰ
108 2812 260 2850 dratum
294 2815 337 2861 13
380 2818 420 2851 et
448 2813 587 2850 cubica
614 2811 723 2849 radix
753 2812 801 2850 dc
833 2813 887 2850 30
916 2819 976 2850 est
1005 2813 1129 2861 major
1159 2824 1274 2862 quam
1306 2815 1353 2859 3,
1396 2813 1480 2861 ejus
1512 2815 1628 2861 igitur
1657 2811 1888 2862 quadratum

0 2881 2 2883 ’
40 2871 44 2920 J
110 2870 237 2919 majus
276 2881 391 2919 quam
424 2871 462 2908 9.
521 2867 570 2907 Ει
600 2868 805 2916 Saturnus,
845 2869 1087 2908 mediocriter
1128 2870 1277 2908 distans
1314 2882 1338 2907 a
1368 2870 1480 2918 Sole,
1520 2870 1638 2920 paulo
1676 2870 1790 2908 altior
1827 2877 1887 2910 est

213 3027 1885 3062 ⁴)NnmirascNJmmet1-irMartisupxnvlmfwtass(111.353)probnvtmmednmboemthneuem

5 3051 46 3109 ’,ἕ
75 3064 78 3065 ’
111 3062 161 3087 vel
179 3061 309 3094 ipaams
292 3069 361 3089 osse
368 3035 551 3090 ”dimetrum
569 3063 683 3094 eir-euti,
704 3070 754 3095 qur
744 3063 820 3088 ionl
803 3064 886 3095 ugitu
868 3063 956 3090 udins
972 3071 1046 3098 aequ
1030 3069 1080 3091 uat
1098 3066 1147 3091 elli
1140 3065 1294 3097 rptieamo
1277 3065 1340 3091 crib
1343 3068 1411 3097 tam,
1436 3066 1485 3091 vel
1504 3073 1539 3093 sa
1556 3067 1688 3101 proximo
1705 3068 1813 3097 Ιιιιιιιι.
