1988 3276
832 112 1030 150 Decimio.
1190 80 1194 87 x
1769 115 1822 154 ⁰19

48 228 267 282 exemplum
293 228 478 280 revertar)
518 232 558 269 in
598 242 743 272 meram
779 236 819 271 et
856 230 1072 272 durabilem
1108 231 1346 271 harmoniam
1376 232 1609 271 terminetur.
1668 230 1757 282 Qua
1784 232 1824 270 in

47 299 117 339 spo
146 289 263 328 etiam
290 293 423 343 eontra
451 300 560 340 spem
589 288 789 329 confirmor
815 300 894 329 non
922 294 1074 330 tantum
1102 300 1285 330 successu
1312 301 1484 329 mearum
1515 287 1823 341 speculationum

47 344 372 396 harmoniarum,
412 351 455 385 nt
493 347 604 398 cujus
637 346 803 387 felicitas
840 347 1046 389 audaciam
1073 348 1113 386 in
1143 347 1363 416 quaerendo
1391 347 1615 399 longissime
1645 352 1823 399 superat.

47 403 119 443 sed
145 405 263 444 etiam
290 403 365 444 hoc
392 405 493 461 ipso,
522 404 627 456 quod
645 406 742 445 inter
761 411 901 455 cetera,
931 418 1046 459 quae,
1075 405 1126 446 ad
1154 406 1282 458 operis
1304 406 1576 458 perfectionem
1594 408 1825 455 necessaria,

47 473 115 512 per
141 466 201 502 tot
223 462 307 512 jam
335 473 457 502 annos
486 463 638 503 fuerunt
666 463 753 503 loco
784 465 957 516 pristino,
988 464 1237 514 Majestatem
1265 465 1382 504 etiam
1401 464 1528 503 Tuam
1556 464 1731 515 Regiam,
1762 465 1826 504 cui

46 520 300 571 patrocinium
329 522 477 572 operis,
517 526 728 572 autequam
757 523 1007 575 inciperetur,
1037 522 1333 570 destinaveram,
1363 522 1564 573 hucusque
1594 521 1825 562 ineolumem

46 579 90 617 et
111 576 312 618 florentem
330 577 434 618 vidi:
462 591 534 620 nec
561 578 736 619 desinam
764 593 790 619 a
811 580 910 630 Deo,
930 580 1045 621 Pacis
1074 586 1113 621 et
1132 580 1370 621 Concordiae
1391 586 1562 629 auctore,
1595 580 1826 621 contendere

47 633 198 675 devotis
225 636 422 688 precibus,
462 639 520 676 nti
548 638 629 680 tihi
658 643 698 678 et
728 639 848 679 vitam
878 644 917 679 et
945 638 1194 690 Maiestatem
1223 638 1386 690 Regiam
1414 650 1537 690 usque
1570 639 1619 678 ad
1650 644 1825 691 optatum

45 692 156 732 illum
183 699 367 734 eventum
394 695 627 736 incolumem
655 700 820 736 tueatur.

155 750 316 792 Interim
341 752 497 804 Majest.
526 753 654 796 'ruam
685 754 1063 795 Reverondissimam
1101 754 1266 807 supplex
1301 766 1419 807 rogo,
1458 760 1503 794 ut
1541 759 1580 794 et
1617 754 1692 794 hoc
1727 765 1825 806 opus

44 808 310 862 Hannonices,
341 810 496 851 Nemini
523 814 597 858 s'no
626 806 858 865 dedicatum,
885 824 1023 853 sereno
1054 814 1165 853 vultu
1187 811 1379 864 adspiciat
1406 818 1447 853 et
1474 813 1577 852 hanc
1604 814 1682 852 mei
1701 812 1826 852 devo-

43 868 182 908 tissimi
211 866 372 910 affectus
414 871 453 908 in
484 869 535 909 Se
564 870 883 921 significationem
911 873 1026 923 aequi
1055 873 1224 923 bonique
1263 870 1464 923 consulat,
1501 869 1823 923 contemplatione

4 959 6 961 .
45 932 138 965 vem
166 923 337 978 Operum
366 927 445 968 Dei
469 927 636 980 Regium
675 928 843 970 oblectet
880 930 1068 979 animum,
1109 935 1296 981 qnantum
1335 940 1404 981 per
1432 930 1669 969 necessarias
1698 928 1825 979 Regni

44 985 316 1036 occupationes
343 985 493 1028 licebit:
532 991 573 1027 et
600 987 787 1039 exemplis
817 988 1055 1029 Concordiae
1084 987 1431 1040 resplendesecntis
1460 999 1508 1027 ex
1538 987 1719 1039 operibus
1749 987 1824 1026 Dei

44 1041 262 1081 visibilibus
299 1043 470 1084 studimn
509 1046 549 1083 in
587 1057 630 1085 se
659 1046 887 1086 concordiae
929 1051 968 1087 et
998 1048 1106 1099 pacis
1135 1046 1421 1086 ecclesiasticae
1449 1051 1489 1085 et
1516 1045 1699 1097 politicae
1728 1056 1824 1084 con-

43 1098 166 1139 firmet
194 1101 429 1153 excitetque.
459 1102 625 1153 deniqne
656 1115 718 1144 me
745 1115 909 1155 meaque
938 1104 1069 1144 studia
1085 1104 1211 1155 Regio
1249 1115 1321 1143 suo
1358 1105 1573 1156 patrocinio
1604 1103 1824 1143 clementis·
1859 1138 1867 1146 .

43 1158 141 1197 simo
170 1157 359 1209 dignetur.
376 1157 413 1214 ¹)
470 1161 625 1201 Dabam
654 1161 801 1202 Lentiis
828 1163 980 1203 Noricis
1009 1163 1061 1203 ad
1088 1162 1230 1215 Ripam
1259 1162 1454 1215 Danubii,
1482 1161 1618 1202 Ididus
1648 1161 1824 1201 Februa-

43 1216 123 1266 riis,
150 1227 253 1256 anno
281 1229 396 1259 aerae
425 1218 634 1260 occidentis
663 1219 900 1260 MDCXIX.

314 1321 499 1364 Sereuiss.
530 1323 685 1375 Maiest.
715 1324 841 1365 'l'nam
871 1325 1033 1376 Regiam

236 1402 240 1407 ἱ
816 1429 931 1470 Omni
950 1441 1039 1470 cum
1057 1429 1313 1470 submissione
1333 1442 1522 1471 venerans

440 1485 537 1538 Imp.
568 1485 679 1527 Caes.
711 1487 899 1528 Matthiae
929 1488 1091 1539 ejusque
1120 1488 1292 1528 fidelium
1322 1487 1508 1528 Ordinum
1538 1487 1822 1529 Archiducatus

729 1546 910 1586 Austriae
939 1546 1260 1599 Supr-Anisanae
1288 1546 1587 1588 Mathematicus

917 1604 1126 1644 Johoemoe
1155 1604 1392 1655 Kepplefloe.
