1988 3276
140 122 198 163 24
644 115 833 163 Epistolae
856 115 1008 164 Kopleri
1026 117 1254 165 afim-dinque
1276 120 1424 156 mutuae

140 247 220 285 τόις
249 237 486 292 &ammaonte
515 235 620 289 ὅροις
648 252 695 291 τῃ
727 252 771 279 τε
799 249 946 279 τουτων
973 241 1147 291 διαφορᾳ
1178 237 1200 291 ἦ
1233 236 1403 291 ὁλοτητα
1432 241 1587 291 amaon,
1615 237 1639 291 η’
1665 237 1934 280 dammum

141 311 226 339 um
260 301 441 349 διαιρεσιν
479 296 530 343 εἰς
569 296 633 338 ἶσα
668 306 925 348 σημαινοπες.
987 295 1152 348 Oportet
1189 303 1323 338 autem
1359 295 1475 350 ὅρους
1509 298 1550 336 ἰιι
1583 299 1717 367 primis
1753 298 1855 337 inter
1890 308 1940 336 se

141 357 309 396 numeris
340 357 562 396 consistere.

278 413 371 454 Jam
402 414 587 453 adeamus
617 413 804 454 musicam
835 417 874 453 et
903 413 993 454 vide
1022 414 1115 453 mihi
1144 421 1225 454 rem
1254 415 1481 463 mirabilem,
1512 415 1726 464 geometria
1755 413 1933 465 dignam.

143 472 248 525 quod
278 474 318 512 in
347 474 561 524 geometria
591 477 651 512 est
681 471 956 522 demonstrare,
987 472 1027 511 id
1057 477 1116 512 est
1144 474 1184 511 in
1214 474 1377 513 vocibus
1416 475 1470 526 (in
1500 478 1609 512 motu
1634 471 1799 524 scilicet)
1840 482 1936 512 con-

143 538 304 582 sonare3
349 535 446 572 sane
486 533 580 582 quia
619 530 880 571 demonstrare
912 534 971 570 est
999 543 1184 582 aequare,
1225 542 1404 572 mensura
1439 535 1608 584 reperta,
1650 537 1777 582 aequa
1805 535 1936 571 autem

143 587 325 641 ἁρμοττει
353 591 533 630 invicem.
593 590 643 629 Et
673 589 815 641 singuli
843 589 1000 640 quidem
1031 592 1133 643 λογοι
1162 590 1338 630 mirabile
1367 591 1446 630 fere
1477 589 1570 641 quid
1598 589 1756 630 habent.
1816 591 1937 642 Λογος

144 647 393 700 aequalitatis
429 649 470 686 in
510 649 723 699 geometria
761 649 916 699 petitur,
956 659 1033 687 non
1072 648 1365 688 demonstratur.
1424 649 1469 687 In
1499 648 1648 688 musica
1670 658 1831 699 quoque
1857 658 1936 686 non

142 707 232 761 plus
250 709 411 759 petiero,
440 718 559 758 quam
579 712 620 747 ut
641 708 745 746 auris
767 706 948 746 discentis
970 706 1156 757 dijudicet
1182 709 1476 747 consonantiam
1496 703 1635 747 vocum
1658 711 1697 746 et
1718 707 1936 754 unisonum,

147 771 277 806 cetera
305 773 438 805 aurem
469 777 541 815 ego
574 766 733 805 docebo.
771 765 824 804 At
844 771 921 804 non
950 767 1006 805 sic
1032 770 1193 805 veteres.
1233 766 1351 805 Plura
1382 768 1483 806 enim
1514 766 1565 805 ab
1592 766 1752 805 auribus
1779 765 1937 817 petiere,

147 830 265 876 atque
305 826 452 864 utinam
490 835 538 864 ea
573 829 688 864 recte.
750 825 872 876 Λογος
918 821 962 876 ’12
1004 829 1063 863 est
1104 824 1390 874 quodammodo
1426 825 1627 873 mentiens,
1669 823 1769 863 duae
1807 823 1939 875 partes

148 882 279 923 circuli
310 886 535 932 aequantur,
568 882 743 922 consistit
773 883 812 919 in
842 883 1010 921 numeris
1039 883 1211 933 integris.
1262 884 1312 922 Et
1341 888 1404 923 δια
1431 895 1568 923 πασῶν
1596 891 1752 933 quoque
1782 887 1842 922 est
1861 892 1939 920 vox

146 941 316 981 identica
346 940 645 991 quodammodo,
677 939 780 990 quod
811 941 931 991 probe
961 941 1129 980 inculcat
1159 941 1401 981 Aristoteles.
1462 942 1512 980 Et
1540 942 1579 979 in
1610 943 1757 981 musica
1786 949 1939 991 quoqne

147 999 199 1039 ad
241 1005 420 1039 octavam
463 1009 596 1040 omnes
637 1000 914 1039 consonantiae
956 999 1188 1047 collineant,
1228 1001 1432 1050 minusque
1472 1001 1672 1039 varietatis
1701 1001 1828 1039 estin
1866 998 1941 1037 hac

147 1070 264 1109 quam
306 1060 345 1096 in
385 1060 533 1098 ceteris.
606 1058 778 1096 Primam
817 1059 934 1097 etiam
973 1063 1124 1097 veteres
1165 1058 1465 1106 considerarunt,
1509 1059 1672 1109 primam
1710 1059 1941 1097 invenerunt

146 1129 232 1157 cum
262 1123 333 1156 sua
362 1116 613 1157 dimensione.
685 1116 756 1155 Est
785 1122 878 1155 vero
909 1120 947 1156 et
984 1113 1033 1171 's4
1065 1118 1103 1154 in
1142 1117 1300 1167 paribus
1340 1122 1379 1156 et
1414 1118 1507 1156 totis
1543 1118 1732 1165 numeris,
1772 1115 1940 1166 ideoque

146 1175 234 1215 huic
253 1180 343 1215 sunt
363 1175 463 1215 duae
484 1181 661 1215 octavae.
703 1174 799 1214 Post
829 1179 888 1213 est
919 1176 1027 1227 λογος
1052 1171 1122 1229 113,
1145 1175 1235 1214 hinc
1256 1180 1316 1214 est
1336 1179 1478 1214 octava
1507 1181 1594 1214 cum
1624 1176 1772 1226 quinta,
1802 1176 1940 1214 iterum

147 1235 291 1283 suavis,
325 1235 416 1284 quia
445 1235 644 1286 proportio
676 1237 734 1272 est
763 1234 802 1271 in
833 1233 992 1283 integris
1021 1235 1202 1273 numeris.
1271 1233 1399 1283 Hujus
1429 1233 1580 1285 duplus,
1616 1231 1686 1288 ¹l⁶2
1717 1237 1777 1273 est
1806 1234 1941 1283 quinta

147 1303 264 1344 supra
293 1292 390 1332 duas
421 1299 594 1332 octavas.
655 1291 821 1331 Multum
857 1291 1112 1342 jucunditatis
1149 1291 1270 1330 habet
1310 1292 1464 1332 ditonus
1494 1302 1610 1343 supra
1640 1292 1738 1331 duas
1768 1296 1941 1339 octavas,

147 1353 240 1402 quia
273 1350 356 1401 jam
397 1351 480 1400 ejus
522 1351 719 1401 proportio
766 1347 815 1405 ι15
855 1351 893 1387 in
932 1350 1090 1400 integris
1134 1350 1288 1400 quidem
1328 1352 1454 1390 tenuis
1494 1355 1569 1399 est,
1619 1349 1689 1390 sed
1727 1351 1863 1401 impari
1903 1353 1943 1388 et

150 1410 365 1461 quinario.'
398 1409 641 1448 Accedamus
681 1407 731 1447 ad
769 1408 1147 1460 superparticulares.
1215 1408 1317 1447 Nam
1354 1420 1400 1448 ex
1441 1405 1599 1459 ἦμιολιῳ
1630 1405 1686 1462 21,ι
1718 1413 1777 1448 est
1806 1409 1943 1459 quinta

148 1479 242 1508 sane
274 1476 389 1518 quam
416 1467 607 1517 jucunda,
640 1468 731 1517 quia
760 1467 993 1517 triangulum
1024 1471 1082 1507 est
1112 1466 1279 1517 perfecte
1310 1466 1622 1506 demonstrabile.
1675 1467 1735 1506 Ex
1765 1465 1942 1517 ἐπιτριτῳ

147 1524 203 1580 814
232 1531 292 1565 est
323 1531 461 1576 quarta
490 1536 639 1565 rursum
669 1526 849 1576 perfecta,
882 1527 975 1575 quia
1003 1524 1311 1575 quadrangulum
1341 1526 1507 1576 perfecte
1538 1529 1598 1565 est
1627 1524 1938 1574 demonstrabile,

148 1584 218 1624 sed
255 1586 381 1623 minus
419 1589 549 1624 tamen
585 1583 776 1634 jucunda,
817 1585 909 1634 quia
946 1584 1009 1623 hic
1053 1586 1160 1635 λογος
1199 1588 1259 1622 est
1299 1584 1452 1623 sterilis.
1523 1583 1704 1634 Sequitur
1741 1584 1938 1635 proportio

150 1643 294 1683 sterilis
324 1644 591 1693 sesquiquinta
610 1639 684 1697 ⁵s0,
717 1642 818 1680 unde
848 1643 963 1682 tertia
989 1642 1119 1681 mollis
1148 1644 1303 1682 nomine
1324 1645 1364 1682 et
1383 1654 1424 1682 re
1446 1644 1578 1682 suavis
1599 1648 1658 1682 est
1677 1647 1717 1682 et
1746 1641 1938 1690 amabilis,

150 1706 189 1741 et
216 1702 338 1741 fracta
367 1706 405 1740 et
432 1701 606 1753 simplex,
637 1705 675 1740 et
694 1701 816 1751 prima
836 1704 905 1739 aut
924 1701 1084 1739 minima
1104 1702 1454 1750 consonantiarum,
1485 1702 1586 1740 sicut
1605 1706 1644 1741 et
1665 1700 1939 1741 demonstratio

148 1760 352 1810 sexanguli
383 1760 546 1811 simplex
575 1759 819 1810 perfectaque
850 1763 919 1806 est,
951 1760 1154 1810 ipsumque
1183 1759 1286 1798 latus
1308 1755 1423 1810 ῥητον
1442 1759 1491 1799 ad
1513 1759 1751 1799 diametrum.
1791 1757 1939 1798 Ultima

148 1818 548 1870 superparticularium
590 1822 649 1856 est
685 1818 954 1867 sesquiquarta
985 1814 1059 1871 ⁴s5,
1099 1817 1208 1867 cujus
1248 1817 1525 1858 demonstratio
1556 1830 1642 1858 cum
1673 1830 1721 1857 ex
1750 1818 1939 1869 principio

149 1877 227 1916 alio
258 1877 352 1915 fluat
381 1888 497 1926 quam
527 1879 679 1915 ceterae
717 1877 844 1925 sitque
881 1875 984 1914 laurs
1022 1875 1302 1926 quinquanguli
1339 1874 1492 1928 ἄλογον,
1534 1878 1745 1916 rectissime
1786 1877 1939 1915 tertiam

151 1935 312 1974 duram
343 1934 482 1982 dixere,
514 1934 606 1984 quia
636 1932 724 1972 inde
755 1934 862 1972 venit
893 1935 1156 1973 consonantia.
1217 1934 1435 1984 Sequuntur
1468 1939 1663 1986 postremo
1689 1934 1776 1974 loco
1806 1933 1940 1973 multi-

150 1993 270 2044 plices
311 1991 677 2044 superparticulares
717 1995 756 2029 et
793 1993 1119 2042 superpartientes
1161 1997 1336 2042 quatuor.
1410 1993 1510 2031 Nam
1546 1990 1596 2046 ²l5
1635 1993 1728 2032 facit
1765 1991 1939 2032 ditonum

151 2062 269 2102 supra
298 2055 497 2099 octavam,
542 2061 640 2100 quae
681 2050 806 2088 minus
848 2053 887 2088 et
925 2049 1043 2088 habet
1069 2050 1323 2100 jucunditatis
1361 2063 1477 2100 quam
1517 2062 1633 2101 supra
1675 2049 1741 2105 ¹l5,
1781 2051 1939 2091 ditonus

151 2121 267 2161 supra
298 2108 394 2148 duas
425 2113 596 2148 octavas.
657 2107 710 2145 At
742 2105 796 2160 315
837 2109 1122 2159 superpartiens
1157 2109 1251 2148 facit
1289 2114 1437 2148 sextam
1478 2108 1630 2159 duram,
1672 2112 1765 2160 quia
1803 2109 1939 2149 eadem

152 2171 210 2208 est
240 2168 445 2206 subtensae
477 2166 618 2216 angulo
650 2165 945 2215 demonstratio,
991 2178 1090 2215 quae
1128 2166 1260 2206 lateris
1299 2169 1338 2205 in
1380 2167 1682 2218 quinquangulo.
1758 2167 1939 2207 Omnium

152 2226 365 2265 vilissimae
396 2230 485 2264 sunt
515 2225 614 2263 duae
645 2224 816 2272 ultimae,
847 2231 984 2276 nempe
1009 2224 1210 2275 multiplex
1231 2226 1556 2277 superbipartiens
1577 2227 1710 2266 tertias
1732 2222 1809 2281 ³]ss
1839 2239 1938 2277 quae

153 2289 328 2335 quartam
366 2283 458 2324 facit
499 2294 614 2334 supra
654 2286 852 2330 octavam,
897 2287 935 2322 et
975 2285 1307 2334 supertripartiens
1344 2286 1499 2334 quintas
1534 2282 1609 2340 ⁵s3,
1651 2296 1751 2334 quae
1790 2289 1939 2324 sextam

151 2342 307 2382 mollem
327 2341 405 2390 dat,
428 2353 523 2381 sono
543 2352 643 2393 pene
664 2345 930 2380 evanescente.
970 2341 1181 2392 Propterea
1199 2343 1397 2389 neglectae
1417 2344 1496 2382 sere
1515 2343 1667 2382 fuerunt
1687 2355 1711 2383 a
1730 2343 1938 2383 veteribus.

151 2401 251 2440 Nam
291 2401 514 2452 imperfecta
555 2404 613 2439 est
649 2399 927 2438 demonstratio
968 2400 1174 2439 subtensae
1209 2402 1330 2440 tribus
1369 2403 1517 2442 octavis
1547 2401 1692 2441 circuli.
1752 2400 1831 2441 Sed
1858 2413 1937 2441 non

151 2463 231 2498 tam
262 2458 312 2497 ad
340 2458 533 2509 simplices
571 2457 850 2508 respiciendum
893 2462 951 2497 est
991 2458 1231 2508 harmonias,
1277 2471 1392 2510 quam
1429 2459 1481 2499 ad
1520 2459 1708 2512 triplicem
1745 2461 1858 2498 trium
1897 2461 1937 2498 in

153 2516 344 2556 divisione
383 2517 631 2555 terminorum
673 2521 911 2555 concentum.
970 2516 1068 2556 Nam
1111 2522 1249 2567 quarta
1285 2531 1371 2558 cum
1413 2522 1552 2558 octava
1591 2518 1694 2569 quod
1730 2518 1936 2557 suavitatis

153 2574 301 2626 aliquid
330 2575 465 2623 habet,
496 2573 535 2611 id
567 2578 625 2613 est
654 2579 808 2624 propter
839 2576 1110 2624 cognationem
1140 2587 1226 2614 cum
1257 2580 1393 2626 quarta
1422 2577 1606 2628 simplici,
1648 2577 1757 2627 cujus
1788 2573 1844 2631 ⁸JS
1874 2576 1937 2615 di-

152 2633 311 2673 midium
331 2637 400 2672 est.
441 2631 495 2670 At
524 2632 558 2670 si
587 2636 799 2671 consonent
830 2634 866 2680 3,
901 2633 937 2681 5,
971 2634 1006 2681 8,
1039 2633 1206 2673 absurda
1223 2634 1267 2673 fit
1287 2639 1326 2674 et
1345 2636 1410 2674 vix
1430 2635 1644 2675 tolerabilis
1671 2636 1934 2684 consonantia,

153 2694 245 2743 quia
273 2695 482 2742 sequuntur
510 2690 675 2729 invicem
706 2690 804 2729 duae
833 2695 978 2729 sextae.
1038 2691 1087 2729 Et
1115 2696 1244 2731 tamen
1276 2698 1333 2732 est
1363 2695 1626 2733 consonantia.

289 2750 365 2789 Hic
394 2748 634 2799 respondebo
666 2748 717 2788 ad
747 2753 832 2787 tuas
864 2749 1114 2798 obJectiones‚
1152 2751 1267 2800 jubes
1302 2751 1341 2796 1)
1373 2758 1414 2791 ut
1443 2765 1490 2792 ex
1520 2763 1635 2791 sensu
1662 2734 1823 2802 probem
1848 2751 1935 2801 has,

152 2819 229 2847 non
257 2809 384 2860 plures
415 2808 696 2853 consonantias,
729 2804 769 2859 2)
799 2810 840 2845 ut
861 2806 997 2855 dicam,
1029 2819 1094 2846 cur
1116 2810 1290 2848 omittam
1326 2807 1373 2861 lsg
1394 2810 1486 2863 (tres
1508 2806 1694 2861 octavas),
1731 2806 1799 2862 'lm
1821 2810 1936 2860 (qua-

153 2870 239 2905 tuor
268 2864 442 2915 octavas)
472 2869 545 2905 etc.
615 2862 656 2914 3)
697 2864 774 2904 Gur
809 2865 891 2915 jam
931 2875 1008 2904 non
1038 2869 1187 2905 tantum
1219 2868 1264 2917 8,
1305 2869 1374 2907 sed
1407 2871 1459 2908 14
1488 2879 1629 2921 ponam
1661 2869 1934 2907 consonantias

155 2927 198 2962 “t
232 2920 295 2978 ¹ssv
331 2922 401 2977 ¹s⁴⁷
437 2920 508 2979 'lm
540 2920 608 2977 lle,
641 2920 712 2976 ²s5²
749 2920 816 2976 3ss·

285 2981 417 3021 Mirari
445 2983 584 3033 possis,
614 2989 706 3020 nam
736 2985 823 3021 octo
853 2981 957 3021 solas
988 2980 1051 3020 vel
1080 2985 1227 3032 septem
1249 2984 1378 3033 potius
1397 2985 1502 3035 prius
1523 2982 1705 3022 dixeram.
1750 2980 1934 3022 Omnium

155 3037 291 3079 eadem
320 3044 378 3079 est
405 3040 615 3092 responsio.
656 3041 745 3080 Scio
772 3048 929 3078 sensum
957 3039 1086 3090 plures
1115 3040 1239 3080 facere
1270 3046 1440 3091 octavas,
1479 3041 1608 3092 plures
1638 3041 1931 3080 concordantias
1966 3046 1974 3050 “

153 3099 251 3139 inter
291 3096 386 3139 duas
424 3099 527 3139 solas
564 3097 740 3140 chordas.
799 3097 883 3149 Ego
921 3109 1014 3139 voro
1053 3097 1142 3139 illas
1178 3100 1403 3140 commendo
1444 3101 1666 3153 praecipue,
1708 3111 1810 3150 quae
1840 3103 1931 3139 sunt
