<?xml version="1.0" encoding="UTF-8"?>
<!DOCTYPE html PUBLIC "-//W3C//DTD XHTML 1.0 Transitional//EN"
    "http://www.w3.org/TR/xhtml1/DTD/xhtml1-transitional.dtd">
<html xmlns="http://www.w3.org/1999/xhtml" xml:lang="en" lang="en">
 <head>
  <title>
</title>
<meta http-equiv="Content-Type" content="text/html;charset=utf-8" />
  <meta name='ocr-system' content='tesseract 3.04.00' />
  <meta name='ocr-capabilities' content='ocr_page ocr_carea ocr_par ocr_line ocrx_word'/>
</head>
<body>
  <div class='ocr_page' id='page_1' title='image "./operaomniaedidit05kepluoft_0203.png"; bbox 0 0 1994 3276; ppageno 0'>
   <div class='ocr_carea' id='block_1_1' title="bbox 577 122 1825 170">
    <p class='ocr_par' dir='ltr' id='par_1_1' title="bbox 577 122 1825 170">
     <span class='ocr_line' id='line_1_1' title="bbox 577 122 1825 170; baseline 0.004 -9"><span class='ocrx_word' id='word_1_1' title='bbox 577 123 814 162; x_wconf 69' lang='lat' dir='ltr'><strong>Harmonie&#39;n.</strong></span> <span class='ocrx_word' id='word_1_2' title='bbox 860 122 970 161; x_wconf 69' lang='lat' dir='ltr'><strong>mer</strong></span> <span class='ocrx_word' id='word_1_3' title='bbox 991 123 1055 159; x_wconf 77' lang='lat'><strong>111</strong></span> <span class='ocrx_word' id='word_1_4' title='bbox 1079 124 1197 170; x_wconf 84' lang='lat' dir='ltr'><strong>caput</strong></span> <span class='ocrx_word' id='word_1_5' title='bbox 1219 123 1294 160; x_wconf 82' lang='lat' dir='ltr'><strong>XV.</strong></span> <span class='ocrx_word' id='word_1_6' title='bbox 1745 123 1825 166; x_wconf 73' lang='lat'><strong>1⁸³</strong></span> 
     </span>
    </p>
   </div>
   <div class='ocr_carea' id='block_1_2' title="bbox 45 240 1831 1919">
    <p class='ocr_par' dir='ltr' id='par_1_2' title="bbox 45 240 1826 352">
     <span class='ocr_line' id='line_1_2' title="bbox 54 240 1826 295; baseline -0.002 -12"><span class='ocrx_word' id='word_1_7' title='bbox 54 246 256 284; x_wconf 61' lang='lat' dir='ltr'><strong>anem</strong></span> <span class='ocrx_word' id='word_1_8' title='bbox 287 243 551 294; x_wconf 62' lang='lat' dir='ltr'><strong>emptitia,</strong></span> <span class='ocrx_word' id='word_1_9' title='bbox 591 244 659 295; x_wconf 67' lang='lat' dir='ltr'><strong>qd</strong></span> <span class='ocrx_word' id='word_1_10' title='bbox 688 241 1056 291; x_wconf 80' lang='lat' dir='ltr'><strong>veroexFete,</strong></span> <span class='ocrx_word' id='word_1_11' title='bbox 1095 243 1360 282; x_wconf 70' lang='lat' dir='ltr'><strong>consonantiis</strong></span> <span class='ocrx_word' id='word_1_12' title='bbox 1395 246 1558 282; x_wconf 54' lang='lat' dir='ltr'><strong>ntum</strong></span> <span class='ocrx_word' id='word_1_13' title='bbox 1585 240 1826 289; x_wconf 68' lang='lat' dir='ltr'><strong>adulterinus,</strong></span> 
     </span>
     <span class='ocr_line' id='line_1_3' title="bbox 45 300 1562 352; baseline -0.001 -13"><span class='ocrx_word' id='word_1_14' title='bbox 45 300 313 351; x_wconf 65' lang='lat' dir='ltr'><strong>infrana-ta</strong></span> <span class='ocrx_word' id='word_1_15' title='bbox 337 301 477 351; x_wconf 68' lang='lat' dir='ltr'><strong>maiori</strong></span> <span class='ocrx_word' id='word_1_16' title='bbox 506 314 538 349; x_wconf 87' lang='lat' dir='ltr'><strong>e,</strong></span> <span class='ocrx_word' id='word_1_17' title='bbox 567 315 596 341; x_wconf 77' lang='lat' dir='ltr'><strong>a</strong></span> <span class='ocrx_word' id='word_1_18' title='bbox 625 308 664 342; x_wconf 87' lang='lat' dir='ltr'><strong>et</strong></span> <span class='ocrx_word' id='word_1_19' title='bbox 688 302 725 352; x_wconf 69' lang='lat' dir='ltr'><strong>f,</strong></span> <span class='ocrx_word' id='word_1_20' title='bbox 750 301 799 340; x_wconf 81' lang='lat' dir='ltr'><strong>bb</strong></span> <span class='ocrx_word' id='word_1_21' title='bbox 827 306 868 340; x_wconf 86' lang='lat' dir='ltr'><strong>et</strong></span> <span class='ocrx_word' id='word_1_22' title='bbox 895 301 1032 350; x_wconf 74' lang='lat' dir='ltr'><strong>quirita</strong></span> <span class='ocrx_word' id='word_1_23' title='bbox 1060 300 1197 350; x_wconf 76' lang='lat' dir='ltr'><strong>maJori</strong></span> <span class='ocrx_word' id='word_1_24' title='bbox 1226 312 1261 349; x_wconf 76' lang='lat' dir='ltr'><strong>e,</strong></span> <span class='ocrx_word' id='word_1_25' title='bbox 1278 301 1339 351; x_wconf 59' lang='lat' dir='ltr'><strong>,bb</strong></span> <span class='ocrx_word' id='word_1_26' title='bbox 1367 306 1407 340; x_wconf 89' lang='lat' dir='ltr'><strong>et</strong></span> <span class='ocrx_word' id='word_1_27' title='bbox 1434 302 1466 352; x_wconf 74' lang='lat' dir='ltr'><strong>f,</strong></span> <span class='ocrx_word' id='word_1_28' title='bbox 1496 312 1562 339; x_wconf 68' lang='grc' dir='ltr'><strong>σεε.Ὶ</strong></span> 
     </span>
    </p>

    <p class='ocr_par' dir='ltr' id='par_1_3' title="bbox 45 357 1830 980">
     <span class='ocr_line' id='line_1_4' title="bbox 159 357 1826 411; baseline -0.002 -12"><span class='ocrx_word' id='word_1_29' title='bbox 159 357 265 408; x_wconf 68' lang='lat' dir='ltr'><strong>Qun</strong></span> <span class='ocrx_word' id='word_1_30' title='bbox 289 360 410 410; x_wconf 72' lang='lat' dir='ltr'><strong>igitur</strong></span> <span class='ocrx_word' id='word_1_31' title='bbox 445 371 534 399; x_wconf 89' lang='lat' dir='ltr'><strong>cum</strong></span> <span class='ocrx_word' id='word_1_32' title='bbox 562 359 722 411; x_wconf 78' lang='lat' dir='ltr'><strong>reliquia</strong></span> <span class='ocrx_word' id='word_1_33' title='bbox 750 359 883 399; x_wconf 85' lang='lat' dir='ltr'><strong>decem</strong></span> <span class='ocrx_word' id='word_1_34' title='bbox 922 358 1146 409; x_wconf 77' lang='lat' dir='ltr'><strong>speciebus,</strong></span> <span class='ocrx_word' id='word_1_35' title='bbox 1186 359 1359 408; x_wconf 85' lang='lat' dir='ltr'><strong>inquies,</strong></span> <span class='ocrx_word' id='word_1_36' title='bbox 1396 370 1484 398; x_wconf 86' lang='lat' dir='ltr'><strong>eum</strong></span> <span class='ocrx_word' id='word_1_37' title='bbox 1512 369 1646 398; x_wconf 80' lang='lat' dir='ltr'><strong>omnes</strong></span> <span class='ocrx_word' id='word_1_38' title='bbox 1690 357 1826 396; x_wconf 86' lang='lat' dir='ltr'><strong>usitati</strong></span> 
     </span>
     <span class='ocr_line' id='line_1_5' title="bbox 46 415 1827 474; baseline -0.001 -19"><span class='ocrx_word' id='word_1_39' title='bbox 46 417 130 455; x_wconf 75' lang='lat' dir='ltr'><strong>toni</strong></span> <span class='ocrx_word' id='word_1_40' title='bbox 155 415 379 474; x_wconf 56' lang='lat' dir='ltr'><strong>affigantur</strong></span> <span class='ocrx_word' id='word_1_41' title='bbox 407 417 459 456; x_wconf 86' lang='lat' dir='ltr'><strong>ad</strong></span> <span class='ocrx_word' id='word_1_42' title='bbox 488 417 690 467; x_wconf 73' lang='lat' dir='ltr'><strong>quatuor?</strong></span> <span class='ocrx_word' id='word_1_43' title='bbox 746 417 937 456; x_wconf 80' lang='lat' dir='ltr'>Nimirum</span> <span class='ocrx_word' id='word_1_44' title='bbox 964 415 1015 455; x_wconf 85' lang='lat' dir='ltr'><strong>ad</strong></span> <span class='ocrx_word' id='word_1_45' title='bbox 1043 416 1119 456; x_wconf 77' lang='lat' dir='ltr'><strong>hoc</strong></span> <span class='ocrx_word' id='word_1_46' title='bbox 1144 418 1343 464; x_wconf 86' lang='lat' dir='ltr'><strong>serviunt,</strong></span> <span class='ocrx_word' id='word_1_47' title='bbox 1378 423 1423 455; x_wconf 92' lang='lat' dir='ltr'><strong>nt</strong></span> <span class='ocrx_word' id='word_1_48' title='bbox 1449 418 1577 457; x_wconf 79' lang='lat' dir='ltr'><strong>sciant</strong></span> <span class='ocrx_word' id='word_1_49' title='bbox 1603 417 1764 464; x_wconf 56' lang='lat' dir='ltr'><strong>mustei,</strong></span> <span class='ocrx_word' id='word_1_50' title='bbox 1791 416 1827 453; x_wconf 88' lang='lat' dir='ltr'><strong>si</strong></span> 
     </span>
     <span class='ocr_line' id='line_1_6' title="bbox 45 443 1828 526; baseline -0.001 -11"><span class='ocrx_word' id='word_1_51' title='bbox 45 468 259 524; x_wconf 64' lang='lat' dir='ltr'><strong>syn-nata</strong></span> <span class='ocrx_word' id='word_1_52' title='bbox 285 475 508 526; x_wconf 75' lang='lat' dir='ltr'><strong>principalis</strong></span> <span class='ocrx_word' id='word_1_53' title='bbox 538 482 703 516; x_wconf 74' lang='lat' dir='ltr'><strong>octavae</strong></span> <span class='ocrx_word' id='word_1_54' title='bbox 731 487 781 514; x_wconf 83' lang='lat' dir='ltr'><strong>ex</strong></span> <span class='ocrx_word' id='word_1_55' title='bbox 812 474 849 514; x_wconf 99' lang='lat' dir='ltr'><strong><em>G</em></strong></span> <span class='ocrx_word' id='word_1_56' title='bbox 877 475 1092 526; x_wconf 84' lang='lat' dir='ltr'><strong>descriptae</strong></span> <span class='ocrx_word' id='word_1_57' title='bbox 1120 479 1399 525; x_wconf 85' lang='lat' dir='ltr'><strong>temperemus,</strong></span> <span class='ocrx_word' id='word_1_58' title='bbox 1437 481 1481 514; x_wconf 91' lang='lat' dir='ltr'><strong>ut</strong></span> <span class='ocrx_word' id='word_1_59' title='bbox 1509 480 1650 513; x_wconf 87' lang='lat' dir='ltr'><strong>natura</strong></span> <span class='ocrx_word' id='word_1_60' title='bbox 1675 443 1828 521; x_wconf 71' lang='lat' dir='ltr'><strong>suadet,-</strong></span> 
     </span>
     <span class='ocr_line' id='line_1_7' title="bbox 47 532 1829 583; baseline 0.001 -13"><span class='ocrx_word' id='word_1_61' title='bbox 47 537 143 575; x_wconf 65' lang='grc' dir='ltr'><strong>ωηο,</strong></span> <span class='ocrx_word' id='word_1_62' title='bbox 166 543 412 583; x_wconf 72' lang='lat' dir='ltr'><strong>nequaqnam</strong></span> <span class='ocrx_word' id='word_1_63' title='bbox 448 535 504 573; x_wconf 82' lang='lat' dir='ltr'><strong>ita</strong></span> <span class='ocrx_word' id='word_1_64' title='bbox 532 535 647 574; x_wconf 76' lang='lat' dir='ltr'><strong>facile</strong></span> <span class='ocrx_word' id='word_1_65' title='bbox 687 541 727 573; x_wconf 83' lang='lat' dir='ltr'><strong>et</strong></span> <span class='ocrx_word' id='word_1_66' title='bbox 755 534 862 573; x_wconf 87' lang='lat' dir='ltr'><strong>varie</strong></span> <span class='ocrx_word' id='word_1_67' title='bbox 904 534 1103 583; x_wconf 83' lang='lat' dir='ltr'><strong>transponi</strong></span> <span class='ocrx_word' id='word_1_68' title='bbox 1145 543 1263 583; x_wconf 85' lang='lat' dir='ltr'><strong>posse</strong></span> <span class='ocrx_word' id='word_1_69' title='bbox 1304 539 1461 572; x_wconf 84' lang='lat' dir='ltr'><strong>cantum</strong></span> <span class='ocrx_word' id='word_1_70' title='bbox 1497 534 1581 572; x_wconf 90' lang='lat' dir='ltr'><strong>sine</strong></span> <span class='ocrx_word' id='word_1_71' title='bbox 1611 532 1829 577; x_wconf 83' lang='lat' dir='ltr'><strong>mutatione</strong></span> 
     </span>
     <span class='ocr_line' id='line_1_8' title="bbox 47 590 1828 643; baseline 0.001 -15"><span class='ocrx_word' id='word_1_72' title='bbox 47 590 278 631; x_wconf 72' lang='lat' dir='ltr'><strong>sinceritatis</strong></span> <span class='ocrx_word' id='word_1_73' title='bbox 305 602 413 639; x_wconf 85' lang='lat' dir='ltr'><strong>suae,</strong></span> <span class='ocrx_word' id='word_1_74' title='bbox 444 598 488 631; x_wconf 91' lang='lat' dir='ltr'><strong>ut</strong></span> <span class='ocrx_word' id='word_1_75' title='bbox 515 594 591 643; x_wconf 84' lang='lat' dir='ltr'><strong>ipsi</strong></span> <span class='ocrx_word' id='word_1_76' title='bbox 619 592 765 632; x_wconf 81' lang='lat' dir='ltr'><strong>habent</strong></span> <span class='ocrx_word' id='word_1_77' title='bbox 791 593 832 629; x_wconf 90' lang='lat' dir='ltr'><strong>in</strong></span> <span class='ocrx_word' id='word_1_78' title='bbox 862 602 948 630; x_wconf 87' lang='lat' dir='ltr'><strong>usu.</strong></span> <span class='ocrx_word' id='word_1_79' title='bbox 1007 590 1191 630; x_wconf 81' lang='lat' dir='ltr'><strong>Liberum</strong></span> <span class='ocrx_word' id='word_1_80' title='bbox 1219 591 1336 640; x_wconf 81' lang='lat' dir='ltr'><strong>igitur</strong></span> <span class='ocrx_word' id='word_1_81' title='bbox 1364 590 1441 630; x_wconf 86' lang='lat' dir='ltr'><strong>illis</strong></span> <span class='ocrx_word' id='word_1_82' title='bbox 1470 597 1541 639; x_wconf 88' lang='lat' dir='ltr'><strong>est,</strong></span> <span class='ocrx_word' id='word_1_83' title='bbox 1575 590 1640 630; x_wconf 85' lang='lat' dir='ltr'><strong>vel</strong></span> <span class='ocrx_word' id='word_1_84' title='bbox 1667 590 1828 640; x_wconf 73' lang='lat' dir='ltr'><strong>rejicere</strong></span> 
     </span>
     <span class='ocr_line' id='line_1_9' title="bbox 48 647 1828 700; baseline 0 -13"><span class='ocrx_word' id='word_1_85' title='bbox 48 657 182 687; x_wconf 82' lang='lat' dir='ltr'><strong>omncs</strong></span> <span class='ocrx_word' id='word_1_86' title='bbox 217 647 393 688; x_wconf 73' lang='lat' dir='ltr'><strong>residuas</strong></span> <span class='ocrx_word' id='word_1_87' title='bbox 426 651 478 688; x_wconf 89' lang='grc'><strong>10</strong></span> <span class='ocrx_word' id='word_1_88' title='bbox 516 656 556 690; x_wconf 89' lang='lat' dir='ltr'><strong>et</strong></span> <span class='ocrx_word' id='word_1_89' title='bbox 584 662 672 690; x_wconf 82' lang='lat' dir='ltr'><strong>cum</strong></span> <span class='ocrx_word' id='word_1_90' title='bbox 711 651 761 688; x_wconf 87' lang='lat' dir='ltr'><strong>iis</strong></span> <span class='ocrx_word' id='word_1_91' title='bbox 789 650 906 689; x_wconf 85' lang='lat' dir='ltr'><strong>etiam</strong></span> <span class='ocrx_word' id='word_1_92' title='bbox 936 648 1255 700; x_wconf 63' lang='lat' dir='ltr'><strong>&amp;anspositiones</strong></span> <span class='ocrx_word' id='word_1_93' title='bbox 1287 660 1403 698; x_wconf 84' lang='lat' dir='ltr'><strong>suas,</strong></span> <span class='ocrx_word' id='word_1_94' title='bbox 1445 648 1510 687; x_wconf 91' lang='lat' dir='ltr'><strong>vel</strong></span> <span class='ocrx_word' id='word_1_95' title='bbox 1547 648 1681 696; x_wconf 62' lang='lat' dir='ltr'><strong>fueri,</strong></span> <span class='ocrx_word' id='word_1_96' title='bbox 1721 647 1828 698; x_wconf 76' lang='lat' dir='ltr'><strong>qnod</strong></span> 
     </span>
     <span class='ocr_line' id='line_1_10' title="bbox 48 705 1827 758; baseline 0 -13"><span class='ocrx_word' id='word_1_97' title='bbox 48 705 178 756; x_wconf 76' lang='lat' dir='ltr'><strong>plutas</strong></span> <span class='ocrx_word' id='word_1_98' title='bbox 205 706 351 747; x_wconf 72' lang='lat' dir='ltr'><strong>romae</strong></span> <span class='ocrx_word' id='word_1_99' title='bbox 378 707 645 756; x_wconf 84' lang='lat' dir='ltr'><strong>melodiarum,</strong></span> <span class='ocrx_word' id='word_1_100' title='bbox 675 707 801 758; x_wconf 83' lang='lat' dir='ltr'><strong>plnres</strong></span> <span class='ocrx_word' id='word_1_101' title='bbox 828 718 967 758; x_wconf 90' lang='lat' dir='ltr'><strong>nempe</strong></span> <span class='ocrx_word' id='word_1_102' title='bbox 996 707 1100 746; x_wconf 92' lang='lat' dir='ltr'><strong>modi</strong></span> <span class='ocrx_word' id='word_1_103' title='bbox 1142 706 1206 746; x_wconf 88' lang='lat' dir='ltr'><strong>vel</strong></span> <span class='ocrx_word' id='word_1_104' title='bbox 1235 708 1317 745; x_wconf 90' lang='lat' dir='ltr'><strong>toni</strong></span> <span class='ocrx_word' id='word_1_105' title='bbox 1346 708 1498 758; x_wconf 82' lang='lat' dir='ltr'><strong>possint</strong></span> <span class='ocrx_word' id='word_1_106' title='bbox 1527 708 1692 746; x_wconf 84' lang='lat' dir='ltr'><strong>existere</strong></span> <span class='ocrx_word' id='word_1_107' title='bbox 1720 708 1827 756; x_wconf 81' lang='lat' dir='ltr'><strong>iique</strong></span> 
     </span>
     <span class='ocr_line' id='line_1_11' title="bbox 49 761 1830 817; baseline 0 -15"><span class='ocrx_word' id='word_1_108' title='bbox 49 761 269 805; x_wconf 65' lang='lat' dir='ltr'><strong>ditm</strong></span> <span class='ocrx_word' id='word_1_109' title='bbox 296 765 348 805; x_wconf 84' lang='lat' dir='ltr'><strong>ab</strong></span> <span class='ocrx_word' id='word_1_110' title='bbox 377 765 440 804; x_wconf 81' lang='lat' dir='ltr'><strong>his</strong></span> <span class='ocrx_word' id='word_1_111' title='bbox 469 768 618 817; x_wconf 75' lang='lat' dir='ltr'><strong>positu,</strong></span> <span class='ocrx_word' id='word_1_112' title='bbox 647 766 716 805; x_wconf 85' lang='lat' dir='ltr'><strong>alii</strong></span> <span class='ocrx_word' id='word_1_113' title='bbox 743 766 881 816; x_wconf 79' lang='lat' dir='ltr'><strong>magis,</strong></span> <span class='ocrx_word' id='word_1_114' title='bbox 911 764 979 804; x_wconf 84' lang='lat' dir='ltr'><strong>alii</strong></span> <span class='ocrx_word' id='word_1_115' title='bbox 1007 767 1144 813; x_wconf 86' lang='lat' dir='ltr'><strong>minus,</strong></span> <span class='ocrx_word' id='word_1_116' title='bbox 1174 770 1289 816; x_wconf 85' lang='lat' dir='ltr'><strong>prout</strong></span> <span class='ocrx_word' id='word_1_117' title='bbox 1307 764 1632 817; x_wconf 83' lang='lat' dir='ltr'><strong>aequipollentias</strong></span> <span class='ocrx_word' id='word_1_118' title='bbox 1661 763 1712 803; x_wconf 90' lang='lat' dir='ltr'><strong>ad</strong></span> <span class='ocrx_word' id='word_1_119' title='bbox 1745 763 1830 803; x_wconf 85' lang='lat' dir='ltr'><strong>eal-</strong></span> 
     </span>
     <span class='ocr_line' id='line_1_12' title="bbox 48 821 1828 874; baseline 0.001 -14"><span class='ocrx_word' id='word_1_120' title='bbox 48 831 132 860; x_wconf 87' lang='lat' dir='ltr'><strong>eem</strong></span> <span class='ocrx_word' id='word_1_121' title='bbox 166 833 284 874; x_wconf 86' lang='lat' dir='ltr'><strong>supra</strong></span> <span class='ocrx_word' id='word_1_122' title='bbox 320 822 431 863; x_wconf 83' lang='lat' dir='ltr'><strong>vides</strong></span> <span class='ocrx_word' id='word_1_123' title='bbox 469 829 687 864; x_wconf 84' lang='lat' dir='ltr'><strong>annotatas.</strong></span> <span class='ocrx_word' id='word_1_124' title='bbox 745 823 845 863; x_wconf 81' lang='lat' dir='ltr'><strong>Nam</strong></span> <span class='ocrx_word' id='word_1_125' title='bbox 890 825 925 862; x_wconf 86' lang='lat' dir='ltr'><strong>si</strong></span> <span class='ocrx_word' id='word_1_126' title='bbox 966 825 1205 874; x_wconf 73' lang='lat' dir='ltr'>superiorum</span> <span class='ocrx_word' id='word_1_127' title='bbox 1250 824 1366 862; x_wconf 85' lang='lat' dir='ltr'><strong>unius</strong></span> <span class='ocrx_word' id='word_1_128' title='bbox 1396 828 1559 863; x_wconf 88' lang='lat' dir='ltr'><strong>octavae</strong></span> <span class='ocrx_word' id='word_1_129' title='bbox 1598 821 1828 862; x_wconf 82' lang='lat' dir='ltr'><strong>intervallo-</strong></span> 
     </span>
     <span class='ocr_line' id='line_1_13' title="bbox 50 879 1826 933; baseline -0.001 -14"><span class='ocrx_word' id='word_1_130' title='bbox 50 890 135 919; x_wconf 75' lang='lat' dir='ltr'><strong>rum</strong></span> <span class='ocrx_word' id='word_1_131' title='bbox 161 882 351 921; x_wconf 66' lang='lat' dir='ltr'><strong>ationem</strong></span> <span class='ocrx_word' id='word_1_132' title='bbox 387 881 576 922; x_wconf 78' lang='lat' dir='ltr'><strong>habemus</strong></span> <span class='ocrx_word' id='word_1_133' title='bbox 614 881 782 931; x_wconf 88' lang='lat' dir='ltr'><strong>nullam,</strong></span> <span class='ocrx_word' id='word_1_134' title='bbox 823 881 963 920; x_wconf 87' lang='lat' dir='ltr'><strong>dantur</strong></span> <span class='ocrx_word' id='word_1_135' title='bbox 1000 893 1095 920; x_wconf 80' lang='lat' dir='ltr'><strong>sane</strong></span> <span class='ocrx_word' id='word_1_136' title='bbox 1130 882 1448 932; x_wconf 75' lang='lat' dir='ltr'><strong>trampositiones</strong></span> <span class='ocrx_word' id='word_1_137' title='bbox 1477 881 1629 933; x_wconf 82' lang='lat' dir='ltr'><strong>aliquot</strong></span> <span class='ocrx_word' id='word_1_138' title='bbox 1663 893 1689 920; x_wconf 82' lang='lat' dir='ltr'><strong>a</strong></span> <span class='ocrx_word' id='word_1_139' title='bbox 1721 879 1758 920; x_wconf 89' lang='lat' dir='ltr'><strong><em>G</em></strong></span> <span class='ocrx_word' id='word_1_140' title='bbox 1786 880 1826 918; x_wconf 89' lang='lat' dir='ltr'><strong>in</strong></span> 
     </span>
     <span class='ocr_line' id='line_1_14' title="bbox 49 935 614 980; baseline 0.007 -4"><span class='ocrx_word' id='word_1_141' title='bbox 49 949 71 976; x_wconf 79' lang='lat' dir='ltr'><strong>e</strong></span> <span class='ocrx_word' id='word_1_142' title='bbox 99 942 140 977; x_wconf 84' lang='lat' dir='ltr'><strong>et</strong></span> <span class='ocrx_word' id='word_1_143' title='bbox 165 939 217 979; x_wconf 81' lang='lat' dir='ltr'><strong>ab</strong></span> <span class='ocrx_word' id='word_1_144' title='bbox 246 940 280 979; x_wconf 86' lang='grc' dir='ltr'><strong><em>Δ</em></strong></span> <span class='ocrx_word' id='word_1_145' title='bbox 308 940 349 977; x_wconf 87' lang='lat' dir='ltr'><strong>ia</strong></span> <span class='ocrx_word' id='word_1_146' title='bbox 378 935 414 978; x_wconf 71' lang='grc' dir='ltr'><em>δ</em></span> <span class='ocrx_word' id='word_1_147' title='bbox 434 945 472 979; x_wconf 88' lang='lat' dir='ltr'><strong>et</strong></span> <span class='ocrx_word' id='word_1_148' title='bbox 500 940 614 980; x_wconf 85' lang='lat' dir='ltr'><strong>aliae.</strong></span> 
     </span>
    </p>

    <p class='ocr_par' dir='ltr' id='par_1_4' title="bbox 46 996 1830 1338">
     <span class='ocr_line' id='line_1_15' title="bbox 165 996 1828 1050; baseline -0.001 -14"><span class='ocrx_word' id='word_1_149' title='bbox 165 996 340 1046; x_wconf 73' lang='lat' dir='ltr'><strong>Quaeras</strong></span> <span class='ocrx_word' id='word_1_150' title='bbox 366 997 518 1050; x_wconf 86' lang='lat' dir='ltr'><strong>ultimo,</strong></span> <span class='ocrx_word' id='word_1_151' title='bbox 546 997 639 1048; x_wconf 77' lang='lat' dir='ltr'><strong>quid</strong></span> <span class='ocrx_word' id='word_1_152' title='bbox 669 996 854 1049; x_wconf 86' lang='lat' dir='ltr'><strong>impediat</strong></span> <span class='ocrx_word' id='word_1_153' title='bbox 881 996 968 1035; x_wconf 85' lang='lat' dir='ltr'><strong>illas</strong></span> <span class='ocrx_word' id='word_1_154' title='bbox 997 999 1334 1048; x_wconf 69' lang='lat' dir='ltr'><strong>transpositiones,</strong></span> <span class='ocrx_word' id='word_1_155' title='bbox 1363 997 1478 1037; x_wconf 87' lang='lat' dir='ltr'><strong>toties</strong></span> <span class='ocrx_word' id='word_1_156' title='bbox 1503 997 1588 1047; x_wconf 86' lang='lat' dir='ltr'><strong>jam</strong></span> <span class='ocrx_word' id='word_1_157' title='bbox 1618 1008 1644 1035; x_wconf 88' lang='lat' dir='ltr'><strong>a</strong></span> <span class='ocrx_word' id='word_1_158' title='bbox 1671 1008 1733 1035; x_wconf 90' lang='lat' dir='ltr'><strong>me</strong></span> <span class='ocrx_word' id='word_1_159' title='bbox 1762 1007 1828 1035; x_wconf 88' lang='lat' dir='ltr'><strong>re-</strong></span> 
     </span>
     <span class='ocr_line' id='line_1_16' title="bbox 46 1052 1829 1106; baseline 0 -13"><span class='ocrx_word' id='word_1_160' title='bbox 46 1052 200 1103; x_wconf 71' lang='lat' dir='ltr'><strong>jectas?</strong></span> <span class='ocrx_word' id='word_1_161' title='bbox 258 1054 448 1095; x_wconf 78' lang='lat' dir='ltr'><strong>Videntur</strong></span> <span class='ocrx_word' id='word_1_162' title='bbox 485 1058 587 1096; x_wconf 86' lang='lat' dir='ltr'><strong>enim</strong></span> <span class='ocrx_word' id='word_1_163' title='bbox 615 1067 728 1095; x_wconf 85' lang='lat' dir='ltr'><strong>aures</strong></span> <span class='ocrx_word' id='word_1_164' title='bbox 755 1055 844 1094; x_wconf 82' lang='lat' dir='ltr'><strong>illas</strong></span> <span class='ocrx_word' id='word_1_165' title='bbox 871 1066 949 1094; x_wconf 91' lang='lat' dir='ltr'><strong>non</strong></span> <span class='ocrx_word' id='word_1_166' title='bbox 980 1055 1185 1106; x_wconf 85' lang='lat' dir='ltr'><strong>impedire,</strong></span> <span class='ocrx_word' id='word_1_167' title='bbox 1219 1067 1309 1095; x_wconf 90' lang='lat' dir='ltr'><strong>cnm</strong></span> <span class='ocrx_word' id='word_1_168' title='bbox 1336 1057 1378 1094; x_wconf 89' lang='lat' dir='ltr'><strong>in</strong></span> <span class='ocrx_word' id='word_1_169' title='bbox 1406 1056 1585 1095; x_wconf 79' lang='lat' dir='ltr'><strong>confesso</strong></span> <span class='ocrx_word' id='word_1_170' title='bbox 1614 1056 1687 1100; x_wconf 87' lang='lat' dir='ltr'><strong>sit,</strong></span> <span class='ocrx_word' id='word_1_171' title='bbox 1718 1066 1829 1094; x_wconf 86' lang='lat' dir='ltr'><strong>eom-</strong></span> 
     </span>
     <span class='ocr_line' id='line_1_17' title="bbox 50 1112 1830 1165; baseline 0 -14"><span class='ocrx_word' id='word_1_172' title='bbox 50 1114 167 1152; x_wconf 84' lang='lat' dir='ltr'><strong>matis</strong></span> <span class='ocrx_word' id='word_1_173' title='bbox 194 1124 394 1153; x_wconf 59' lang='lat' dir='ltr'><strong>uenum</strong></span> <span class='ocrx_word' id='word_1_174' title='bbox 421 1114 462 1152; x_wconf 91' lang='lat' dir='ltr'><strong>in</strong></span> <span class='ocrx_word' id='word_1_175' title='bbox 490 1114 722 1161; x_wconf 86' lang='lat' dir='ltr'><strong>intervallis,</strong></span> <span class='ocrx_word' id='word_1_176' title='bbox 762 1124 863 1164; x_wconf 84' lang='lat' dir='ltr'><strong>quae</strong></span> <span class='ocrx_word' id='word_1_177' title='bbox 892 1112 1086 1163; x_wconf 81' lang='lat' dir='ltr'><strong>disjuncta</strong></span> <span class='ocrx_word' id='word_1_178' title='bbox 1113 1120 1203 1152; x_wconf 87' lang='lat' dir='ltr'><strong>sunt</strong></span> <span class='ocrx_word' id='word_1_179' title='bbox 1230 1114 1328 1153; x_wconf 88' lang='lat' dir='ltr'><strong>locis</strong></span> <span class='ocrx_word' id='word_1_180' title='bbox 1357 1115 1601 1165; x_wconf 49' lang='lat' dir='ltr'><strong>matanatis,</strong></span> <span class='ocrx_word' id='word_1_181' title='bbox 1639 1113 1691 1151; x_wconf 84' lang='lat' dir='ltr'><strong>ab</strong></span> <span class='ocrx_word' id='word_1_182' title='bbox 1720 1114 1830 1152; x_wconf 86' lang='lat' dir='ltr'><strong>anri-</strong></span> 
     </span>
     <span class='ocr_line' id='line_1_18' title="bbox 51 1169 1829 1223; baseline 0.001 -15"><span class='ocrx_word' id='word_1_183' title='bbox 51 1170 125 1208; x_wconf 83' lang='lat' dir='ltr'><strong>bus</strong></span> <span class='ocrx_word' id='word_1_184' title='bbox 151 1182 231 1211; x_wconf 81' lang='lat' dir='ltr'><strong>nou</strong></span> <span class='ocrx_word' id='word_1_185' title='bbox 258 1170 475 1222; x_wconf 63' lang='lat' dir='ltr'><strong>diiudicari.</strong></span> <span class='ocrx_word' id='word_1_186' title='bbox 532 1173 626 1212; x_wconf 83' lang='lat' dir='ltr'><strong>Esto</strong></span> <span class='ocrx_word' id='word_1_187' title='bbox 654 1172 759 1211; x_wconf 87' lang='lat' dir='ltr'><strong>enim</strong></span> <span class='ocrx_word' id='word_1_188' title='bbox 785 1176 958 1222; x_wconf 80' lang='lat' dir='ltr'><strong>systema</strong></span> <span class='ocrx_word' id='word_1_189' title='bbox 986 1182 1104 1221; x_wconf 79' lang='lat' dir='ltr'><strong>quam</strong></span> <span class='ocrx_word' id='word_1_190' title='bbox 1133 1173 1277 1223; x_wconf 85' lang='lat' dir='ltr'><strong>optime</strong></span> <span class='ocrx_word' id='word_1_191' title='bbox 1307 1179 1459 1212; x_wconf 90' lang='lat' dir='ltr'><strong>tensum</strong></span> <span class='ocrx_word' id='word_1_192' title='bbox 1497 1171 1550 1211; x_wconf 83' lang='lat' dir='ltr'><strong>ad</strong></span> <span class='ocrx_word' id='word_1_193' title='bbox 1578 1176 1740 1211; x_wconf 82' lang='lat' dir='ltr'><strong>naturae</strong></span> <span class='ocrx_word' id='word_1_194' title='bbox 1768 1169 1829 1210; x_wconf 87' lang='lat' dir='ltr'><strong>le-</strong></span> 
     </span>
     <span class='ocr_line' id='line_1_19' title="bbox 55 1228 1828 1283; baseline 0 -16"><span class='ocrx_word' id='word_1_195' title='bbox 55 1239 125 1278; x_wconf 83' lang='lat' dir='ltr'><strong>ges</strong></span> <span class='ocrx_word' id='word_1_196' title='bbox 151 1228 340 1269; x_wconf 78' lang='lat' dir='ltr'><strong>hactenus</strong></span> <span class='ocrx_word' id='word_1_197' title='bbox 358 1228 586 1283; x_wconf 80' lang='lat' dir='ltr'><strong>explicatas,</strong></span> <span class='ocrx_word' id='word_1_198' title='bbox 614 1231 815 1280; x_wconf 83' lang='lat' dir='ltr'><strong>pulsentur</strong></span> <span class='ocrx_word' id='word_1_199' title='bbox 847 1228 897 1280; x_wconf 90' lang='lat' dir='ltr'><strong>G,</strong></span> <span class='ocrx_word' id='word_1_200' title='bbox 926 1242 953 1268; x_wconf 88' lang='lat' dir='ltr'><strong>a</strong></span> <span class='ocrx_word' id='word_1_201' title='bbox 982 1236 1020 1268; x_wconf 90' lang='lat' dir='ltr'><strong>et</strong></span> <span class='ocrx_word' id='word_1_202' title='bbox 1047 1243 1098 1281; x_wconf 82' lang='lat' dir='ltr'><strong>a,</strong></span> <span class='ocrx_word' id='word_1_203' title='bbox 1133 1231 1155 1279; x_wconf 69' lang='grc' dir='ltr'><strong>ί)</strong></span> <span class='ocrx_word' id='word_1_204' title='bbox 1184 1235 1445 1281; x_wconf 85' lang='lat' dir='ltr'><strong>rogenturque</strong></span> <span class='ocrx_word' id='word_1_205' title='bbox 1473 1241 1608 1269; x_wconf 88' lang='lat' dir='ltr'><strong>omnes</strong></span> <span class='ocrx_word' id='word_1_206' title='bbox 1637 1228 1828 1277; x_wconf 83' lang='lat' dir='ltr'><strong>homines,</strong></span> 
     </span>
     <span class='ocr_line' id='line_1_20' title="bbox 55 1287 1828 1338; baseline 0.001 -13"><span class='ocrx_word' id='word_1_207' title='bbox 55 1292 248 1338; x_wconf 77' lang='lat' dir='ltr'><strong>quotquot</strong></span> <span class='ocrx_word' id='word_1_208' title='bbox 272 1287 455 1336; x_wconf 79' lang='lat' dir='ltr'><strong>audiunt,</strong></span> <span class='ocrx_word' id='word_1_209' title='bbox 497 1294 625 1327; x_wconf 88' lang='lat' dir='ltr'><strong>utrum</strong></span> <span class='ocrx_word' id='word_1_210' title='bbox 653 1287 943 1327; x_wconf 75' lang='lat' dir='ltr'><strong>intervallorum</strong></span> <span class='ocrx_word' id='word_1_211' title='bbox 981 1287 1117 1326; x_wconf 87' lang='lat' dir='ltr'><strong>horum</strong></span> <span class='ocrx_word' id='word_1_212' title='bbox 1148 1289 1200 1326; x_wconf 88' lang='lat' dir='ltr'><strong>sit</strong></span> <span class='ocrx_word' id='word_1_213' title='bbox 1227 1288 1387 1338; x_wconf 78' lang='lat' dir='ltr'><strong>majus?</strong></span> <span class='ocrx_word' id='word_1_214' title='bbox 1425 1289 1574 1327; x_wconf 86' lang='lat' dir='ltr'><strong>nescire</strong></span> <span class='ocrx_word' id='word_1_215' title='bbox 1612 1298 1656 1327; x_wconf 87' lang='lat' dir='ltr'><strong>se</strong></span> <span class='ocrx_word' id='word_1_216' title='bbox 1686 1287 1828 1331; x_wconf 88' lang='lat' dir='ltr'><strong>dicent,</strong></span> 
     </span>
    </p>

    <p class='ocr_par' dir='ltr' id='par_1_5' title="bbox 51 1345 1831 1919">
     <span class='ocr_line' id='line_1_21' title="bbox 54 1345 1828 1397; baseline -0.001 -12.941"><span class='ocrx_word' id='word_1_217' title='bbox 54 1347 261 1396; x_wconf 73' lang='lat' dir='ltr'><strong>nscprins</strong></span> <span class='ocrx_word' id='word_1_218' title='bbox 290 1345 525 1393; x_wconf 81' lang='lat' dir='ltr'><strong>discernent,</strong></span> <span class='ocrx_word' id='word_1_219' title='bbox 566 1358 684 1397; x_wconf 85' lang='lat' dir='ltr'><strong>quam</strong></span> <span class='ocrx_word' id='word_1_220' title='bbox 713 1346 920 1396; x_wconf 80' lang='lat' dir='ltr'><strong>conjuncta</strong></span> <span class='ocrx_word' id='word_1_221' title='bbox 947 1345 1086 1384; x_wconf 77' lang='lat' dir='ltr'><strong>fuerint</strong></span> <span class='ocrx_word' id='word_1_222' title='bbox 1114 1346 1320 1386; x_wconf 82' lang='lat' dir='ltr'><strong>intervalla</strong></span> <span class='ocrx_word' id='word_1_223' title='bbox 1355 1346 1446 1386; x_wconf 83' lang='lat' dir='ltr'><strong>loco·</strong></span> <span class='ocrx_word' id='word_1_224' title='bbox 1473 1345 1611 1386; x_wconf 80' lang='lat' dir='ltr'><strong>eodem</strong></span> <span class='ocrx_word' id='word_1_225' title='bbox 1652 1351 1828 1392; x_wconf 85' lang='lat' dir='ltr'><strong>octavae,</strong></span> 
     </span>
     <span class='ocr_line' id='line_1_22' title="bbox 54 1402 1831 1455; baseline -0.001 -12"><span class='ocrx_word' id='word_1_226' title='bbox 54 1402 130 1443; x_wconf 77' lang='lat' dir='ltr'><strong>hoc</strong></span> <span class='ocrx_word' id='word_1_227' title='bbox 158 1408 238 1451; x_wconf 84' lang='lat' dir='ltr'><strong>est,</strong></span> <span class='ocrx_word' id='word_1_228' title='bbox 279 1403 348 1443; x_wconf 85' lang='lat' dir='ltr'><strong>ubi</strong></span> <span class='ocrx_word' id='word_1_229' title='bbox 376 1405 504 1455; x_wconf 78' lang='lat' dir='ltr'><strong>spatio</strong></span> <span class='ocrx_word' id='word_1_230' title='bbox 540 1404 707 1444; x_wconf 76' lang='lat' dir='ltr'><strong>chordae</strong></span> <span class='ocrx_word' id='word_1_231' title='bbox 750 1416 816 1454; x_wconf 86' lang='lat' dir='ltr'><strong>per</strong></span> <span class='ocrx_word' id='word_1_232' title='bbox 846 1404 1028 1443; x_wconf 84' lang='lat' dir='ltr'><strong>circinum</strong></span> <span class='ocrx_word' id='word_1_233' title='bbox 1067 1403 1271 1455; x_wconf 84' lang='lat' dir='ltr'><strong>dispuncto</strong></span> <span class='ocrx_word' id='word_1_234' title='bbox 1313 1417 1401 1455; x_wconf 89' lang='lat' dir='ltr'><strong>pars</strong></span> <span class='ocrx_word' id='word_1_235' title='bbox 1432 1405 1672 1455; x_wconf 74' lang='lat' dir='ltr'><strong>octogesima</strong></span> <span class='ocrx_word' id='word_1_236' title='bbox 1706 1404 1831 1454; x_wconf 87' lang='lat' dir='ltr'><strong>prima</strong></span> 
     </span>
     <span class='ocr_line' id='line_1_23' title="bbox 54 1460 1829 1514; baseline 0 -14"><span class='ocrx_word' id='word_1_237' title='bbox 54 1460 223 1501; x_wconf 78' lang='lat' dir='ltr'><strong>chordae</strong></span> <span class='ocrx_word' id='word_1_238' title='bbox 250 1462 540 1513; x_wconf 87' lang='lat' dir='ltr'><strong>intersepiatur,</strong></span> <span class='ocrx_word' id='word_1_239' title='bbox 580 1468 620 1502; x_wconf 91' lang='lat' dir='ltr'><strong>et</strong></span> <span class='ocrx_word' id='word_1_240' title='bbox 648 1464 705 1501; x_wconf 89' lang='lat' dir='ltr'><strong>sic</strong></span> <span class='ocrx_word' id='word_1_241' title='bbox 741 1461 841 1500; x_wconf 83' lang='lat' dir='ltr'><strong>duae</strong></span> <span class='ocrx_word' id='word_1_242' title='bbox 877 1461 1139 1509; x_wconf 81' lang='lat' dir='ltr'><strong>longitudines</strong></span> <span class='ocrx_word' id='word_1_243' title='bbox 1172 1463 1227 1502; x_wconf 89' lang='grc'><strong>80</strong></span> <span class='ocrx_word' id='word_1_244' title='bbox 1257 1468 1297 1502; x_wconf 91' lang='lat' dir='ltr'><strong>et</strong></span> <span class='ocrx_word' id='word_1_245' title='bbox 1326 1463 1376 1501; x_wconf 89' lang='lat'><strong>81</strong></span> <span class='ocrx_word' id='word_1_246' title='bbox 1413 1463 1593 1514; x_wconf 87' lang='lat' dir='ltr'><strong>pulsatae</strong></span> <span class='ocrx_word' id='word_1_247' title='bbox 1622 1463 1829 1500; x_wconf 89' lang='lat' dir='ltr'><strong>momentis</strong></span> 
     </span>
     <span class='ocr_line' id='line_1_24' title="bbox 54 1511 1830 1571; baseline -0.001 -12"><span class='ocrx_word' id='word_1_248' title='bbox 54 1511 238 1570; x_wconf 61' lang='lat' dir='ltr'><strong>proximi</strong></span> <span class='ocrx_word' id='word_1_249' title='bbox 263 1521 363 1558; x_wconf 76' lang='lat' dir='ltr'><strong>inter</strong></span> <span class='ocrx_word' id='word_1_250' title='bbox 389 1531 433 1559; x_wconf 83' lang='lat' dir='ltr'><strong>se</strong></span> <span class='ocrx_word' id='word_1_251' title='bbox 461 1521 602 1559; x_wconf 78' lang='lat' dir='ltr'><strong>fuerint</strong></span> <span class='ocrx_word' id='word_1_252' title='bbox 630 1527 887 1570; x_wconf 70' lang='lat' dir='ltr'><strong>comparatae.</strong></span> <span class='ocrx_word' id='word_1_253' title='bbox 943 1519 1188 1571; x_wconf 85' lang='lat' dir='ltr'><strong>Respondeo,</strong></span> <span class='ocrx_word' id='word_1_254' title='bbox 1220 1522 1293 1560; x_wconf 89' lang='lat' dir='ltr'><strong>etsi</strong></span> <span class='ocrx_word' id='word_1_255' title='bbox 1321 1520 1480 1559; x_wconf 82' lang='lat' dir='ltr'><strong>auditus</strong></span> <span class='ocrx_word' id='word_1_256' title='bbox 1520 1531 1599 1559; x_wconf 90' lang='lat' dir='ltr'><strong>non</strong></span> <span class='ocrx_word' id='word_1_257' title='bbox 1626 1520 1830 1569; x_wconf 79' lang='lat' dir='ltr'><strong>distinguit</strong></span> 
     </span>
     <span class='ocr_line' id='line_1_25' title="bbox 53 1575 1830 1645; baseline 0 -29"><span class='ocrx_word' id='word_1_258' title='bbox 53 1577 216 1627; x_wconf 82' lang='lat' dir='ltr'><strong>pulsatis</strong></span> <span class='ocrx_word' id='word_1_259' title='bbox 242 1578 367 1616; x_wconf 87' lang='lat' dir='ltr'><strong>tribns</strong></span> <span class='ocrx_word' id='word_1_260' title='bbox 394 1577 491 1616; x_wconf 88' lang='lat' dir='ltr'><strong>solis</strong></span> <span class='ocrx_word' id='word_1_261' title='bbox 519 1578 672 1617; x_wconf 86' lang='lat' dir='ltr'><strong>chordis</strong></span> <span class='ocrx_word' id='word_1_262' title='bbox 700 1583 862 1617; x_wconf 75' lang='lat' dir='ltr'><strong>octavae</strong></span> <span class='ocrx_word' id='word_1_263' title='bbox 892 1575 1075 1630; x_wconf 88' lang='lat' dir='ltr'><strong>(duorum</strong></span> <span class='ocrx_word' id='word_1_264' title='bbox 1105 1578 1395 1618; x_wconf 81' lang='lat' dir='ltr'><strong>intervallorum</strong></span> <span class='ocrx_word' id='word_1_265' title='bbox 1424 1575 1637 1631; x_wconf 85' lang='lat' dir='ltr'><strong>terminis),</strong></span> <span class='ocrx_word' id='word_1_266' title='bbox 1668 1583 1711 1617; x_wconf 93' lang='lat' dir='ltr'><strong>at</strong></span> <span class='ocrx_word' id='word_1_267' title='bbox 1730 1577 1830 1645; x_wconf 36' lang='lat' dir='ltr'><strong>’pnl-</strong></span> 
     </span>
     <span class='ocr_line' id='line_1_26' title="bbox 52 1634 1830 1686; baseline 0 -13"><span class='ocrx_word' id='word_1_268' title='bbox 52 1635 148 1673; x_wconf 84' lang='lat' dir='ltr'><strong>satis</strong></span> <span class='ocrx_word' id='word_1_269' title='bbox 177 1635 356 1674; x_wconf 73' lang='lat' dir='ltr'><strong>munibus</strong></span> <span class='ocrx_word' id='word_1_270' title='bbox 382 1637 499 1674; x_wconf 86' lang='lat' dir='ltr'><strong>nnius</strong></span> <span class='ocrx_word' id='word_1_271' title='bbox 526 1642 690 1675; x_wconf 79' lang='lat' dir='ltr'><strong>octavae</strong></span> <span class='ocrx_word' id='word_1_272' title='bbox 719 1636 883 1676; x_wconf 79' lang='lat' dir='ltr'><strong>chordis,</strong></span> <span class='ocrx_word' id='word_1_273' title='bbox 913 1636 969 1673; x_wconf 87' lang='lat' dir='ltr'><strong>sic</strong></span> <span class='ocrx_word' id='word_1_274' title='bbox 996 1635 1152 1674; x_wconf 82' lang='lat' dir='ltr'><strong>tandem</strong></span> <span class='ocrx_word' id='word_1_275' title='bbox 1181 1636 1385 1686; x_wconf 77' lang='lat' dir='ltr'><strong>distinguit</strong></span> <span class='ocrx_word' id='word_1_276' title='bbox 1415 1642 1597 1675; x_wconf 86' lang='lat' dir='ltr'><strong>octavam</strong></span> <span class='ocrx_word' id='word_1_277' title='bbox 1618 1634 1655 1675; x_wconf 86' lang='lat' dir='ltr'><strong><em>G</em></strong></span> <span class='ocrx_word' id='word_1_278' title='bbox 1682 1637 1830 1686; x_wconf 86' lang='lat' dir='ltr'><strong>primo·</strong></span> 
     </span>
     <span class='ocr_line' id='line_1_27' title="bbox 52 1693 1831 1743; baseline 0 -12"><span class='ocrx_word' id='word_1_279' title='bbox 52 1695 228 1743; x_wconf 76' lang='lat' dir='ltr'><strong>genitam</strong></span> <span class='ocrx_word' id='word_1_280' title='bbox 251 1698 293 1732; x_wconf 86' lang='lat' dir='ltr'><strong>st</strong></span> <span class='ocrx_word' id='word_1_281' title='bbox 318 1693 533 1732; x_wconf 84' lang='lat' dir='ltr'><strong>naturalem</strong></span> <span class='ocrx_word' id='word_1_282' title='bbox 573 1695 623 1733; x_wconf 89' lang='lat' dir='ltr'><strong>ab</strong></span> <span class='ocrx_word' id='word_1_283' title='bbox 652 1696 800 1733; x_wconf 87' lang='lat' dir='ltr'><strong>octavis</strong></span> <span class='ocrx_word' id='word_1_284' title='bbox 840 1693 1001 1732; x_wconf 78' lang='lat' dir='ltr'><strong>aliarum</strong></span> <span class='ocrx_word' id='word_1_285' title='bbox 1031 1693 1211 1733; x_wconf 85' lang='lat' dir='ltr'><strong>clavium.</strong></span> <span class='ocrx_word' id='word_1_286' title='bbox 1271 1694 1405 1732; x_wconf 79' lang='lat' dir='ltr'><strong>Insunt</strong></span> <span class='ocrx_word' id='word_1_287' title='bbox 1437 1695 1540 1733; x_wconf 88' lang='lat' dir='ltr'><strong>enim</strong></span> <span class='ocrx_word' id='word_1_288' title='bbox 1580 1696 1622 1732; x_wconf 89' lang='lat' dir='ltr'><strong>in</strong></span> <span class='ocrx_word' id='word_1_289' title='bbox 1651 1694 1831 1732; x_wconf 88' lang='lat' dir='ltr'><strong>omnibus</strong></span> 
     </span>
     <span class='ocr_line' id='line_1_28' title="bbox 53 1750 1829 1803; baseline 0 -13"><span class='ocrx_word' id='word_1_290' title='bbox 53 1755 215 1790; x_wconf 86' lang='lat' dir='ltr'><strong>octavae</strong></span> <span class='ocrx_word' id='word_1_291' title='bbox 241 1751 448 1801; x_wconf 71' lang='lat' dir='ltr'><strong>spsdebus</strong></span> <span class='ocrx_word' id='word_1_292' title='bbox 475 1750 611 1790; x_wconf 86' lang='lat' dir='ltr'><strong>eadem</strong></span> <span class='ocrx_word' id='word_1_293' title='bbox 638 1750 845 1790; x_wconf 87' lang='lat' dir='ltr'><strong>intervalla</strong></span> <span class='ocrx_word' id='word_1_294' title='bbox 872 1752 1059 1790; x_wconf 85' lang='lat' dir='ltr'><strong>concinna</strong></span> <span class='ocrx_word' id='word_1_295' title='bbox 1078 1757 1239 1802; x_wconf 80' lang='lat' dir='ltr'><strong>septem,</strong></span> <span class='ocrx_word' id='word_1_296' title='bbox 1269 1763 1373 1802; x_wconf 87' lang='lat' dir='ltr'><strong>quae</strong></span> <span class='ocrx_word' id='word_1_297' title='bbox 1398 1752 1518 1791; x_wconf 85' lang='lat' dir='ltr'><strong>semel</strong></span> <span class='ocrx_word' id='word_1_298' title='bbox 1537 1763 1721 1803; x_wconf 85' lang='lat' dir='ltr'><strong>expressa</strong></span> <span class='ocrx_word' id='word_1_299' title='bbox 1737 1751 1829 1802; x_wconf 91' lang='lat' dir='ltr'><strong>pul-</strong></span> 
     </span>
     <span class='ocr_line' id='line_1_29' title="bbox 51 1808 1830 1861; baseline 0.001 -13"><span class='ocrx_word' id='word_1_300' title='bbox 51 1809 202 1849; x_wconf 75' lang='lat' dir='ltr'><strong>satio-e</strong></span> <span class='ocrx_word' id='word_1_301' title='bbox 229 1808 458 1848; x_wconf 82' lang='lat' dir='ltr'><strong>chordarum</strong></span> <span class='ocrx_word' id='word_1_302' title='bbox 485 1811 617 1847; x_wconf 87' lang='lat' dir='ltr'><strong>statim</strong></span> <span class='ocrx_word' id='word_1_303' title='bbox 645 1810 804 1848; x_wconf 83' lang='lat' dir='ltr'><strong>haerent</strong></span> <span class='ocrx_word' id='word_1_304' title='bbox 833 1811 871 1847; x_wconf 91' lang='lat' dir='ltr'><strong>in</strong></span> <span class='ocrx_word' id='word_1_305' title='bbox 900 1811 1085 1848; x_wconf 88' lang='lat' dir='ltr'><strong>memoria</strong></span> <span class='ocrx_word' id='word_1_306' title='bbox 1123 1809 1172 1849; x_wconf 89' lang='lat' dir='ltr'><strong>de</strong></span> <span class='ocrx_word' id='word_1_307' title='bbox 1200 1811 1437 1861; x_wconf 85' lang='lat' dir='ltr'><strong>propinquo;</strong></span> <span class='ocrx_word' id='word_1_308' title='bbox 1477 1815 1521 1848; x_wconf 92' lang='grc' dir='ltr'><strong>ιιι</strong></span> <span class='ocrx_word' id='word_1_309' title='bbox 1550 1810 1666 1849; x_wconf 78' lang='lat' dir='ltr'><strong>facile</strong></span> <span class='ocrx_word' id='word_1_310' title='bbox 1695 1814 1830 1861; x_wconf 82' lang='lat' dir='ltr'><strong>pateat</strong></span> 
     </span>
     <span class='ocr_line' id='line_1_30' title="bbox 51 1865 1829 1919; baseline 0 -13"><span class='ocrx_word' id='word_1_311' title='bbox 51 1865 214 1915; x_wconf 75' lang='lat' dir='ltr'><strong>auditui,</strong></span> <span class='ocrx_word' id='word_1_312' title='bbox 241 1878 320 1916; x_wconf 84' lang='lat' dir='ltr'><strong>qno</strong></span> <span class='ocrx_word' id='word_1_313' title='bbox 349 1866 435 1906; x_wconf 86' lang='lat' dir='ltr'><strong>loeo</strong></span> <span class='ocrx_word' id='word_1_314' title='bbox 466 1872 632 1907; x_wconf 80' lang='lat' dir='ltr'><strong>octavae</strong></span> <span class='ocrx_word' id='word_1_315' title='bbox 660 1868 846 1906; x_wconf 86' lang='lat' dir='ltr'><strong>naturalis</strong></span> <span class='ocrx_word' id='word_1_316' title='bbox 875 1866 1038 1917; x_wconf 84' lang='lat' dir='ltr'><strong>quilibet</strong></span> <span class='ocrx_word' id='word_1_317' title='bbox 1067 1874 1183 1906; x_wconf 88' lang='lat' dir='ltr'><strong>tonus</strong></span> <span class='ocrx_word' id='word_1_318' title='bbox 1219 1870 1390 1919; x_wconf 81' lang='lat' dir='ltr'><strong>incipiat.</strong></span> <span class='ocrx_word' id='word_1_319' title='bbox 1449 1867 1538 1906; x_wconf 88' lang='lat' dir='ltr'><strong>Hoc</strong></span> <span class='ocrx_word' id='word_1_320' title='bbox 1573 1872 1689 1919; x_wconf 83' lang='lat' dir='ltr'><strong>pacto</strong></span> <span class='ocrx_word' id='word_1_321' title='bbox 1718 1878 1829 1907; x_wconf 87' lang='lat' dir='ltr'><strong>com·-</strong></span> 
     </span>
    </p>
   </div>
   <div class='ocr_carea' id='block_1_3' title="bbox 50 1919 1987 1976">
    <p class='ocr_par' dir='ltr' id='par_1_6' title="bbox 50 1919 1987 1976">
     <span class='ocr_line' id='line_1_31' title="bbox 50 1919 1987 1976; baseline 0.001 -12"><span class='ocrx_word' id='word_1_322' title='bbox 50 1925 167 1964; x_wconf 73' lang='lat' dir='ltr'><strong>matis</strong></span> <span class='ocrx_word' id='word_1_323' title='bbox 192 1935 330 1964; x_wconf 85' lang='lat' dir='ltr'><strong>sensus</strong></span> <span class='ocrx_word' id='word_1_324' title='bbox 358 1926 430 1964; x_wconf 87' lang='lat' dir='ltr'><strong>erit</strong></span> <span class='ocrx_word' id='word_1_325' title='bbox 457 1924 667 1976; x_wconf 85' lang='lat' dir='ltr'><strong>implicitus</strong></span> <span class='ocrx_word' id='word_1_326' title='bbox 705 1927 746 1963; x_wconf 89' lang='lat' dir='ltr'><strong>in</strong></span> <span class='ocrx_word' id='word_1_327' title='bbox 776 1925 1022 1964; x_wconf 83' lang='lat' dir='ltr'><strong>distinctione</strong></span> <span class='ocrx_word' id='word_1_328' title='bbox 1064 1931 1301 1965; x_wconf 86' lang='lat' dir='ltr'><strong>octavarum.</strong></span> <span class='ocrx_word' id='word_1_329' title='bbox 1362 1925 1697 1976; x_wconf 84' lang='lat' dir='ltr'><strong>Quemadmodum</strong></span> <span class='ocrx_word' id='word_1_330' title='bbox 1727 1927 1830 1965; x_wconf 88' lang='lat' dir='ltr'><strong>enim</strong></span> <span class='ocrx_word' id='word_1_331' title='bbox 1879 1921 1885 1924; x_wconf 9' lang='grc' dir='ltr'>ζ</span> <span class='ocrx_word' id='word_1_332' title='bbox 1911 1919 1917 1922; x_wconf 58' lang='grc'><strong>’</strong></span> <span class='ocrx_word' id='word_1_333' title='bbox 1985 1926 1987 1931; x_wconf 89' lang='grc'><strong>’</strong></span> 
     </span>
    </p>
   </div>
   <div class='ocr_carea' id='block_1_4' title="bbox 49 1981 1831 2208">
    <p class='ocr_par' dir='ltr' id='par_1_7' title="bbox 49 1981 1831 2208">
     <span class='ocr_line' id='line_1_32' title="bbox 51 1981 1831 2036; baseline -0.001 -12"><span class='ocrx_word' id='word_1_334' title='bbox 51 1981 206 2024; x_wconf 82' lang='lat' dir='ltr'><strong>auditus</strong></span> <span class='ocrx_word' id='word_1_335' title='bbox 236 1984 508 2022; x_wconf 63' lang='lat' dir='ltr'><strong>consonantias</strong></span> <span class='ocrx_word' id='word_1_336' title='bbox 540 1985 645 2034; x_wconf 83' lang='lat' dir='ltr'><strong>ipsas</strong></span> <span class='ocrx_word' id='word_1_337' title='bbox 674 1989 713 2022; x_wconf 91' lang='lat' dir='ltr'><strong>et</strong></span> <span class='ocrx_word' id='word_1_338' title='bbox 743 1985 929 2023; x_wconf 84' lang='lat' dir='ltr'><strong>concinna</strong></span> <span class='ocrx_word' id='word_1_339' title='bbox 949 1985 1078 2022; x_wconf 90' lang='lat' dir='ltr'><strong>omnia</strong></span> <span class='ocrx_word' id='word_1_340' title='bbox 1099 1984 1304 2024; x_wconf 87' lang='lat' dir='ltr'><strong>intervalla</strong></span> <span class='ocrx_word' id='word_1_341' title='bbox 1322 1985 1462 2036; x_wconf 85' lang='lat' dir='ltr'><strong>probat</strong></span> <span class='ocrx_word' id='word_1_342' title='bbox 1480 1984 1531 2023; x_wconf 87' lang='lat' dir='ltr'><strong>ab</strong></span> <span class='ocrx_word' id='word_1_343' title='bbox 1552 1984 1700 2030; x_wconf 78' lang='lat' dir='ltr'><strong>effectu,</strong></span> <span class='ocrx_word' id='word_1_344' title='bbox 1738 1983 1831 2023; x_wconf 83' lang='lat' dir='ltr'><strong>licet</strong></span> 
     </span>
     <span class='ocr_line' id='line_1_33' title="bbox 49 2041 1828 2094; baseline 0.001 -15"><span class='ocrx_word' id='word_1_345' title='bbox 49 2051 128 2079; x_wconf 89' lang='lat' dir='ltr'><strong>non</strong></span> <span class='ocrx_word' id='word_1_346' title='bbox 155 2045 331 2080; x_wconf 71' lang='lat' dir='ltr'><strong>nunu-et</strong></span> <span class='ocrx_word' id='word_1_347' title='bbox 356 2041 618 2091; x_wconf 82' lang='lat' dir='ltr'><strong>longitudines</strong></span> <span class='ocrx_word' id='word_1_348' title='bbox 647 2042 887 2087; x_wconf 84' lang='lat' dir='ltr'><strong>chordarum,</strong></span> <span class='ocrx_word' id='word_1_349' title='bbox 918 2053 1019 2091; x_wconf 85' lang='lat' dir='ltr'><strong>quae</strong></span> <span class='ocrx_word' id='word_1_350' title='bbox 1048 2053 1206 2081; x_wconf 82' lang='lat' dir='ltr'><strong>causam</strong></span> <span class='ocrx_word' id='word_1_351' title='bbox 1236 2044 1422 2094; x_wconf 85' lang='lat' dir='ltr'><strong>praebent</strong></span> <span class='ocrx_word' id='word_1_352' title='bbox 1457 2042 1828 2089; x_wconf 81' lang='lat' dir='ltr'><strong>concordantiarum,</strong></span> 
     </span>
     <span class='ocr_line' id='line_1_34' title="bbox 50 2097 1830 2154; baseline 0.001 -17"><span class='ocrx_word' id='word_1_353' title='bbox 50 2099 108 2137; x_wconf 66' lang='lat' dir='ltr'><strong>dc</strong></span> <span class='ocrx_word' id='word_1_354' title='bbox 134 2097 238 2137; x_wconf 82' lang='lat' dir='ltr'><strong>idem</strong></span> <span class='ocrx_word' id='word_1_355' title='bbox 264 2098 421 2138; x_wconf 84' lang='lat' dir='ltr'><strong>auditus</strong></span> <span class='ocrx_word' id='word_1_356' title='bbox 449 2099 615 2138; x_wconf 89' lang='lat' dir='ltr'><strong>advertit</strong></span> <span class='ocrx_word' id='word_1_357' title='bbox 645 2101 760 2139; x_wconf 88' lang='lat' dir='ltr'><strong>etiam</strong></span> <span class='ocrx_word' id='word_1_358' title='bbox 789 2100 968 2139; x_wconf 75' lang='lat' dir='ltr'><strong>affectum</strong></span> <span class='ocrx_word' id='word_1_359' title='bbox 996 2103 1198 2139; x_wconf 85' lang='lat' dir='ltr'><strong>commatis</strong></span> <span class='ocrx_word' id='word_1_360' title='bbox 1228 2098 1322 2154; x_wconf 59' lang='lat' dir='ltr'><em>⁵³⁰]OE</em></span> <span class='ocrx_word' id='word_1_361' title='bbox 1336 2130 1347 2149; x_wconf 98' lang='lat'><strong>,</strong></span> <span class='ocrx_word' id='word_1_362' title='bbox 1378 2102 1452 2140; x_wconf 81' lang='lat' dir='ltr'><strong>etsi</strong></span> <span class='ocrx_word' id='word_1_363' title='bbox 1481 2100 1521 2139; x_wconf 88' lang='lat' dir='ltr'><strong>id</strong></span> <span class='ocrx_word' id='word_1_364' title='bbox 1550 2112 1628 2139; x_wconf 89' lang='lat' dir='ltr'><strong>non</strong></span> <span class='ocrx_word' id='word_1_365' title='bbox 1656 2107 1830 2139; x_wconf 83' lang='lat' dir='ltr'><strong>numeret</strong></span> 
     </span>
     <span class='ocr_line' id='line_1_35' title="bbox 54 2154 1270 2208; baseline 0.003 -14"><span class='ocrx_word' id='word_1_366' title='bbox 54 2154 233 2206; x_wconf 80' lang='lat' dir='ltr'><strong>adeoque</strong></span> <span class='ocrx_word' id='word_1_367' title='bbox 260 2167 333 2196; x_wconf 82' lang='lat' dir='ltr'><strong>noc</strong></span> <span class='ocrx_word' id='word_1_368' title='bbox 359 2157 505 2196; x_wconf 79' lang='lat' dir='ltr'><strong>actuali</strong></span> <span class='ocrx_word' id='word_1_369' title='bbox 533 2157 698 2198; x_wconf 84' lang='lat' dir='ltr'><strong>discreta</strong></span> <span class='ocrx_word' id='word_1_370' title='bbox 727 2159 908 2197; x_wconf 84' lang='lat' dir='ltr'><strong>sensione</strong></span> <span class='ocrx_word' id='word_1_371' title='bbox 938 2159 1067 2208; x_wconf 83' lang='lat' dir='ltr'><strong>capiat</strong></span> <span class='ocrx_word' id='word_1_372' title='bbox 1098 2160 1270 2198; x_wconf 81' lang='lat' dir='ltr'><strong>seorsim.</strong></span> 
     </span>
    </p>
   </div>
   <div class='ocr_carea' id='block_1_5' title="bbox 775 2311 1084 2359">
    <p class='ocr_par' dir='ltr' id='par_1_8' title="bbox 775 2311 1084 2359">
     <span class='ocr_line' id='line_1_36' title="bbox 775 2311 1084 2359; baseline -0.01 0"><span class='ocrx_word' id='word_1_373' title='bbox 775 2312 961 2359; x_wconf 87' lang='lat' dir='ltr'><strong>CAPUT</strong></span> <span class='ocrx_word' id='word_1_374' title='bbox 995 2311 1084 2358; x_wconf 86' lang='lat' dir='ltr'><strong>XV.</strong></span> 
     </span>
    </p>
   </div>
   <div class='ocr_carea' id='block_1_6' title="bbox 325 2405 1546 2454">
    <p class='ocr_par' dir='ltr' id='par_1_9' title="bbox 325 2405 1546 2454">
     <span class='ocr_line' id='line_1_37' title="bbox 325 2405 1546 2454; baseline 0.003 -14"><span class='ocrx_word' id='word_1_375' title='bbox 325 2405 407 2449; x_wconf 76' lang='lat' dir='ltr'><strong>Qui</strong></span> <span class='ocrx_word' id='word_1_376' title='bbox 437 2407 558 2442; x_wconf 81' lang='lat' dir='ltr'><strong>modi</strong></span> <span class='ocrx_word' id='word_1_377' title='bbox 592 2407 662 2443; x_wconf 85' lang='lat' dir='ltr'><strong>vel</strong></span> <span class='ocrx_word' id='word_1_378' title='bbox 695 2409 796 2444; x_wconf 89' lang='lat' dir='ltr'><strong>toni</strong></span> <span class='ocrx_word' id='word_1_379' title='bbox 833 2408 1002 2454; x_wconf 82' lang='lat' dir='ltr'><strong>quibus</strong></span> <span class='ocrx_word' id='word_1_380' title='bbox 1036 2408 1253 2444; x_wconf 82' lang='lat' dir='ltr'><strong>serviant</strong></span> <span class='ocrx_word' id='word_1_381' title='bbox 1287 2408 1546 2445; x_wconf 73' lang='lat' dir='ltr'><strong>affectibus.</strong></span> 
     </span>
    </p>
   </div>
   <div class='ocr_carea' id='block_1_7' title="bbox 4 2500 1831 3132">
    <p class='ocr_par' dir='ltr' id='par_1_10' title="bbox 55 2500 1830 2614">
     <span class='ocr_line' id='line_1_38' title="bbox 164 2500 1830 2556; baseline 0.003 -17"><span class='ocrx_word' id='word_1_382' title='bbox 164 2500 364 2540; x_wconf 80' lang='lat' dir='ltr'><strong>Hactenus</strong></span> <span class='ocrx_word' id='word_1_383' title='bbox 393 2500 441 2539; x_wconf 88' lang='lat' dir='ltr'><strong>de</strong></span> <span class='ocrx_word' id='word_1_384' title='bbox 468 2504 674 2553; x_wconf 85' lang='lat' dir='ltr'><strong>principiis,</strong></span> <span class='ocrx_word' id='word_1_385' title='bbox 707 2515 755 2542; x_wconf 88' lang='lat' dir='ltr'><strong>ex</strong></span> <span class='ocrx_word' id='word_1_386' title='bbox 784 2504 925 2553; x_wconf 78' lang='lat' dir='ltr'><strong>quibus</strong></span> <span class='ocrx_word' id='word_1_387' title='bbox 954 2505 1037 2542; x_wconf 90' lang='lat' dir='ltr'><strong>toni</strong></span> <span class='ocrx_word' id='word_1_388' title='bbox 1067 2508 1243 2542; x_wconf 85' lang='lat' dir='ltr'><strong>constant</strong></span> <span class='ocrx_word' id='word_1_389' title='bbox 1277 2509 1315 2543; x_wconf 89' lang='lat' dir='ltr'><strong>et</strong></span> <span class='ocrx_word' id='word_1_390' title='bbox 1345 2509 1480 2543; x_wconf 85' lang='lat' dir='ltr'><strong>eontra</strong></span> <span class='ocrx_word' id='word_1_391' title='bbox 1508 2517 1552 2544; x_wconf 91' lang='lat' dir='ltr'><strong>se</strong></span> <span class='ocrx_word' id='word_1_392' title='bbox 1581 2505 1830 2556; x_wconf 83' lang='lat' dir='ltr'><strong>distinguun-</strong></span> 
     </span>
     <span class='ocr_line' id='line_1_39' title="bbox 55 2558 1666 2614; baseline 0.004 -19"><span class='ocrx_word' id='word_1_393' title='bbox 55 2562 139 2606; x_wconf 70' lang='lat' dir='ltr'><strong>tur3</strong></span> <span class='ocrx_word' id='word_1_394' title='bbox 164 2558 248 2608; x_wconf 83' lang='lat' dir='ltr'><strong>jam</strong></span> <span class='ocrx_word' id='word_1_395' title='bbox 276 2570 401 2609; x_wconf 87' lang='lat' dir='ltr'><strong>pauca</strong></span> <span class='ocrx_word' id='word_1_396' title='bbox 431 2558 556 2598; x_wconf 86' lang='lat' dir='ltr'><strong>dicam</strong></span> <span class='ocrx_word' id='word_1_397' title='bbox 586 2561 633 2599; x_wconf 92' lang='lat' dir='ltr'><strong>de</strong></span> <span class='ocrx_word' id='word_1_398' title='bbox 663 2562 823 2608; x_wconf 77' lang='lat' dir='ltr'><strong>effectu,</strong></span> <span class='ocrx_word' id='word_1_399' title='bbox 854 2568 1115 2600; x_wconf 83' lang='lat' dir='ltr'><strong>consentanea</strong></span> <span class='ocrx_word' id='word_1_400' title='bbox 1144 2561 1299 2611; x_wconf 81' lang='lat' dir='ltr'><strong>quidem</strong></span> <span class='ocrx_word' id='word_1_401' title='bbox 1330 2564 1427 2601; x_wconf 89' lang='lat' dir='ltr'><strong>meis</strong></span> <span class='ocrx_word' id='word_1_402' title='bbox 1457 2564 1666 2614; x_wconf 85' lang='lat' dir='ltr'><strong>principiis.</strong></span> 
     </span>
    </p>

    <p class='ocr_par' dir='ltr' id='par_1_11' title="bbox 4 2615 1831 3072">
     <span class='ocr_line' id='line_1_40' title="bbox 167 2615 1830 2671; baseline 0.003 -18"><span class='ocrx_word' id='word_1_403' title='bbox 167 2615 340 2654; x_wconf 88' lang='lat' dir='ltr'><strong>Primum</strong></span> <span class='ocrx_word' id='word_1_404' title='bbox 369 2615 633 2657; x_wconf 83' lang='lat' dir='ltr'><strong>admonendus</strong></span> <span class='ocrx_word' id='word_1_405' title='bbox 661 2624 721 2658; x_wconf 88' lang='lat' dir='ltr'><strong>est</strong></span> <span class='ocrx_word' id='word_1_406' title='bbox 747 2619 879 2665; x_wconf 87' lang='lat' dir='ltr'><strong>lector,</strong></span> <span class='ocrx_word' id='word_1_407' title='bbox 909 2631 987 2657; x_wconf 88' lang='lat' dir='ltr'><strong>non</strong></span> <span class='ocrx_word' id='word_1_408' title='bbox 1016 2619 1079 2658; x_wconf 82' lang='lat' dir='ltr'><strong>hic</strong></span> <span class='ocrx_word' id='word_1_409' title='bbox 1108 2621 1175 2669; x_wconf 82' lang='lat' dir='ltr'><strong>agi</strong></span> <span class='ocrx_word' id='word_1_410' title='bbox 1204 2620 1252 2658; x_wconf 93' lang='lat' dir='ltr'><strong>de</strong></span> <span class='ocrx_word' id='word_1_411' title='bbox 1283 2620 1580 2671; x_wconf 86' lang='lat' dir='ltr'><strong>dispositionum</strong></span> <span class='ocrx_word' id='word_1_412' title='bbox 1606 2622 1723 2660; x_wconf 88' lang='lat' dir='ltr'><strong>animi</strong></span> <span class='ocrx_word' id='word_1_413' title='bbox 1755 2620 1830 2658; x_wconf 72' lang='lat' dir='ltr'><strong>dit-</strong></span> 
     </span>
     <span class='ocr_line' id='line_1_41' title="bbox 57 2673 1831 2729; baseline 0.003 -18"><span class='ocrx_word' id='word_1_414' title='bbox 57 2674 238 2720; x_wconf 73' lang='lat' dir='ltr'><strong>terentia,</strong></span> <span class='ocrx_word' id='word_1_415' title='bbox 283 2686 385 2723; x_wconf 87' lang='lat' dir='ltr'><strong>quae</strong></span> <span class='ocrx_word' id='word_1_416' title='bbox 417 2673 602 2723; x_wconf 85' lang='lat' dir='ltr'><strong>efficiunt,</strong></span> <span class='ocrx_word' id='word_1_417' title='bbox 643 2683 687 2714; x_wconf 92' lang='grc' dir='ltr'><strong>ιιι</strong></span> <span class='ocrx_word' id='word_1_418' title='bbox 727 2677 842 2716; x_wconf 85' lang='lat' dir='ltr'><strong>homo</strong></span> <span class='ocrx_word' id='word_1_419' title='bbox 871 2679 1000 2728; x_wconf 85' lang='lat' dir='ltr'><strong>potius</strong></span> <span class='ocrx_word' id='word_1_420' title='bbox 1039 2683 1170 2725; x_wconf 83' lang='lat' dir='ltr'><strong>canat,</strong></span> <span class='ocrx_word' id='word_1_421' title='bbox 1212 2689 1329 2727; x_wconf 86' lang='lat' dir='ltr'><strong>quam</strong></span> <span class='ocrx_word' id='word_1_422' title='bbox 1359 2683 1403 2716; x_wconf 92' lang='lat' dir='ltr'><strong>ut</strong></span> <span class='ocrx_word' id='word_1_423' title='bbox 1440 2680 1614 2717; x_wconf 88' lang='lat' dir='ltr'><strong>oratione</strong></span> <span class='ocrx_word' id='word_1_424' title='bbox 1645 2679 1762 2729; x_wconf 84' lang='lat' dir='ltr'><strong>plana</strong></span> <span class='ocrx_word' id='word_1_425' title='bbox 1791 2684 1831 2716; x_wconf 89' lang='lat' dir='ltr'><strong>et</strong></span> 
     </span>
     <span class='ocr_line' id='line_1_42' title="bbox 54 2729 1831 2785; baseline 0.003 -16"><span class='ocrx_word' id='word_1_426' title='bbox 54 2729 191 2770; x_wconf 77' lang='lat' dir='ltr'><strong>sedata</strong></span> <span class='ocrx_word' id='word_1_427' title='bbox 229 2736 380 2779; x_wconf 89' lang='lat' dir='ltr'><strong>utatur,</strong></span> <span class='ocrx_word' id='word_1_428' title='bbox 418 2743 544 2780; x_wconf 89' lang='lat' dir='ltr'><strong>neque</strong></span> <span class='ocrx_word' id='word_1_429' title='bbox 582 2732 630 2771; x_wconf 88' lang='lat' dir='ltr'><strong>de</strong></span> <span class='ocrx_word' id='word_1_430' title='bbox 658 2735 726 2782; x_wconf 85' lang='lat' dir='ltr'><strong>iis,</strong></span> <span class='ocrx_word' id='word_1_431' title='bbox 766 2747 867 2784; x_wconf 85' lang='lat' dir='ltr'><strong>quae</strong></span> <span class='ocrx_word' id='word_1_432' title='bbox 897 2735 988 2775; x_wconf 87' lang='lat' dir='ltr'><strong>hine</strong></span> <span class='ocrx_word' id='word_1_433' title='bbox 1017 2740 1195 2784; x_wconf 88' lang='lat' dir='ltr'><strong>cantum,</strong></span> <span class='ocrx_word' id='word_1_434' title='bbox 1236 2735 1325 2774; x_wconf 88' lang='lat' dir='ltr'><strong>inde</strong></span> <span class='ocrx_word' id='word_1_435' title='bbox 1363 2736 1579 2785; x_wconf 85' lang='lat' dir='ltr'><strong>simplicem</strong></span> <span class='ocrx_word' id='word_1_436' title='bbox 1616 2737 1831 2774; x_wconf 85' lang='lat' dir='ltr'><strong>orationem</strong></span> 
     </span>
     <span class='ocr_line' id='line_1_43' title="bbox 54 2789 1829 2842; baseline 0.003 -15"><span class='ocrx_word' id='word_1_437' title='bbox 54 2794 341 2837; x_wconf 73' lang='lat' dir='ltr'><strong>consequuntur</strong></span> <span class='ocrx_word' id='word_1_438' title='bbox 363 2790 408 2826; x_wconf 80' lang='lat' dir='ltr'><strong>in</strong></span> <span class='ocrx_word' id='word_1_439' title='bbox 439 2789 624 2828; x_wconf 84' lang='lat' dir='ltr'><strong>auditore.</strong></span> <span class='ocrx_word' id='word_1_440' title='bbox 681 2791 780 2830; x_wconf 82' lang='lat' dir='ltr'><strong>Nam</strong></span> <span class='ocrx_word' id='word_1_441' title='bbox 810 2799 854 2831; x_wconf 91' lang='lat' dir='ltr'><strong>ut</strong></span> <span class='ocrx_word' id='word_1_442' title='bbox 885 2794 1065 2832; x_wconf 78' lang='lat' dir='ltr'><strong>alacritas</strong></span> <span class='ocrx_word' id='word_1_443' title='bbox 1095 2795 1215 2832; x_wconf 91' lang='lat' dir='ltr'><strong>animi</strong></span> <span class='ocrx_word' id='word_1_444' title='bbox 1245 2798 1325 2839; x_wconf 85' lang='lat' dir='ltr'><strong>est,</strong></span> <span class='ocrx_word' id='word_1_445' title='bbox 1359 2804 1459 2842; x_wconf 86' lang='lat' dir='ltr'><strong>quae</strong></span> <span class='ocrx_word' id='word_1_446' title='bbox 1490 2804 1643 2832; x_wconf 90' lang='lat' dir='ltr'><strong>omnem</strong></span> <span class='ocrx_word' id='word_1_447' title='bbox 1673 2795 1829 2833; x_wconf 87' lang='lat' dir='ltr'><strong>omnino</strong></span> 
     </span>
     <span class='ocr_line' id='line_1_44' title="bbox 4 2846 1829 2899; baseline 0.004 -15"><span class='ocrx_word' id='word_1_448' title='bbox 4 2864 6 2869; x_wconf 44' lang='lat' dir='ltr'><strong>v</strong></span> <span class='ocrx_word' id='word_1_449' title='bbox 54 2850 208 2884; x_wconf 61' lang='lat' dir='ltr'><strong>antam</strong></span> <span class='ocrx_word' id='word_1_450' title='bbox 242 2847 282 2884; x_wconf 88' lang='lat' dir='ltr'><strong>in</strong></span> <span class='ocrx_word' id='word_1_451' title='bbox 317 2853 478 2885; x_wconf 85' lang='lat' dir='ltr'><strong>canente</strong></span> <span class='ocrx_word' id='word_1_452' title='bbox 514 2846 707 2897; x_wconf 85' lang='lat' dir='ltr'><strong>praecedit</strong></span> <span class='ocrx_word' id='word_1_453' title='bbox 744 2852 857 2899; x_wconf 86' lang='lat' dir='ltr'><strong>eique</strong></span> <span class='ocrx_word' id='word_1_454' title='bbox 887 2851 1007 2890; x_wconf 88' lang='lat' dir='ltr'><strong>veluti</strong></span> <span class='ocrx_word' id='word_1_455' title='bbox 1039 2851 1158 2890; x_wconf 86' lang='lat' dir='ltr'><strong>dictat</strong></span> <span class='ocrx_word' id='word_1_456' title='bbox 1192 2850 1421 2898; x_wconf 83' lang='lat' dir='ltr'><strong>melodiam,</strong></span> <span class='ocrx_word' id='word_1_457' title='bbox 1465 2852 1523 2889; x_wconf 81' lang='lat' dir='ltr'><strong>sic</strong></span> <span class='ocrx_word' id='word_1_458' title='bbox 1559 2853 1678 2890; x_wconf 84' lang='lat' dir='ltr'><strong>etiam</strong></span> <span class='ocrx_word' id='word_1_459' title='bbox 1716 2862 1829 2892; x_wconf 88' lang='lat' dir='ltr'><strong>omne</strong></span> 
     </span>
     <span class='ocr_line' id='line_1_45' title="bbox 53 2905 1828 2959; baseline 0.003 -17"><span class='ocrx_word' id='word_1_460' title='bbox 53 2914 175 2952; x_wconf 76' lang='lat' dir='ltr'><strong>genus</strong></span> <span class='ocrx_word' id='word_1_461' title='bbox 212 2905 433 2943; x_wconf 75' lang='lat' dir='ltr'><strong>cantionum</strong></span> <span class='ocrx_word' id='word_1_462' title='bbox 468 2906 738 2943; x_wconf 84' lang='lat' dir='ltr'><strong>concinnarum</strong></span> <span class='ocrx_word' id='word_1_463' title='bbox 773 2909 954 2959; x_wconf 80' lang='lat' dir='ltr'><strong>voluptas</strong></span> <span class='ocrx_word' id='word_1_464' title='bbox 995 2909 1233 2947; x_wconf 89' lang='lat' dir='ltr'><strong>audientium</strong></span> <span class='ocrx_word' id='word_1_465' title='bbox 1274 2909 1533 2957; x_wconf 88' lang='lat' dir='ltr'><strong>consequitur.</strong></span> <span class='ocrx_word' id='word_1_466' title='bbox 1577 2907 1828 2957; x_wconf 66' lang='lat' dir='ltr'><strong>‘Separanda</strong></span> 
     </span>
     <span class='ocr_line' id='line_1_46' title="bbox 54 2961 1828 3016; baseline 0.004 -17"><span class='ocrx_word' id='word_1_467' title='bbox 54 2966 115 2999; x_wconf 69' lang='lat' dir='ltr'><strong>ut</strong></span> <span class='ocrx_word' id='word_1_468' title='bbox 139 2961 254 3000; x_wconf 85' lang='lat' dir='ltr'><strong>nobis</strong></span> <span class='ocrx_word' id='word_1_469' title='bbox 281 2961 380 3001; x_wconf 87' lang='lat' dir='ltr'><strong>haec</strong></span> <span class='ocrx_word' id='word_1_470' title='bbox 406 2962 595 3012; x_wconf 83' lang='lat' dir='ltr'><strong>generalis</strong></span> <span class='ocrx_word' id='word_1_471' title='bbox 622 2963 822 3012; x_wconf 83' lang='lat' dir='ltr'><strong>dispositio</strong></span> <span class='ocrx_word' id='word_1_472' title='bbox 849 2967 979 3014; x_wconf 87' lang='lat' dir='ltr'><strong>animi,</strong></span> <span class='ocrx_word' id='word_1_473' title='bbox 1011 2978 1080 3005; x_wconf 87' lang='lat' dir='ltr'><strong>sen</strong></span> <span class='ocrx_word' id='word_1_474' title='bbox 1109 2968 1239 3016; x_wconf 88' lang='lat' dir='ltr'><strong>potius</strong></span> <span class='ocrx_word' id='word_1_475' title='bbox 1268 2966 1355 3004; x_wconf 89' lang='lat' dir='ltr'><strong>loco</strong></span> <span class='ocrx_word' id='word_1_476' title='bbox 1379 2967 1564 3004; x_wconf 84' lang='lat' dir='ltr'><strong>materiae</strong></span> <span class='ocrx_word' id='word_1_477' title='bbox 1583 2967 1828 3016; x_wconf 82' lang='lat' dir='ltr'><strong>subjicienda</strong></span> 
     </span>
     <span class='ocr_line' id='line_1_47' title="bbox 32 3016 1107 3072; baseline 0.006 -17"><span class='ocrx_word' id='word_1_478' title='bbox 32 3016 112 3055; x_wconf 81' lang='lat' dir='ltr'><strong>&#39;illi</strong></span> <span class='ocrx_word' id='word_1_479' title='bbox 139 3019 345 3058; x_wconf 69' lang='lat' dir='ltr'><strong>affectrrum</strong></span> <span class='ocrx_word' id='word_1_480' title='bbox 373 3019 608 3067; x_wconf 87' lang='lat' dir='ltr'><strong>diversitati,</strong></span> <span class='ocrx_word' id='word_1_481' title='bbox 638 3032 755 3069; x_wconf 87' lang='lat' dir='ltr'><strong>qnam</strong></span> <span class='ocrx_word' id='word_1_482' title='bbox 783 3021 846 3060; x_wconf 86' lang='lat' dir='ltr'><strong>hic</strong></span> <span class='ocrx_word' id='word_1_483' title='bbox 875 3026 1107 3072; x_wconf 87' lang='lat' dir='ltr'><strong>quaerimus.</strong></span> 
     </span>
    </p>

    <p class='ocr_par' dir='ltr' id='par_1_12' title="bbox 168 3075 1827 3132">
     <span class='ocr_line' id='line_1_48' title="bbox 168 3075 1827 3132; baseline 0.005 -17"><span class='ocrx_word' id='word_1_484' title='bbox 168 3075 265 3115; x_wconf 82' lang='lat' dir='ltr'><strong>Cum</strong></span> <span class='ocrx_word' id='word_1_485' title='bbox 301 3081 432 3116; x_wconf 88' lang='lat' dir='ltr'><strong>autem</strong></span> <span class='ocrx_word' id='word_1_486' title='bbox 468 3089 600 3117; x_wconf 88' lang='lat' dir='ltr'><strong>omnes</strong></span> <span class='ocrx_word' id='word_1_487' title='bbox 638 3084 766 3128; x_wconf 79' lang='lat' dir='ltr'><strong>partes</strong></span> <span class='ocrx_word' id='word_1_488' title='bbox 805 3085 939 3119; x_wconf 83' lang='lat' dir='ltr'><strong>cantus</strong></span> <span class='ocrx_word' id='word_1_489' title='bbox 968 3082 1143 3120; x_wconf 88' lang='lat' dir='ltr'><strong>concinni</strong></span> <span class='ocrx_word' id='word_1_490' title='bbox 1180 3086 1219 3119; x_wconf 89' lang='lat' dir='ltr'><strong>et</strong></span> <span class='ocrx_word' id='word_1_491' title='bbox 1247 3079 1435 3119; x_wconf 86' lang='lat' dir='ltr'><strong>naturalis</strong></span> <span class='ocrx_word' id='word_1_492' title='bbox 1473 3087 1718 3132; x_wconf 79' lang='lat' dir='ltr'><strong>comparatae</strong></span> <span class='ocrx_word' id='word_1_493' title='bbox 1748 3085 1827 3122; x_wconf 85' lang='lat' dir='ltr'><strong>sint</strong></span> 
     </span>
    </p>
   </div>
  </div>
 </body>
</html>
