1994 3276
775 55 1236 130 'mame-pntxv.
1820 87 1904 128 tor

110 202 319 247 m
334 198 434 238 καθ’
453 200 603 246 foenum
624 200 760 245 (subito
784 210 807 237 e
828 210 869 237 re
892 201 1010 242 tenui,
1041 196 1172 236 damno
1195 199 1360 246 publico,
1384 201 1564 237 creverim
1585 204 1628 238 ut
1649 202 1818 263 spongia,
1842 210 1907 248 pe·

114 250 306 311 abtum,
322 252 438 297 anri,
462 252 722 297 deglubitores,
744 251 841 289 orbi·
864 258 1067 298 exactoreS,
1091 251 1322 288 nummularii
1339 257 1376 289 et
1392 252 1642 299 cambiatores,
1664 253 1701 298 ii,
1725 254 1792 300 qui
1805 261 1907 304 ntum·

113 294 183 339 nis
205 304 323 349 prem
344 309 490 351 augent,
513 303 772 349 floruerintque
788 306 904 350 gratia
927 304 1128 351 principum
1153 310 1190 342 et
1213 305 1507 342 communitatum
1530 306 1568 341 in
1583 306 1799 342 necessitate
1822 315 1907 342 con-

114 354 333 400 m)
357 361 393 393 et
413 357 654 404 opponet-m
682 355 794 400 (fastu
818 361 856 393 et
879 357 1072 404 splendore
1095 357 1190 393 vitae
1217 363 1255 392 et
1278 358 1446 402 neglectu
1480 358 1683 393 tenuiorum
1713 358 1908 403 praestrin-

115 406 235 443 xerint
266 407 391 443 oculos
414 407 524 453 vulgi,
552 408 636 453 jura
659 407 859 445 nobilitatis
892 410 1144 455 usurpaverint
1174 410 1429 455 evicerintque)
1462 420 1585 446 onum
1613 411 1677 456 qm·
1706 414 1908 456 W

113 459 357 519 ..θέμιστα-ιε
383 466 425 498 nst
448 463 630 500 inteream
656 462 767 506 (fama
795 461 956 508 ipsorum
986 468 1070 508 post
1100 473 1238 508 paucos
1271 474 1387 499 annos
1423 462 1676 507 exstinguatur
1699 472 1782 503 cum
1803 462 1908 523 ipsis)

113 511 155 550 ἰ·
175 513 333 551 emh-0
355 514 476 551 seculi.
526 514 580 550 Τιι
602 519 723 551 autem
746 515 946 552 altissimus
973 516 1016 552 in
1036 520 1223 553 admunt
1245 515 1416 553 Domine.
1464 515 1646 561 Quoniam
1668 525 1746 552 ecco
1767 515 1908 553 maci

114 564 172 601 tu·
193 563 371 610 nonem,
401 567 575 612 quoniam
599 577 676 602 ecoe
698 567 837 603 ivam-'00‘
860 568 915 603 tui
938 567 1192 611 (contemtores
1217 572 1254 604 et
1277 566 1503 627 neglectores
1526 576 1676 612 operum
1700 571 1846 602 tuorum
1868 571 1907 609 et

114 615 315 653 divinorum
338 617 550 676 studiorum)
578 618 752 664 pm'bmut
775 623 810 656 a
833 619 1085 666 dispergentur
1108 631 1231 657 onnes
1258 621 1323 666 qui
1345 623 1545 666 operantur
1566 619 1808 665 iniquitatem.
1853 618 1908 657 Et
1979 623 1987 634 ‘

114 669 337 706 annatim
356 670 450 706 aaa
473 670 661 706 unicornis
690 682 805 708 com
826 683 944 708 meum
967 676 1001 708 et
1022 677 1185 709 senectus
1207 683 1288 709 mea
1310 671 1451 717 (saltem
1474 671 1591 707 famae
1615 671 1909 718 posthumae)m

112 720 364 759 misericordia
385 722 497 758 ubet-i.
545 721 598 757 Et
622 722 785 768 deffleat&
808 724 933 760 oculum
955 734 1053 760 meus
1075 724 1244 760 inimicos
1266 736 1364 761 meos
1387 724 1629 770 (ignorantes,
1660 722 1723 768 qui
1746 722 1908 768 philoso-

114 772 247 819 phiam,
269 783 378 819 quam
402 772 493 816 colo,
518 770 620 808 nihili
640 773 794 820 fuciunt,
816 775 991 820 pecuniis,
1017 775 1148 821 quibus
1173 786 1290 821 careo,
1315 774 1535 821 gloriantur3
1560 780 1690 821 natura
1714 774 1810 811 enim
1833 785 1907 811 om-

114 835 179 861 nes
201 825 407 870 ignorantes
430 830 467 861 et
491 831 731 862 contemtores
756 826 956 863 studiorum
990 827 1155 864 omnibus
1189 828 1386 864 scientibus
1418 826 1569 872 inimici,
1604 827 1712 862 etiam
1734 827 1850 872 inviti)
1874 832 1909 864 et

113 878 381 924 {neumatibus
396 879 437 914 in
452 890 507 914 me
521 879 813 925 maliqnantffius,
837 880 962 916 audiet
978 881 1082 916 auris
1098 892 1187 925 mea3
1204 880 1330 925 justus
1347 886 1386 917 ut
1396 882 1526 927 palma
1544 880 1698 925 florebit,
1722 882 1764 915 ut
1780 879 1909 916 ceam

115 929 254 966 1λὸαηί
282 928 593 976 ιἰκαιίρῑίοαὸίἰιιν.
638 932 808 968 Plantati
834 933 875 968 in
898 933 1004 969 domo
1028 933 1182 968 Domini
1215 934 1255 969 in
1285 935 1393 970 atriis
1417 935 1545 970 domus
1568 933 1641 969 Dei
1662 933 1782 968 nostri
1803 933 1908 976 flore-

115 982 205 1018 bunt
227 983 542 1028 (contemplatione
567 983 696 1020 mentis
720 983 815 1017 inter
838 984 943 1020 orbes
969 983 1164 1029 coelestes,
1190 984 1257 1019 Dei
1281 984 1544 1029 habitaculum,
1580 984 1798 1029 conversati,
1824 995 1907 1020 con-

115 1038 241 1079 spectu
266 1034 465 1072 divinorum
490 1048 639 1082 operum
669 1036 901 1082 perfruentur
924 1038 1076 1083 Deoque
1109 1038 1286 1074 conditori
1318 1037 1445 1073 laudes
1476 1039 1640 1074 accinent
1672 1041 1709 1073 et
1732 1037 1908 1073 mirabilia

115 1086 195 1131 ejus
219 1087 398 1124 docebunt
421 1089 530 1134 alios3
555 1088 787 1135 principibus,
813 1089 994 1134 praelatis,
1019 1090 1198 1125 nobilitati
1223 1095 1259 1124 et
1283 1090 1419 1135 optimo
1444 1090 1574 1135 cuique
1598 1089 1710 1133 chari,
1735 1089 1906 1134 quamdiu

115 1138 248 1174 fuerint
270 1141 494 1187 superstites,
518 1147 693 1187 tantoque
715 1142 926 1177 remotiores
952 1149 1058 1178 erunt
1074 1153 1096 1179 a
1112 1142 1235 1179 multis
1259 1141 1521 1178 tentationibus
1545 1146 1583 1178 et
1606 1141 1744 1187 laqueis
1763 1136 1905 1179 'diaboli

117 1195 155 1227 et
178 1191 363 1228 desideriis
385 1194 507 1230 multis
529 1194 715 1231 inutilibus
740 1199 776 1229 et
801 1195 956 1238 nocivis,
981 1206 1075 1241 quae
1098 1200 1267 1241 mergunt
1289 1195 1470 1230 Hominem
1495 1196 1532 1231 in
1555 1194 1739 1231 interitum
1764 1199 1800 1229 et
1825 1205 1904 1240 per-

115 1242 287 1280 ditionem
315 1244 479 1292 viamque
511 1248 557 1283 ad
588 1247 731 1283 domum
765 1247 834 1281 Dei
867 1253 951 1292 post
990 1248 1086 1284 hanc
1117 1249 1227 1283 vitam
1258 1247 1514 1292 intersepiant,
1550 1250 1685 1292 quanto
1716 1245 1785 1281 sibi
1815 1247 1904 1293 ipsis

115 1304 243 1333 onore
258 1296 509 1344 philosophiae
531 1300 667 1335 fuerint
689 1299 878 1335 obstaculo
910 1301 956 1336 ad
981 1301 1122 1336 divitias
1152 1301 1414 1341 cumulandas).
1463 1301 1595 1337 Adime
1616 1300 1909 1345 mnu-'plicantur

115 1349 461 1396 insonum-beri,
498 1352 999 1398 etbevaepaoeentoemnt,
1038 1354 1342 1397 utus-nuncient,
1378 1354 1552 1400 quoniam
1586 1351 1910 1390 roa-sDomm

115 1399 374 1447 Dounomr,
399 1404 941 1450 etnonestmquitaoineo.

202 1470 331 1507 Nota
354 1471 417 1508 IX.
463 1473 532 1508 Hic
561 1484 654 1509 unus
685 1473 832 1519 planeta
862 1485 973 1511 causa
1005 1475 1232 1511 omnimodae
1262 1487 1349 1513 suae
1381 1476 1567 1512 varietatis
1590 1480 1665 1512 tam
1689 1474 1906 1521 epicyclicae

47 1543 71 1584 ².
118 1534 228 1570 qum
256 1526 479 1562 ecmnioee
509 1531 738 1571 comparatur
769 1537 851 1562 cnm
882 1527 1059 1564 sonitibus
1089 1528 1244 1573 plurium
1270 1528 1496 1564 chordarum.
1543 1528 1585 1563 Id
1608 1537 1675 1572 per
1697 1537 1738 1562 se
1761 1538 1834 1563 non
1855 1528 1909 1564 in·

121 1580 246 1620 eptam
267 1583 335 1623 est,
359 1579 391 1614 si
415 1579 598 1624 epicyclus
619 1580 777 1615 abesset.
825 1579 917 1614 Nam
941 1579 1050 1615 etiam
1073 1579 1161 1616 mihi
1182 1580 1276 1616 libro
1293 1581 1335 1616 V.
1361 1592 1440 1626 cap.
1465 1581 1498 1616 6.
1523 1580 1692 1625 planetae
1716 1590 1829 1616 causa
1851 1592 1908 1618 so·

120 1626 192 1664 lius
214 1629 437 1666 mnu-icae
462 1631 692 1667 volutationis
716 1642 797 1667 cum
820 1631 985 1676 pluribus
1009 1632 1153 1668 chordis
1176 1637 1441 1676 comparantur.

234 1692 333 1730 Nota
365 1694 412 1730 X.
471 1694 567 1738 Quid
601 1694 639 1730 in
674 1695 763 1731 hac
777 1695 1046 1755 comparatione
1081 1695 1306 1755 planetarum
1342 1695 1565 1742 singulorum
1599 1706 1680 1732 cum
1716 1697 1908 1741 generibus

119 1746 250 1786 enatus
278 1744 396 1781 tribus
426 1745 623 1781 desiderari
653 1748 769 1792 possit
800 1748 846 1783 ab
870 1759 930 1793 eo,
966 1748 1028 1793 qui
1060 1748 1180 1784 omnia
1209 1748 1429 1793 excusserit,
1466 1747 1601 1783 dictum
1630 1754 1687 1783 est
1723 1749 1770 1784 ad
1801 1754 1910 1795 caput

118 1788 319 1834 Ptolemaei
344 1797 401 1834 11.
424 1797 462 1833 in
486 1798 581 1834 notis
605 1800 639 1858 2,
663 1801 684 1835 4
711 1805 747 1836 et
771 1802 804 1836 5.

233 1861 332 1898 Nota
353 1862 418 1898 XI.
472 1862 551 1898 Hae
586 1863 839 1908 proportiones
871 1864 1135 1901 revolutionum
1164 1863 1438 1909 epicyclicarum
1475 1863 1615 1899 numeri
1646 1862 1692 1898 ad
1721 1873 1910 1900 numerum

119 1913 398 1959 eccennicomm
421 1914 540 1951 adhuc
563 1915 676 1950 multo
700 1917 813 1961 magis
837 1927 946 1961 quam
969 1928 1079 1962 supra
1110 1917 1247 1953 dierum
1276 1917 1314 1951 in
1343 1916 1499 1962 periodis
1529 1915 1706 1952 mentales
1735 1920 1821 1952 sunt
1842 1926 1910 1952 nec

119 1965 228 2002 rebus
256 1967 344 2014 ipsis
374 1967 513 2011 insunt,
539 1968 600 2002 :sic
632 1972 672 2003 ut
702 1969 901 2014 comparari
931 1970 1084 2014 possint.
1133 1970 1226 2006 Nam
1250 1969 1336 2015 quid
1370 1969 1498 2005 attinet
1521 1969 1616 2004 inter
1639 1979 1678 2004 se
1702 1978 1910 2014 comparare
1942 1974 1958 1981 “

120 2019 272 2064 angulos
302 2019 449 2055 diurnos
483 2018 530 2054 ad
559 2022 721 2055 centrum
754 2020 904 2066 epicycli
935 2032 1015 2056 cum
1047 2021 1183 2058 diurnis
1213 2022 1259 2057 ad
1284 2026 1445 2058 centrum
1482 2021 1691 2065 eccentrici,
1729 2032 1750 2056 a
1794 2019 1909 2057 centri

122 2069 271 2119 epieyeli
293 2075 394 2108 motu
418 2070 609 2113 subtensis,
634 2083 715 2107 cum
739 2071 864 2108 oculus
888 2071 1009 2108 nullus
1034 2073 1082 2108 sit
1106 2074 1143 2108 in
1168 2073 1301 2110 centro'
1317 2074 1495 2120 epicycli‘?
1543 2073 1697 2109 Perinde
1722 2074 1816 2108 enim
1839 2072 1910 2109 hoc

85 2123 91 2127 ’
122 2124 195 2168 est,
226 2134 270 2160 ac
293 2124 324 2159 si
348 2122 429 2168 quis
450 2123 544 2158 inter
567 2133 606 2158 se
632 2134 839 2169 comparare
864 2126 950 2161 velit
972 2137 1095 2162 vocem
1130 2127 1248 2172 pueri,
1284 2127 1485 2163 discantum
1515 2125 1676 2160 canentis
1700 2124 1738 2160 in
1762 2125 1909 2170 templo,

122 2183 206 2211 cum
226 2176 332 2220 longe
361 2175 488 2211 dissita
512 2184 600 2210 voce
623 2175 758 2220 vigilis,
792 2176 917 2212 horam
947 2179 1219 2223 pronunciantis
1245 2179 1289 2214 de
1313 2177 1419 2220 ωτι-ὴ
1458 2181 1499 2212 ut
1521 2182 1676 2214 taceam.
1715 2177 1813 2221 quod
1837 2177 1911 2221 epi-

122 2228 243 2273 cyclus
265 2227 387 2263 nullus
411 2232 479 2262 est.
527 2227 716 2270 Quomodo
739 2238 823 2263 vero
847 2234 967 2264 motus
992 2230 1149 2265 Telluris
1174 2231 1407 2273 eccentricus,
1433 2241 1505 2274 quo
1530 2229 1672 2264 tollitur
1698 2228 1812 2264 omnis
1836 2224 1910 2273 epi—

122 2280 257 2326 oydns,
283 2285 510 2324 comparetur
533 2291 613 2315 cum
635 2279 792 2315 motibus
816 2286 1029 2326 ceterorum,
1053 2282 1089 2317 id
1106 2283 1141 2317 in
1166 2284 1386 2319 astronomia
1402 2282 1600 2318 Ptolemaei
1623 2282 1814 2317 dicendum
1836 2291 1910 2316 non

123 2338 191 2377 est,
216 2332 350 2367 dictum
372 2342 457 2367 vero
480 2336 538 2368 est
560 2343 583 2367 a
606 2342 663 2367 me
687 2332 777 2367 libro
802 2333 844 2368 V.

237 2395 334 2430 Nota
355 2394 437 2429 XII.
483 2395 553 2430 Hic
582 2388 693 2430 unum
717 2406 737 2430 e
761 2397 941 2441 scrupulis
964 2398 1162 2433 Ptolemaei
1190 2398 1434 2434 infestissimis
1465 2397 1661 2441 eliminavi,
1695 2397 1796 2433 nulla
1822 2408 1909 2434 usus

123 2447 436 2493 tergiversatione,
462 2447 559 2491 quod
582 2448 675 2483 facio
692 2448 939 2484 Ptolemaeum
961 2459 1129 2486 recusare
1148 2450 1454 2494 comparationem
1478 2448 1793 2485 retrocedentium.
1816 2450 1910 2485 Nam

125 2511 235 2536 causa
257 2509 364 2544 quam
388 2498 520 2543 affero,
550 2500 647 2544 quod
671 2511 744 2535 ιιοιι
767 2500 903 2544 possim
927 2501 1032 2536 aliter
1055 2502 1101 2536 ob
1126 2502 1336 2546 luminaria,
1360 2512 1470 2537 causa
1494 2501 1594 2535 nulla
1616 2505 1688 2542 est;
1718 2501 1792 2536 imo
1815 2511 1909 2536 com-

125 2550 348 2597 parationem
372 2551 486 2595 ipsam
511 2551 673 2596 destruit,
700 2552 834 2597 quippe
857 2552 1124 2597 impossibilem.

239 2615 336 2650 Nota
357 2614 456 2648 XIII.
502 2613 570 2649 Hic
585 2615 762 2651 indicatur
783 2627 857 2652 una
879 2622 1018 2653 tantum
1033 2618 1128 2653 inter
1150 2618 1255 2653 binos
1271 2618 1408 2653 vicinos
1432 2616 1629 2662 proportio,
1654 2620 1815 2652 motuum
1838 2627 1910 2652 non

126 2671 377 2710 extremorum,
401 2665 466 2701 sed
489 2666 799 2712 inter-mediorum,
823 2679 890 2705 nec
907 2670 1139 2713 sincerorum,
1164 2671 1229 2706 sed
1252 2669 1446 2715 phantasia
1463 2669 1658 2714 epicyclica
1672 2667 1909 2714 imbutorum3

127 2718 402 2764 comparationis
418 2722 539 2753 tamen
561 2719 688 2755 modus
710 2726 809 2756 recte
825 2720 934 2756 habet
958 2726 994 2756 et
1018 2725 1074 2757 est
1097 2721 1251 2757 causalis
1270 2732 1333 2756 seu
1352 2721 1620 2765 archetypicus:
1647 2719 1794 2755 eaedem
1817 2721 1910 2756 enim

128 2776 212 2808 sunt
235 2769 443 2805 harmoniae
467 2770 680 2815 abstractae,
706 2777 742 2805 et
766 2783 858 2816 quae
881 2774 977 2809 inter
999 2778 1118 2809 motus
1141 2774 1306 2809 binorum
1330 2773 1557 2819 planetarum
1582 2777 1762 2807 extremos
1786 2783 1809 2807 a
1817 2773 1909 2825 Deo
1966 2766 1990 2809 .—

126 2822 273 2858 fnerunt
296 2819 464 2907 εωῑῖὲαθ,
489 2823 526 2855 et
548 2832 641 2865 quae
665 2822 802 2858 animae
825 2821 1002 2861 humanae
1024 2825 1273 2871 implantatae,
1301 2830 1341 2860 ut
1364 2825 1445 2860 illas
1467 2826 1562 2860 inter
1585 2835 1692 2860 voces
1715 2835 1907 2878 recognos-

129 2879 240 2911 ceret
249 2878 285 2909 et
308 2879 374 2918 pro
400 2878 487 2908 aret.

243 2938 339 2973 Nota
361 2935 457 2987 XIV.
504 2937 587 2972 Etsi
618 2937 677 2973 hic
695 2940 944 2974 secernuntur
973 2939 1113 2985 aliquae
1142 2939 1367 2984 planetarum
1398 2939 1625 2974 harmonicae
1658 2913 1909 2991 proportiones
1976 2922 1981 2926 ⁷

128 2984 202 3031 non
224 2989 295 3025 alia
318 2998 374 3034 re,
398 2983 468 3024 nisi
490 2987 698 3024 diversitate
721 2989 955 3025 terminorum
978 3002 1089 3027 causa
1113 2990 1281 3036 epicycli‚
1307 2988 1403 3036 quod
1428 2990 1639 3026 altrinsecus
1664 2995 1762 3027 stant
1783 2988 1908 3039 plane-

129 3040 203 3087 tae,
225 3041 356 3087 quibus
381 3039 562 3087 epicyclus
585 3044 652 3087 est,
677 3052 697 3077 e
711 3040 857 3094 regione
872 3042 1051 3090 planetae,
1076 3044 1137 3090 qui
1162 3048 1287 3079 carent
1312 3043 1473 3089 epicyclo
1496 3042 1572 3087 tali,
1597 3041 1660 3088 qui
1683 3043 1849 3089 superius
1871 3043 1909 3079 in
