1994 3276
144 84 230 123 414
709 84 717 96 ⁸
765 80 986 127 Appendicis
1009 79 1306 118 Harmonicorum

143 198 313 238 Materia
358 198 634 238 declarationis
677 204 768 239 tuae
808 212 1022 251 sensusque
1060 206 1150 240 sunt
1191 202 1426 251 increpantis
1469 201 1625 251 potius,
1674 207 1718 240 ut
1753 202 1787 240 si
1825 213 1939 252 quem

142 258 258 307 juxta
294 262 333 296 te
365 258 638 296 consistentem
670 258 709 295 in
739 258 917 308 publico,
959 271 1031 299 nec
1061 260 1223 299 verbum
1253 258 1532 311 proferentem,
1574 260 1704 299 verbis
1733 260 1939 310 profligare

142 315 308 366 locoque
339 316 485 366 pellere
515 315 872 355 stomachabundus
909 320 1145 357 anniterer-is.
1207 318 1251 356 In
1282 317 1434 368 pulpito
1475 329 1536 357 mc
1567 320 1819 357 constitutum
1849 319 1934 357 exi-

143 375 363 422 stimabam,
397 374 487 412 dum
518 385 616 424 opus
646 373 925 414 Harmonicum
955 377 1082 415 scribo
1113 378 1522 427 comparationemque
1554 377 1593 414 in
1620 376 1695 415 fine
1727 377 1934 426 subJungo,

142 439 185 470 tu
217 444 306 472 ecce
335 445 397 471 me
428 432 479 471 ad
509 443 658 471 morum
689 444 890 472 censuram
923 446 1052 475 vocas,
1113 435 1374 474 Resdondebo
1396 434 1575 484 equidem
1597 435 1647 473 ad
1670 435 1835 485 objecta,
1868 434 1937 473 sed

143 491 190 529 de
220 491 393 541 pulpit03
435 490 529 529 illud
566 491 750 530 honestas
792 493 982 543 postulat,
1027 493 1102 531 hoc
1132 494 1311 543 aequitas
1348 494 1547 542 permittit.
1608 493 1752 532 Censes
1791 504 1937 531 errores

146 561 341 599 quemque
371 561 464 588 suos
493 560 570 588 non
601 555 705 588 recte
737 550 930 590 obducere
963 551 1135 589 colorum
1167 552 1408 591 diversorum
1440 552 1697 600 obscuritate3
1733 551 1868 589 duram
1898 552 1937 588 in

140 607 221 656 his,
263 609 330 659 qui
359 607 457 647 talia
486 607 650 656 audent,
688 610 868 658 agnoscis
899 610 1063 648 frontem
1093 615 1211 659 atque
1241 610 1443 649 audacem:
1503 609 1718 649 Laudabile
1756 610 1936 647 nimirum

143 666 218 705 hoc
257 671 316 706 est
351 667 507 705 initium
548 678 732 705 censurae
762 672 874 715 tuae,
919 673 1094 718 promtus
1134 679 1277 707 annuo.
1339 668 1462 707 Facta
1499 668 1564 707 vel
1602 669 1746 719 scripta
1781 669 1943 718 propria·

143 737 264 775 negas
295 724 520 763 extollenda
549 736 618 775 per
648 724 879 776 philantiam
911 738 1131 776 vanamque
1161 727 1347 776 gloriam:
1381 726 1588 765 adsentior.
1649 725 1759 764 Vitia
1779 725 1938 776 publica

146 795 233 821 cum
274 785 505 822 auctoritate
545 789 674 821 taxas:
721 785 881 822 interest
921 784 1098 834 publice,
1144 790 1188 822 ut
1218 790 1256 823 te
1291 796 1379 823 cum
1417 785 1604 834 Juventus
1635 784 1811 823 studiosa
1853 790 1935 822 tum

143 843 349 893 scriptores
391 853 525 881 omncs
562 841 735 882 audiant.
796 842 979 892 Iniquum
1010 855 1164 891 censes,
1205 855 1439 893 quemquam
1474 854 1516 882 se
1546 843 1692 893 populo
1735 842 1935 881 venditare

141 912 210 950 per
249 900 378 939 laudis
419 900 578 939 alterius
620 899 891 939 detrimentum
940 901 1205 950 honestaeque
1246 902 1374 940 famae
1418 900 1725 951 depressionem,
1771 912 1930 951 operum

138 960 350 1009 praeconia
381 970 538 997 snorum
568 969 637 1008 per
666 958 831 998 aliorum
862 959 1023 1009 injurias
1054 965 1093 998 et
1123 959 1291 999 dedecus
1327 970 1392 998 ore
1412 959 1557 1008 iniusto
1578 959 1826 998 ebuccinare:
1858 960 1934 996 ini-

141 1018 370 1066 quissimum
426 1017 500 1055 hoc
539 1017 696 1055 omnino
739 1022 777 1056 et
806 1019 1022 1069 praeceptis
1060 1018 1203 1056 divinis
1241 1018 1498 1068 humanisque
1534 1019 1779 1057 contrarium.
1840 1017 1935 1056 Non

139 1075 477 1126 praeripiendum
513 1075 722 1115 lectoribus
752 1076 955 1124 judicium
997 1076 1044 1114 de
1082 1076 1194 1114 libris
1223 1076 1336 1115 editis
1375 1089 1402 1115 a
1441 1076 1774 1126 disceptantibus:
1819 1075 1935 1126 plano

141 1137 302 1184 inquam
341 1133 417 1172 hoc
447 1139 579 1172 vetare
615 1134 764 1184 ‘justum
803 1141 1057 1184 sanctumque
1096 1140 1166 1173 est.
1226 1134 1434 1185 Scripsisse
1465 1139 1525 1181 te,
1572 1136 1649 1183 ais,
1695 1132 1932 1184 simpliciter,

139 1195 308 1241 sincere,
352 1193 525 1231 voluisse
562 1192 716 1242 placere
753 1192 920 1243 populo:
959 1193 1092 1233 laudo.
1152 1193 1283 1243 Negas
1321 1199 1359 1231 te
1384 1204 1612 1243 quenquam
1651 1192 1827 1231 clanculo
1868 1191 1932 1230 vel

143 1256 275 1301 aperte
307 1253 569 1302 vituperasse:
602 1256 806 1290 contentus
826 1263 926 1295 sum.
985 1250 1094 1293 Malo
1125 1253 1317 1291 neminem
1335 1251 1525 1298 affecisse,
1557 1250 1707 1289 nullum
1738 1252 1778 1287 in
1809 1261 1934 1300 quen-

140 1321 257 1359 quam
288 1309 462 1349 dicacule
492 1310 676 1360 probrum
707 1309 871 1358 dixisse,
909 1309 1053 1347 nullius
1084 1310 1228 1348 famam
1258 1309 1429 1348 invidiae
1459 1310 1692 1359 aeruginoso
1724 1308 1836 1347 dente
1867 1320 1932 1347 ar-

139 1369 301 1416 rosisse,
361 1368 507 1419 cynicis
555 1368 727 1406 moribus
769 1368 1051 1418 calumniisque
1092 1368 1348 1409 abstinuisse:
1400 1373 1543 1415 macte,
1589 1366 1852 1406 Christianum
1890 1371 1930 1405 te

138 1431 335 1476 praestas,
373 1438 491 1476 perge
523 1427 600 1464 ita!
659 1425 790 1475 Negas
822 1433 859 1464 te
890 1437 1065 1464 sermone
1107 1428 1309 1464 temerario
1356 1438 1489 1463 usum:
1533 1437 1717 1475 magnum
1747 1430 1784 1463 te
1814 1436 1931 1475 prae-

142 1484 251 1533 dico,
292 1487 325 1525 si
356 1484 430 1523 hoc
460 1496 584 1535 usque
615 1495 770 1535 quaque
801 1485 962 1533 cavisti3
993 1495 1079 1522 rara
1108 1483 1286 1534 linguae,
1324 1495 1411 1524 rara
1442 1483 1579 1523 calami
1608 1483 1773 1525 felicitas
1805 1483 1932 1521 omni-

141 1543 291 1594 busque
323 1543 506 1581 encomiis
526 1542 799 1593 praedicanda.
861 1542 992 1592 Atque
1011 1543 1113 1591 hinc,
1145 1545 1215 1591 ais,
1247 1548 1284 1581 te
1313 1543 1572 1591 constituisse,
1604 1543 1931 1593 comparationem

140 1613 269 1640 meam
300 1601 485 1653 replicare
517 1600 774 1640 amaritudine
804 1602 995 1652 seposita:
1041 1601 1145 1640 bona
1175 1612 1294 1639 causa
1324 1600 1550 1650 impellens,
1587 1601 1776 1651 propositi
1809 1600 1932 1638 forma

142 1661 447 1710 speciosissima,
491 1671 559 1710 spe
597 1659 735 1710 plenus
775 1670 873 1698 sum.
937 1659 1240 1698 Animadvertis
1277 1672 1305 1697 a
1341 1671 1404 1697 me
1443 1659 1515 1696 tibi
1551 1658 1703 1706 objecta
1730 1658 1933 1697 nonnulla

142 1719 361 1767 subtiliter,
394 1719 573 1768 agnoscis
604 1725 732 1755 tamen
762 1729 947 1755 serenam
976 1719 1022 1755 in
1051 1719 1101 1756 iis
1142 1717 1439 1767 quodammodo
1467 1718 1666 1767 frontem:
1710 1727 1787 1754 non
1817 1715 1931 1764 male,

114 1817 117 1827 Ι
142 1781 186 1815 ut
215 1776 345 1825 video,
376 1787 502 1827 neque
533 1782 574 1814 tu
607 1776 654 1815 de
685 1787 746 1814 me
777 1788 922 1826 speras,
953 1777 1028 1813 nisi
1059 1778 1091 1814 si
1122 1777 1161 1813 in
1183 1787 1279 1814 voce
1309 1776 1504 1814 subtiliter
1533 1773 1787 1813 subtilissima
1810 1773 1932 1813 lateat

143 1835 394 1884 querimonia.
455 1835 538 1884 Ego
570 1834 683 1882 mihi,
714 1834 904 1882 Roberte‚
935 1835 1033 1873 meis
1064 1833 1186 1872 veluti
1218 1833 1459 1872 auditoribus
1492 1832 1540 1871 de
1569 1833 1722 1883 pulpito
1753 1844 1838 1871 sum
1867 1831 1931 1870 lo-

140 1899 252 1932 cutus
283 1892 331 1932 de
350 1892 579 1932 Ptolemaeo
611 1904 734 1942 aeque
766 1898 883 1942 atque
915 1892 963 1931 de
990 1891 1175 1940 Roberto,
1209 1898 1395 1941 quantum
1427 1891 1476 1930 ad
1508 1890 1738 1930 erudiendos
1766 1890 1931 1929 lectores

142 1951 357 1990 conducere
405 1950 491 1989 suti]
534 1952 763 1998 arbitratus,
806 1951 1023 1988 subtilitate
1062 1962 1154 1988 usus
1192 1950 1281 1996 illa,
1329 1961 1429 2000 quae
1469 1948 1802 1988 ad'dividendum
1833 1949 1931 1986 inter

141 2011 369 2060 scriptiones
409 2010 544 2048 affines
582 2010 871 2059 requirebatur,
911 2009 1091 2058 ignarus,
1133 2010 1317 2046 interesse
1348 2007 1559 2046 Robertum
1597 2008 1738 2057 ipsum.
1801 2005 1929 2055 Quare

140 2068 236 2106 nihil
269 2074 418 2115 eorum,
463 2079 563 2117 quae
594 2067 642 2106 de
673 2067 756 2116 ejus
789 2077 904 2116 opere
934 2067 1087 2115 scripsi,
1130 2071 1315 2115 tanquam
1356 2067 1514 2104 auctori
1543 2065 1738 2111 objectum
1779 2066 1928 2114 scripsi.

142 2127 220 2166 Sed
250 2128 343 2177 quia
372 2127 541 2164 cooritur
568 2137 590 2164 e
620 2125 734 2163 turba
763 2124 958 2163 Robertus
988 2124 1071 2175 ipse
1102 2125 1346 2173 improvisus,
1379 2135 1548 2173 aequum
1574 2122 1754 2173 equidem
1775 2133 1928 2170 cense0,

143 2190 186 2224 ut
217 2187 369 2235 etipse
411 2183 459 2223 dc
489 2196 531 2223 se
562 2184 745 2233 loquatur
775 2182 899 2232 deque
939 2181 1038 2220 libro
1070 2193 1164 2230 suo3
1206 2182 1239 2220 si
1277 2181 1371 2231 quid
1402 2193 1476 2231 ego
1514 2182 1614 2220 libro
1656 2181 1740 2230 ejus
1778 2185 1930 2231 praeter

140 2248 308 2282 mentem
349 2243 544 2293 scriptoris
586 2241 795 2291 adscripsi,
841 2239 982 2287 diluat,
1029 2241 1263 2278 contrarium
1298 2245 1507 2287 monstret,
1556 2239 1738 2278 audiatur
1775 2240 1815 2276 in
1855 2238 1930 2277 hoc

143 2301 275 2340 mundi
306 2301 476 2339 theatro:
515 2301 660 2368 primus
691 2310 764 2349 ego
794 2300 870 2337 mei
895 2297 1034 2348 judicii
1075 2309 1190 2347 super
1220 2297 1305 2348 ejus
1335 2297 1433 2339 libro
1465 2309 1612 2337 errores
1654 2308 1862 2347 agnoscam
1892 2301 1930 2335 et

142 2360 315 2408 fatebor,
356 2360 389 2397 si
421 2370 488 2398 cos
525 2360 609 2409 ipse
638 2358 731 2396 mihi
764 2356 964 2396 detexerit.
1023 2355 1241 2405 Torquere,
1282 2354 1468 2403 Roberte‚
1516 2361 1644 2395 tecum
1672 2357 1718 2394 in
1746 2366 1927 2393 serenam

142 2418 318 2469 frontem
348 2421 479 2468 potes,
508 2422 737 2466 retorquere
766 2426 844 2454 non
873 2419 1006 2466 potes,
1037 2415 1112 2451 nisi
1141 2415 1181 2452 in
1212 2407 1422 2452 ferientem.

261 2475 331 2514 Ad
363 2475 610 2526 Analysin
641 2475 673 2515 Ι
732 2473 879 2512 Videor
908 2477 947 2511 te
984 2483 1166 2512 accusare
1198 2472 1395 2519 inscitiae,
1442 2473 1600 2519 acriter,
1642 2470 1732 2510 licet
1764 2469 1927 2509 occulte.

141 2534 239 2573 Tam
268 2534 344 2572 hoc
374 2538 435 2572 est
464 2533 671 2580 occultum,
702 2532 886 2580 Roberte‚
914 2535 958 2568 ut
979 2536 1061 2569 toto
1093 2529 1201 2568 coelo
1234 2541 1347 2568 err.es
1410 2528 1512 2579 Quid
1534 2531 1685 2568 intersit
1714 2529 1812 2567 inter
1841 2533 1928 2566 tuas

139 2604 324 2642 measque
354 2591 595 2639 harmonias,
635 2590 805 2629 edissero
836 2588 1018 2634 fideliter,
1056 2587 1163 2625 nulla
1194 2588 1418 2626 circuitione
1449 2600 1555 2628 usus.
1615 2586 1720 2625 Nihil
1760 2587 1928 2630 teintcr

142 2657 180 2689 et
208 2650 475 2689 Ptolemaeum
505 2649 734 2687 discriminis
766 2651 845 2695 est,
884 2647 960 2684 nisi
991 2645 1096 2696 quod
1127 2651 1169 2683 tu
1200 2657 1377 2695 superes,
1420 2646 1486 2684 ille
1515 2657 1583 2684 nos
1615 2644 1834 2694 quindecim
1862 2655 1927 2682 se-

142 2708 238 2747 culis
276 2709 496 2747 antecessit.
568 2706 654 2756 Quo
697 2706 852 2744 nomine
891 2705 962 2743 tibi
1001 2703 1236 2754 pa1cendum
1267 2705 1521 2752 censuissem,
1566 2704 1664 2751 nisi,
1705 2703 1744 2740 in
1773 2697 1924 2752 pulpito

143 2769 392 2814 constitutus,
425 2766 610 2816 maj0rem
640 2764 834 2814 profectus
865 2761 1102 2809 auditorum,
1137 2773 1252 2811 quam
1283 2763 1339 2800 tui
1370 2763 1560 2800 rationem
1589 2761 1826 2800 habuissem.

257 2824 327 2863 Ad
358 2824 604 2875 Analysin
636 2823 689 2861 ΙΙ.
748 2820 844 2871 Jure
873 2825 941 2858 tuo
972 2820 1102 2867 uteris,
1134 2819 1239 2869 quod
1270 2831 1373 2872 vere,
1403 2819 1472 2858 sed
1503 2820 1656 2858 concise
1687 2830 1712 2856 a
1732 2829 1792 2856 me
1821 2815 1926 2856 dicta

142 2880 245 2934 (nam
276 2882 390 2933 plura
421 2882 467 2920 de
498 2882 575 2920 tuis
606 2879 842 2920 editionibus
862 2889 940 2916 non
960 2876 1161 2929 noveram)
1192 2883 1234 2916 tu
1260 2877 1431 2928 explicas
1451 2877 1580 2916 latius.
1640 2876 1774 2914 Patior
1792 2875 1922 2921 etiam,

143 2946 187 2976 ut
217 2939 378 2978 accedat
406 2940 456 2978 ad
488 2940 795 2989 comparationes
826 2947 933 2974 meas
963 2937 1053 2986 ista,
1085 2935 1187 2985 quod
1217 2937 1354 2984 plures
1382 2947 1451 2985 eqo
1481 2937 1526 2973 in
1555 2946 1642 2973 meo
1662 2944 1777 2982 opere
1795 2938 1925 2970 armos

147 2998 407 3045 insumserim,
453 3009 570 3047 quam
608 3002 650 3035 tu
687 2998 725 3033 in
757 3001 824 3034 tuo
862 2992 1138 3032 hebdomadas.
1198 2994 1303 3031 Nihil
1342 2998 1471 3031 tamen
1510 2991 1709 3040 adrogabo
1741 2991 1924 3039 temporis

144 3053 194 3094 ad
234 3055 451 3105 augendam
486 3054 668 3104 gloriam,
720 3065 791 3093 nec
826 3056 973 3092 textum
1014 3051 1097 3101 ipse
1136 3063 1264 3090 meum
1309 3051 1539 3090 immeritum
1580 3049 1660 3103 (fol.
1702 3045 1799 3101 268)
1840 3047 1928 3086 falsi
