1994 3276
723 120 917 160 metm
942 118 1143 169 cmm
1423 80 1429 86 ’
1672 112 1675 115 ’
1742 122 1827 177 ιιι

36 239 96 277 διο
118 243 247 277 auctor
268 240 355 286 agit,
378 249 568 277 commune
592 237 776 289 qnmpiam
798 241 856 274 est
880 241 955 273 tam
978 216 1203 278 naturalibus
1226 234 1491 284 accidentarie,
1509 240 1585 275 tam
1607 246 1675 288 pro
1698 238 1829 274 namra

37 290 247 333 ιιόδὶιῆιιίι
261 301 361 334 suae,
381 303 491 339 quam
514 290 644 328 divinis
665 293 844 336 perpetuo
868 293 905 324 et
929 286 1180 333 essentialiter,
1206 286 1341 334 quippe
1363 297 1458 333 quae
1479 292 1567 328 sunt
1588 286 1796 334 immobilia.

150 341 250 387 aot·
270 341 370 381 xm.
416 343 524 389 Quod
557 346 678 379 autem
716 341 846 377 stamit
877 340 915 376 in
951 339 1083 376 divinis
1106 339 1265 385 aliquam
1288 349 1435 376 causam
1457 339 1622 386 ipsorum
1642 339 1828 387 perpetui-

36 394 123 432 tatis
139 393 251 456 quan
267 400 346 442 per*
359 401 498 439 motmn
530 397 627 440 (nam
659 393 768 431 etiam
792 393 839 428 ad
862 388 984 428 divina
1018 391 1176 437 pertinet
1200 393 1235 427 vi
1258 391 1525 429 consecutionis
1547 391 1646 440 quod
1668 391 1830 430 habeant

259 475 270 494 ,
292 447 393 495 quod
414 447 463 483 sit
485 450 623 491 motus,
660 445 726 482 se'u
749 455 772 481 a
795 445 902 490 quo),
935 443 974 480 id
995 443 1184 480 Aristoteli
1207 443 1350 481 videtur
1372 442 1489 485 οωιας
1513 444 1694 495 beorna:
1715 447 1759 481 ιιι
1779 441 1830 496 ιιι
1852 474 1857 479 ,

34 498 106 535 boe
126 504 234 545 pacto
257 497 471 536 vocabulum
493 504 613 536 motus
636 497 742 535 valde
764 496 1011 544 aequivocum.

148 547 270 589 Porro
305 548 505 588 rationalis
546 547 755 588 causalitas
794 546 874 586 alia
915 550 975 585 est
1013 549 1057 584 ut
1098 556 1208 584 mens
1247 550 1287 586 et
1336 546 1462 603 vergit
1509 544 1560 584 ad
1591 512 1824 585 diviniorem

35 607 225 658 specium
265 605 347 647 alia
375 613 419 646 ut
446 619 510 647 ars
541 613 581 646 et
608 610 760 656 spectat
787 605 912 655 ipsam
942 591 1049 643 recta
1077 604 1291 650 rationem,
1328 596 1408 643 alia
1437 609 1482 643 ιιι
1510 615 1595 643 mos
1627 608 1667 643 et
1697 602 1827 663 vergit

35 663 89 705 ad
115 670 292 716 naturam
323 662 432 719 ΧΠ).
468 664 580 704 Per
594 675 728 703 omnes
771 670 848 703 tres
875 663 1028 714 species
1066 661 1160 701 licet
1189 662 1365 702 invenire
1407 660 1676 709 harmonicen,
1713 673 1829 702 asse-
1855 701 1857 703 .

32 728 220 773 quatem
255 724 453 774 proprium
489 735 603 762 suum
639 722 754 761 finem
789 718 871 773 ΧΨ).
929 719 1031 759 Nam
1061 711 1228 770 primum
1257 721 1344 771 ipsa
1372 721 1491 769 ratio,
1534 718 1761 781 simpliciter
1787 725 1829 764 et

33 781 246 820 universim
274 787 424 829 ιιιιιιιι,
467 780 567 820 solet
597 780 743 819 ordinis
782 786 821 818 et
858 789 1103 817 commensus
1139 790 1226 817 esse
1267 789 1389 817 causa
1430 779 1470 816 in
1507 778 1649 826 rebus3
1687 777 1828 817 deinde

35 838 261 879 διιιιοιιία
287 841 327 878 in
363 840 493 890 specie
520 840 620 877 ratio
650 848 893 877 commensus
933 841 993 875 est
1021 837 1060 874 in
1091 835 1323 876 audibilium
1353 848 1496 886 genere
1525 843 1684 884 auctor,
1726 837 1828 874 sicut

34 898 135 936 ratio
163 898 421 948 imaginativa
449 899 488 935 in
514 896 747 943 visibilium,
774 895 1010 945 judicatoria
1040 896 1079 932 in
1109 893 1435 934 intellectibilium
1463 906 1625 946 genere,
1657 893 1830 944 disponit

33 960 167 995 aetem
196 955 369 995 ordinem
396 955 519 1003 illum,
550 956 616 1005 qui
648 961 707 993 est
735 955 776 992 in
806 951 1060 1001 audibilibus,
1092 964 1210 1003 quam
1238 953 1394 1004 proprie
1424 953 1724 992 concinnitatem
1754 963 1828 1003 ap-

34 1012 224 1063 pellamus
247 1011 344 1066 ιἮ).
402 1013 528 1064 Igitur
564 1014 614 1052 ob
653 1011 936 1062 speculativam
968 1011 1233 1063 inventionem
1263 1012 1683 1051 commensurationum
1712 1021 1832 1062 spec-

34 1075 140 1111 tatur
166 1083 193 1110 a
220 1072 395 1124 partibus
425 1072 577 1119 mentis,
608 1071 659 1110 ob
690 1071 930 1110 manuatim
960 1080 1054 1108 vero
1086 1081 1219 1108 earum
1249 1071 1651 1120 repraesentationem
1681 1080 1707 1108 a
1736 1080 1849 1124 par-t
1922 1108 1927 1112 ,

34 1129 140 1169 tibus
168 1134 229 1170 est
257 1131 371 1179 artis,
411 1130 575 1198 denique
614 1129 666 1168 ob
696 1129 1014 1168 exercitationem
1045 1128 1278 1166 imitativam
1307 1141 1333 1167 a
1354 1128 1538 1178 partibus
1567 1129 1685 1167 moris
1715 1125 1830 1179 ΠΗ),

35 1192 76 1227 et
101 1186 179 1228 hoc
207 1187 308 1237 ideo,
338 1190 430 1239 quia
470 1189 510 1228 in
540 1189 766 1227 universum
806 1188 905 1225 ratio
945 1187 1095 1225 invenit
1132 1185 1289 1236 quidem
1331 1186 1477 1226 bonum
1516 1184 1831 1237 contemplando,

32 1250 300 1296 repraesentat
338 1258 433 1286 vero
465 1229 787 1296 comprehensum
816 1243 1034 1296 operando,
1072 1244 1267 1284 assimilat
1309 1243 1476 1295 deui'que
1492 1245 1584 1284 sibi
1610 1244 1833 1310 subJ'ectum

14 1304 324 1354 'consuesce-do
353 1302 483 1356 nm).
543 1333 547 1336 -

58 1372 85 1389 ··
149 1358 247 1395 Hot-
266 1359 362 1395 XIV
410 1360 505 1396 Cave
528 1357 799 1403 ambiguitatem
821 1368 868 1394 ex
890 1355 1176 1402 reduplicatione
1200 1356 1272 1392 ista
1293 1361 1549 1402 emergentem.
1595 1352 1715 1393 Erant
1738 1356 1833 1393 enim

14 1410 169 1453 'eadm
176 1406 258 1457 tria,
281 1421 376 1456 qaae
391 1411 452 1448 bic
468 1415 735 1456 commemorat,
755 1410 863 1446 etiam
880 1410 916 1446 in
940 1409 1132 1454 prioribus,
1155 1414 1231 1445 tres
1245 1409 1371 1446 itidem
1387 1409 1584 1446 secundnm
1601 1409 1667 1447 ins
1683 1417 1832 1447 ausu:

34 1463 147 1507 neu,
169 1464 275 1507 ratio,
297 1470 439 1501 namra.
462 1464 510 1500 At
532 1473 629 1499 nnnc
652 1462 807 1499 mediam
830 1473 965 1507 earum,
990 1462 1170 1498 rationem
1193 1467 1296 1507 puta,
1321 1461 1534 1507 subdividit,
1560 1461 1768 1499 constitutis
1790 1471 1835 1498 ac

15 1516 201 1561 -rcpetitis
222 1517 351 1554 iisdem
373 1515 589 1554 diffemntiis
612 1515 740 1558 uibus,
764 1514 942 1550 rationem
966 1514 1082 1559 ipsam
1106 1518 1171 1549 aut
1193 1513 1351 1549 divinam
1374 1524 1459 1550 esse
1494 1513 1668 1551 scribens
1691 1518 1755 1556 ant
1776 1523 1834 1550 m-

35 1568 218 1622 tionalem,
241 1574 306 1606 aut
328 1568 541 1606 naturalem.
575 1567 730 1602 Scholae
752 1566 1026 1612 philosophicae
1051 1565 1162 1611 paulo
1185 1564 1292 1601 aliter
1316 1567 1525 1603 incedentes
1563 1558 1689 1605 eodem
1712 1572 1835 1605 umen

27 1617 195 1658 miant.
239 1621 333 1658 Nam
367 1621 550 1666 principes
572 1620 715 1655 animae
750 1618 943 1654 facultates
975 1618 1069 1654 duae
1101 1624 1206 1654 sunt:
1245 1619 1446 1656 theoretica
1480 1625 1517 1655 et
1549 1616 1717 1665 practica.
1766 1620 1835 1657 1112

28 1670 182 1718 §sophie
204 1687 288 1714 mc
321 1673 454 1709 dicitur
486 1683 553 1709 seu
589 1671 817 1714 intellectus,
853 1671 890 1706 in
926 1671 996 1706 hac
1030 1675 1201 1707 censetur
1237 1671 1415 1707 voluntas.
1464 1671 1537 1707 Sed
1571 1672 1617 1708 de
1649 1673 1836 1713 voluntate

17 1724 271 1762 ,vaiemaeus
301 1725 380 1770 jan
402 1736 476 1761 non
510 1724 704 1770 praecipue
740 1723 837 1768 agit,
874 1724 963 1768 quin
999 1723 1123 1767 potius
1147 1722 1194 1758 de
1217 1725 1325 1759 variis
1349 1723 1500 1758 rationis
1526 1720 1835 1771 dispositionibus,

31 1787 190 1821 quarum
214 1777 359 1822 alhuae
382 1779 419 1813 in
454 1777 597 1813 theoria
630 1782 875 1822 occupantur,
910 1776 1053 1821 aliquae
1077 1775 1124 1811 ad
1158 1776 1288 1835 praxin
1323 1786 1405 1811 sese
1441 1782 1624 1814 exserunt.
1658 1777 1731 1814 Ad
1751 1776 1837 1814 illas

0 1868 2 1872 ,
11 1828 195 1873 pertinet
217 1830 379 1874 scientia,
403 1829 450 1865 ad
474 1829 541 1865 has
565 1829 724 1865 actiones
749 1834 787 1864 et
809 1828 966 1864 habitus.
999 1829 1090 1864 Cum
1113 1828 1209 1865 enim
1231 1828 1392 1864 actiones
1417 1828 1567 1865 crebrae
1588 1833 1778 1867 mnae-nt
1797 1829 1838 1865 in

16 1879 203 1926 jabim,
227 1881 282 1918 sic
303 1886 345 1917 ut
368 1882 522 1928 denique
547 1892 619 1917 non
643 1881 850 1926 consilium,
885 1880 950 1917 sed
974 1882 1057 1925 ipsa
1079 1881 1326 1921 consuetudo,
1352 1879 1508 1916 subnixa
1528 1882 1719 1924 memoria,
1742 1891 1838 1927 qnae

38 1931 163 1968 infima
183 1934 325 1970 annuae
350 1934 504 1970 facultu
527 1939 605 1979 est,
643 1935 823 1970 sentiente
847 1939 1021 1979 excepta,
1053 1933 1248 1970 multarum
1280 1934 1462 1970 actionum
1487 1939 1599 1970 causa
1620 1932 1702 1969 fiat:
1734 1937 1838 1974 recte

29 1983 151 2028 igitur
183 1985 346 2030 practica
380 1987 490 2022 animi
524 1986 677 2022 facultas
713 1987 751 2022 in
786 1986 877 2022 duas
915 1985 1177 2028 subdividitur,
1213 1996 1321 2022 unam
1343 1996 1438 2030 quae
1463 1995 1509 2020 ex
1532 1985 1621 2022 artis
1645 1984 1838 2023 dictamine

0 2040 236 2085 (superum,
271 2038 423 2076 alteram
445 2049 539 2084 quae
562 2049 608 2075 ex
631 2048 731 2075 more
765 2049 830 2075 seu
853 2038 1122 2074 consuetudine
1172 2039 1251 2074 Hoc
1284 2039 1396 2084 igitur
1418 2043 1526 2083 pacto
1550 2042 1626 2073 tres
1648 2041 1838 2082 emergunt

0 2083 2 2095 '
10 2077 262 2149 ὲ,μ’,Ῑιιίιιοίιι-Ιειι
284 2091 453 2135 hamma
477 2092 660 2127 facultatis
684 2092 824 2127 animae
847 2091 1042 2136 principis:
1080 2091 1303 2135 intellectio,
1337 2089 1548 2126 exercitatio
1571 2090 1609 2125 in
1632 2088 1836 2133 intellectis,

10 2139 82 2187 ἦρι
100 2142 364 2178 exercitatione
385 2149 595 2188 comparata
617 2145 772 2181 facilitas
797 2145 1038 2190 operationis,
1061 2149 1137 2180 tres
1160 2146 1259 2181 modi
1282 2142 1456 2180 causandi
1479 2141 1628 2186 aliquid.
1667 2141 1719 2176 Et
1742 2145 1841 2184 nom,

10 2192 138 2237 itqnod
160 2193 389 2232 Ptolemaeus
411 2207 484 2231 non
509 2196 615 2239 dicit,
651 2198 744 2240 tria,
781 2208 874 2242 quae
897 2197 958 2234 hic
980 2202 1252 2239 commemorat,
1288 2205 1370 2231 esse
1400 2194 1483 2239 ista,
1507 2200 1677 2237 mentem,
1712 2197 1838 2244 artem,

6 2252 194 2295 ’,Ῥω-αι,
217 2246 282 2281 sed
306 2248 404 2291 dicit,
428 2259 510 2284 esse
533 2249 596 2284 illa
619 2256 660 2286 ut
683 2255 860 2294 mentem,
885 2256 927 2286 ut
950 2257 1087 2293 artem,
1119 2254 1161 2284 ut
1186 2258 1331 2284 morem.
1378 2248 1473 2283 Nam
1496 2256 1574 2282 mos
1598 2256 1664 2281 seu
1688 2253 1841 2280 consue·

15 2297 154 2358 §ndo
155 2298 409 2343 complectitur
431 2301 577 2337 habitus
613 2313 762 2346 omnes,
796 2308 834 2338 at
868 2302 976 2338 etiam
999 2312 1059 2337 ars
1094 2301 1188 2337 inter
1221 2301 1368 2335 habitus
1393 2304 1449 2333 est
1473 2298 1653 2342 etiamque
1678 2285 1837 2336 scientia,

15 2351 175 2409 μω
199 2352 348 2395 propria
369 2353 569 2398 dispositio.
615 2355 700 2390 Non
724 2360 979 2389 commemorat
1001 2354 1113 2397 igitur
1135 2352 1368 2388 Ptolemaeus
1391 2356 1466 2385 tres
1490 2348 1648 2394 habitus,
1673 2346 1739 2382 sed
1762 2351 1838 2385 tres

183 2402 291 2438 milui
303 2403 506 2443 facultates
522 2415 717 2451 earumque
733 2406 908 2450 energias,
933 2415 1084 2449 quarum
1102 2404 1285 2448 quaelibet
1308 2403 1372 2439 uni
1396 2403 1572 2438 dictarum
1588 2401 1697 2436 trium
1717 2409 1838 2436 rerum

107 2454 117 2462 ‘
135 2492 137 2494 ,
154 2455 264 2497 ibitur
288 2454 344 2490 vel
367 2462 523 2502 cognata
546 2463 612 2493 est.
659 2458 862 2494 Intellectio
887 2457 983 2493 enim
1007 2467 1071 2492 seu
1095 2456 1208 2501 magis
1233 2455 1392 2490 inventio
1416 2455 1454 2490 in
1477 2451 1663 2499 praesenti
1685 2450 1836 2487 materia

158 2507 290 2545 ruentis
324 2510 524 2553 penetralia
545 2511 717 2554 vertitur,
751 2510 960 2546 exercitatio
999 2519 1079 2544 sese
1104 2509 1202 2543 foras
1228 2508 1274 2543 ad
1300 2507 1446 2542 sensilia
1470 2505 1626 2551 profert,
1662 2513 1684 2539 a
1706 2503 1837 2551 quibus

173 2564 257 2594 enta
280 2561 441 2605 capimus
477 2563 583 2599 artis.
616 2573 689 2607 qua
722 2561 857 2607 polleat
888 2572 1044 2606 operans
1057 2589 1067 2605 ,
1103 2560 1267 2605 operatio
1303 2569 1349 2594 ex
1386 2558 1513 2594 habitu
1538 2566 1577 2592 se
1601 2556 1681 2601 ipsa
1704 2554 1835 2590 intelli-

151 2637 161 2655 ,
197 2611 315 2655 qualis
339 2613 394 2647 sit.
443 2613 575 2649 Differt
595 2615 689 2650 enim
713 2614 782 2650 hoc
805 2613 886 2649 loco
910 2614 948 2648 in
970 2613 1179 2648 Ptolemaeo
1205 2612 1415 2647 exercitatio
1440 2609 1638 2646 secundnm
1660 2613 1776 2643 artem
1799 2613 1837 2644 et

154 2662 204 2698 tio
229 2674 274 2698 ex
298 2664 441 2707 habitu3
477 2676 550 2708 quo
573 2665 660 2701 artis
684 2666 858 2701 vocabulo
888 2665 964 2710 jam
989 2665 1149 2700 nondum
1184 2664 1490 2709 praesupponitur
1522 2661 1668 2698 habitus
1691 2660 1730 2695 in
1751 2659 1835 2705 ipso

35 2752 39 2753 ,
91 2719 251 2758 emente,
286 2716 324 2751 in
347 2722 519 2762 quantum
541 2728 583 2753 se
607 2723 751 2754 exercet
764 2745 774 2762 ‚
811 2717 875 2754 sed
906 2717 1156 2752 tantummodo
1193 2716 1373 2751 dictamen
1407 2716 1575 2756 rationis,
1609 2713 1709 2760 velut
1731 2718 1836 2749 exus

30 2766 40 2772 ”’
126 2766 191 2802 tis:
226 2772 264 2802 at
287 2769 396 2804 moris
420 2780 485 2805 seu
508 2769 654 2806 habitus
678 2765 852 2806 vocabulo
874 2770 1089 2814 intelligitur
1111 2769 1252 2805 affectio
1278 2768 1392 2813 ipsius
1416 2765 1619 2813 operantia,
1650 2768 1834 2810 ‘quatenns

214 2846 224 2853 .
272 2821 412 2855 Morem
447 2830 512 2855 seu
536 2822 833 2857 consuetudinem
868 2823 915 2858 ad
937 2828 1091 2857 naturae
1115 2826 1238 2866 partes
1262 2819 1434 2855 inclinare
1460 2819 1565 2862 dicit,
1602 2816 1764 2862 quamvis
1785 2817 1835 2855 sit

164 2872 173 2879 '
217 2873 373 2916 species:
406 2873 492 2918 quia
516 2873 610 2909 sicut
633 2883 763 2908 causae
785 2873 967 2909 naturales
1002 2879 1114 2918 agunt
1136 2873 1215 2908 sine
1240 2871 1417 2916 discursu,
1443 2870 1577 2915 quippe
1602 2880 1674 2914 quo
1698 2873 1832 2915 carent,

90 2928 219 2967 ,nunt
242 2934 383 2968 semper
406 2925 532 2960 eodem
556 2924 675 2969 mode,
699 2935 772 2960 non
795 2925 999 2969 impeditae,
1023 2926 1076 2961 sic
1100 2926 1219 2967 etiam,
1247 2922 1344 2969 quod
1367 2933 1415 2958 ex
1437 2931 1537 2957 more
1559 2920 1613 2966 fit,
1634 2919 1673 2956 id
1695 2921 1832 2973 simpli·

30 2991 32 2993 >
103 3011 106 3013 Α
159 2981 196 3010 et
217 2975 428 3021 plerumque
451 2988 524 3012 non
548 2987 595 3012 ex
618 2975 815 3011 deliberato
839 2976 892 3011 fit.

75 3046 85 3063 i
158 3025 258 3063 Nota
278 3027 354 3062 XV.
401 3028 483 3063 Jam
518 3027 763 3064 accommodat
796 3027 984 3073 triplicem·
1009 3027 1102 3062 hanc
1138 3026 1319 3071 energiam
1342 3025 1491 3060 rationis
1527 3024 1575 3060 ad
1605 3025 1830 3071 propositum

0 3079 18 3154 ἑ,
56 3122 57 3127 ¹
98 3076 108 3084 '
233 3106 243 3125 ,
269 3079 406 3118 scilicet
427 3080 474 3116 ad
495 3079 713 3116 harmonias.
760 3079 936 3124 Primum,
961 3091 1052 3125 quas
1076 3091 1142 3125 ego
1162 3078 1240 3123 jam
1263 3077 1425 3123 energias
1449 3076 1543 3121 dixi,
1567 3075 1730 3122 appellat
1749 3077 1829 3125 ipse

0 3143 19 3182 ·¹
1529 3140 1582 3177 22
1596 3137 1622 3161 ⁵
1657 3139 1660 3141 ·

0 3178 19 3228 1!
1487 3205 1500 3216 ,

0 3237 3 3276 Ι
