<?xml version="1.0" encoding="UTF-8"?>
<!DOCTYPE html PUBLIC "-//W3C//DTD XHTML 1.0 Transitional//EN"
    "http://www.w3.org/TR/xhtml1/DTD/xhtml1-transitional.dtd">
<html xmlns="http://www.w3.org/1999/xhtml" xml:lang="en" lang="en">
 <head>
  <title>
</title>
<meta http-equiv="Content-Type" content="text/html;charset=utf-8" />
  <meta name='ocr-system' content='tesseract 3.04.00' />
  <meta name='ocr-capabilities' content='ocr_page ocr_carea ocr_par ocr_line ocrx_word'/>
</head>
<body>
  <div class='ocr_page' id='page_1' title='image "./operaomniaedidit05kepluoft_0038.png"; bbox 0 0 1988 3276; ppageno 0'>
   <div class='ocr_carea' id='block_1_1' title="bbox 162 136 1440 186">
    <p class='ocr_par' dir='ltr' id='par_1_1' title="bbox 162 136 1440 186">
     <span class='ocr_line' id='line_1_1' title="bbox 162 136 1440 186; baseline 0 -12"><span class='ocrx_word' id='word_1_1' title='bbox 162 144 216 186; x_wconf 72' lang='lat'><strong>26</strong></span> <span class='ocrx_word' id='word_1_2' title='bbox 663 136 853 184; x_wconf 78' lang='lat' dir='ltr'><strong>Epistolae</strong></span> <span class='ocrx_word' id='word_1_3' title='bbox 878 136 1026 184; x_wconf 84' lang='lat' dir='ltr'><strong>Kepleri</strong></span> <span class='ocrx_word' id='word_1_4' title='bbox 1049 137 1272 184; x_wconf 78' lang='lat' dir='ltr'><strong>aliorumque</strong></span> <span class='ocrx_word' id='word_1_5' title='bbox 1293 139 1440 175; x_wconf 82' lang='lat' dir='ltr'><strong>mutuae</strong></span> 
     </span>
    </p>
   </div>
   <div class='ocr_carea' id='block_1_2' title="bbox 155 256 1983 1602">
    <p class='ocr_par' dir='ltr' id='par_1_2' title="bbox 159 256 1983 904">
     <span class='ocr_line' id='line_1_2' title="bbox 161 256 1950 311; baseline -0.003 -8"><span class='ocrx_word' id='word_1_6' title='bbox 161 265 273 303; x_wconf 86' lang='lat' dir='ltr'><strong>sexta</strong></span> <span class='ocrx_word' id='word_1_7' title='bbox 302 259 398 300; x_wconf 89' lang='lat' dir='ltr'><strong>dura</strong></span> <span class='ocrx_word' id='word_1_8' title='bbox 428 258 524 300; x_wconf 90' lang='lat' dir='ltr'><strong>duos</strong></span> <span class='ocrx_word' id='word_1_9' title='bbox 553 259 732 311; x_wconf 64' lang='lat' dir='ltr'><strong>maiores,</strong></span> <span class='ocrx_word' id='word_1_10' title='bbox 763 258 925 300; x_wconf 88' lang='lat' dir='ltr'><strong>totidem</strong></span> <span class='ocrx_word' id='word_1_11' title='bbox 955 262 1120 299; x_wconf 86' lang='lat' dir='ltr'><strong>minores</strong></span> <span class='ocrx_word' id='word_1_12' title='bbox 1150 262 1189 299; x_wconf 89' lang='lat' dir='ltr'><strong>et</strong></span> <span class='ocrx_word' id='word_1_13' title='bbox 1217 258 1484 309; x_wconf 83' lang='lat' dir='ltr'><strong>semitonium3</strong></span> <span class='ocrx_word' id='word_1_14' title='bbox 1515 256 1655 299; x_wconf 83' lang='lat' dir='ltr'><strong>octava</strong></span> <span class='ocrx_word' id='word_1_15' title='bbox 1673 262 1751 300; x_wconf 90' lang='lat' dir='ltr'><strong>tres</strong></span> <span class='ocrx_word' id='word_1_16' title='bbox 1770 258 1950 309; x_wconf 72' lang='lat' dir='ltr'><strong>maiores,</strong></span> 
     </span>
     <span class='ocr_line' id='line_1_3' title="bbox 164 316 1955 371; baseline -0.003 -10"><span class='ocrx_word' id='word_1_17' title='bbox 164 321 261 362; x_wconf 89' lang='lat' dir='ltr'><strong>duos</strong></span> <span class='ocrx_word' id='word_1_18' title='bbox 290 321 458 360; x_wconf 86' lang='lat' dir='ltr'><strong>minores</strong></span> <span class='ocrx_word' id='word_1_19' title='bbox 489 323 527 359; x_wconf 90' lang='lat' dir='ltr'><strong>et</strong></span> <span class='ocrx_word' id='word_1_20' title='bbox 557 317 634 358; x_wconf 93' lang='lat' dir='ltr'><strong>duo</strong></span> <span class='ocrx_word' id='word_1_21' title='bbox 665 320 881 367; x_wconf 87' lang='lat' dir='ltr'><strong>semitonia,</strong></span> <span class='ocrx_word' id='word_1_22' title='bbox 914 330 1014 369; x_wconf 89' lang='lat' dir='ltr'><strong>quae</strong></span> <span class='ocrx_word' id='word_1_23' title='bbox 1043 320 1168 369; x_wconf 86' lang='lat' dir='ltr'><strong>magis</strong></span> <span class='ocrx_word' id='word_1_24' title='bbox 1198 318 1255 357; x_wconf 89' lang='lat' dir='ltr'><strong>ita</strong></span> <span class='ocrx_word' id='word_1_25' title='bbox 1284 316 1460 357; x_wconf 88' lang='lat' dir='ltr'><strong>dicuntur</strong></span> <span class='ocrx_word' id='word_1_26' title='bbox 1481 329 1595 368; x_wconf 86' lang='lat' dir='ltr'><strong>quam</strong></span> <span class='ocrx_word' id='word_1_27' title='bbox 1615 322 1714 368; x_wconf 89' lang='lat' dir='ltr'><strong>sunt,</strong></span> <span class='ocrx_word' id='word_1_28' title='bbox 1744 329 1821 358; x_wconf 89' lang='lat' dir='ltr'><strong>non</strong></span> <span class='ocrx_word' id='word_1_29' title='bbox 1843 316 1955 371; x_wconf 83' lang='lat' dir='ltr'><strong>datur</strong></span> 
     </span>
     <span class='ocr_line' id='line_1_4' title="bbox 163 373 1953 430; baseline -0.002 -12"><span class='ocrx_word' id='word_1_30' title='bbox 163 381 266 429; x_wconf 74' lang='lat' dir='ltr'><strong>enim</strong></span> <span class='ocrx_word' id='word_1_31' title='bbox 296 377 454 418; x_wconf 88' lang='lat' dir='ltr'><strong>dimidia</strong></span> <span class='ocrx_word' id='word_1_32' title='bbox 483 378 564 417; x_wconf 88' lang='lat' dir='ltr'><strong>toni</strong></span> <span class='ocrx_word' id='word_1_33' title='bbox 596 389 696 430; x_wconf 89' lang='lat' dir='ltr'><strong>pars.</strong></span> <span class='ocrx_word' id='word_1_34' title='bbox 756 377 854 417; x_wconf 85' lang='lat' dir='ltr'><strong>Sunt</strong></span> <span class='ocrx_word' id='word_1_35' title='bbox 883 382 1012 417; x_wconf 88' lang='lat' dir='ltr'><strong>autem</strong></span> <span class='ocrx_word' id='word_1_36' title='bbox 1043 376 1236 428; x_wconf 85' lang='lat' dir='ltr'><strong>quaedam</strong></span> <span class='ocrx_word' id='word_1_37' title='bbox 1264 375 1386 416; x_wconf 87' lang='lat' dir='ltr'><strong>falsae</strong></span> <span class='ocrx_word' id='word_1_38' title='bbox 1428 373 1742 427; x_wconf 77' lang='lat' dir='ltr'><strong>concordantiae,</strong></span> <span class='ocrx_word' id='word_1_39' title='bbox 1783 387 1884 426; x_wconf 86' lang='lat' dir='ltr'><strong>quae</strong></span> <span class='ocrx_word' id='word_1_40' title='bbox 1913 377 1953 415; x_wconf 92' lang='lat' dir='ltr'><strong>in</strong></span> 
     </span>
     <span class='ocr_line' id='line_1_5' title="bbox 162 433 1983 487; baseline -0.004 -8"><span class='ocrx_word' id='word_1_41' title='bbox 162 440 305 479; x_wconf 86' lang='lat' dir='ltr'><strong>formas</strong></span> <span class='ocrx_word' id='word_1_42' title='bbox 336 437 569 485; x_wconf 89' lang='lat' dir='ltr'><strong>cantionum,</strong></span> <span class='ocrx_word' id='word_1_43' title='bbox 601 448 699 487; x_wconf 91' lang='lat' dir='ltr'><strong>quas</strong></span> <span class='ocrx_word' id='word_1_44' title='bbox 728 436 844 476; x_wconf 90' lang='lat' dir='ltr'><strong>hodie</strong></span> <span class='ocrx_word' id='word_1_45' title='bbox 874 441 988 476; x_wconf 90' lang='lat' dir='ltr'><strong>tonos</strong></span> <span class='ocrx_word' id='word_1_46' title='bbox 1019 436 1237 487; x_wconf 86' lang='lat' dir='ltr'><strong>appellant,</strong></span> <span class='ocrx_word' id='word_1_47' title='bbox 1280 436 1506 475; x_wconf 87' lang='lat' dir='ltr'><strong>varietatem</strong></span> <span class='ocrx_word' id='word_1_48' title='bbox 1535 435 1712 475; x_wconf 82' lang='lat' dir='ltr'><strong>inferunt.</strong></span> <span class='ocrx_word' id='word_1_49' title='bbox 1771 433 1825 475; x_wconf 89' lang='lat' dir='ltr'><strong>Ut</strong></span> <span class='ocrx_word' id='word_1_50' title='bbox 1853 436 1954 474; x_wconf 89' lang='lat' dir='ltr'><strong>inter</strong></span> <span class='ocrx_word' id='word_1_51' title='bbox 1981 469 1983 471; x_wconf 83' lang='grc'>,</span> 
     </span>
     <span class='ocr_line' id='line_1_6' title="bbox 161 494 1952 548; baseline -0.003 -11"><span class='ocrx_word' id='word_1_52' title='bbox 161 498 199 547; x_wconf 84' lang='lat' dir='ltr'><strong>d,</strong></span> <span class='ocrx_word' id='word_1_53' title='bbox 219 498 246 548; x_wconf 78' lang='lat' dir='ltr'><strong><em>f</em></strong></span> <span class='ocrx_word' id='word_1_54' title='bbox 270 500 308 536; x_wconf 88' lang='lat' dir='ltr'><strong>et</strong></span> <span class='ocrx_word' id='word_1_55' title='bbox 338 509 376 545; x_wconf 87' lang='lat' dir='ltr'><strong>a,</strong></span> <span class='ocrx_word' id='word_1_56' title='bbox 397 508 418 535; x_wconf 88' lang='lat' dir='ltr'><strong>c</strong></span> <span class='ocrx_word' id='word_1_57' title='bbox 446 496 572 536; x_wconf 89' lang='lat' dir='ltr'><strong>minus</strong></span> <span class='ocrx_word' id='word_1_58' title='bbox 602 500 662 535; x_wconf 87' lang='lat' dir='ltr'><strong>est</strong></span> <span class='ocrx_word' id='word_1_59' title='bbox 691 507 808 546; x_wconf 87' lang='lat' dir='ltr'><strong>quam</strong></span> <span class='ocrx_word' id='word_1_60' title='bbox 848 497 962 535; x_wconf 88' lang='lat' dir='ltr'><strong>tertia</strong></span> <span class='ocrx_word' id='word_1_61' title='bbox 1001 494 1149 548; x_wconf 79' lang='lat' dir='ltr'><strong>mollis,</strong></span> <span class='ocrx_word' id='word_1_62' title='bbox 1192 498 1281 534; x_wconf 88' lang='lat' dir='ltr'><strong>sunt</strong></span> <span class='ocrx_word' id='word_1_63' title='bbox 1318 494 1419 533; x_wconf 89' lang='lat' dir='ltr'><strong>enim</strong></span> <span class='ocrx_word' id='word_1_64' title='bbox 1459 497 1574 533; x_wconf 91' lang='lat' dir='ltr'><strong>tonus</strong></span> <span class='ocrx_word' id='word_1_65' title='bbox 1595 496 1736 533; x_wconf 79' lang='lat' dir='ltr'><strong>&#39;minor</strong></span> <span class='ocrx_word' id='word_1_66' title='bbox 1764 498 1803 534; x_wconf 90' lang='lat' dir='ltr'><strong>et</strong></span> <span class='ocrx_word' id='word_1_67' title='bbox 1832 494 1952 532; x_wconf 91' lang='lat' dir='ltr'><strong>semi-</strong></span> 
     </span>
     <span class='ocr_line' id='line_1_7' title="bbox 161 551 1950 606; baseline -0.002 -12"><span class='ocrx_word' id='word_1_68' title='bbox 161 556 321 594; x_wconf 88' lang='lat' dir='ltr'><strong>tonium.</strong></span> <span class='ocrx_word' id='word_1_69' title='bbox 363 554 469 594; x_wconf 86' lang='lat' dir='ltr'>Inter</span> <span class='ocrx_word' id='word_1_70' title='bbox 496 556 528 606; x_wconf 67' lang='lat' dir='ltr'><strong>t}</strong></span> <span class='ocrx_word' id='word_1_71' title='bbox 549 567 576 593; x_wconf 88' lang='lat' dir='ltr'><strong>a</strong></span> <span class='ocrx_word' id='word_1_72' title='bbox 607 554 695 605; x_wconf 87' lang='lat' dir='ltr'><strong>plus</strong></span> <span class='ocrx_word' id='word_1_73' title='bbox 726 558 785 593; x_wconf 90' lang='lat' dir='ltr'><strong>est</strong></span> <span class='ocrx_word' id='word_1_74' title='bbox 816 566 931 603; x_wconf 88' lang='lat' dir='ltr'><strong>quam</strong></span> <span class='ocrx_word' id='word_1_75' title='bbox 962 555 1075 593; x_wconf 84' lang='lat' dir='ltr'><strong>tertia</strong></span> <span class='ocrx_word' id='word_1_76' title='bbox 1106 552 1212 600; x_wconf 86' lang='lat' dir='ltr'><strong>dura,</strong></span> <span class='ocrx_word' id='word_1_77' title='bbox 1244 554 1432 593; x_wconf 82' lang='lat' dir='ltr'><strong>intersunt</strong></span> <span class='ocrx_word' id='word_1_78' title='bbox 1452 554 1554 592; x_wconf 90' lang='lat' dir='ltr'><strong>enim</strong></span> <span class='ocrx_word' id='word_1_79' title='bbox 1574 551 1649 592; x_wconf 90' lang='lat' dir='ltr'><strong>duo</strong></span> <span class='ocrx_word' id='word_1_80' title='bbox 1669 554 1752 592; x_wconf 87' lang='lat' dir='ltr'><strong>toni</strong></span> <span class='ocrx_word' id='word_1_81' title='bbox 1770 552 1950 603; x_wconf 86' lang='lat' dir='ltr'><strong>maj0res.</strong></span> 
     </span>
     <span class='ocr_line' id='line_1_8' title="bbox 161 611 1955 663; baseline -0.003 -9"><span class='ocrx_word' id='word_1_82' title='bbox 161 614 226 654; x_wconf 89' lang='lat' dir='ltr'><strong>Sic</strong></span> <span class='ocrx_word' id='word_1_83' title='bbox 256 614 308 653; x_wconf 90' lang='lat' dir='ltr'><strong>ab</strong></span> <span class='ocrx_word' id='word_1_84' title='bbox 339 613 375 652; x_wconf 81' lang='lat' dir='ltr'><strong><em>A</em></strong></span> <span class='ocrx_word' id='word_1_85' title='bbox 395 614 436 651; x_wconf 88' lang='lat' dir='ltr'><strong>in</strong></span> <span class='ocrx_word' id='word_1_86' title='bbox 455 625 486 659; x_wconf 78' lang='lat' dir='ltr'><strong>e,</strong></span> <span class='ocrx_word' id='word_1_87' title='bbox 517 625 542 652; x_wconf 91' lang='lat' dir='ltr'><strong>a</strong></span> <span class='ocrx_word' id='word_1_88' title='bbox 572 613 653 652; x_wconf 89' lang='lat' dir='ltr'><strong>bin</strong></span> <span class='ocrx_word' id='word_1_89' title='bbox 679 613 706 663; x_wconf 75' lang='lat' dir='ltr'><strong><em>f</em></strong></span> <span class='ocrx_word' id='word_1_90' title='bbox 730 617 789 652; x_wconf 89' lang='lat' dir='ltr'><strong>est</strong></span> <span class='ocrx_word' id='word_1_91' title='bbox 818 614 943 652; x_wconf 88' lang='lat' dir='ltr'><strong>minus</strong></span> <span class='ocrx_word' id='word_1_92' title='bbox 975 613 1121 662; x_wconf 87' lang='lat' dir='ltr'><strong>quinta,</strong></span> <span class='ocrx_word' id='word_1_93' title='bbox 1153 616 1241 651; x_wconf 90' lang='lat' dir='ltr'><strong>sunt</strong></span> <span class='ocrx_word' id='word_1_94' title='bbox 1272 613 1374 650; x_wconf 90' lang='lat' dir='ltr'><strong>enim</strong></span> <span class='ocrx_word' id='word_1_95' title='bbox 1402 613 1484 651; x_wconf 88' lang='lat' dir='ltr'><strong>toni</strong></span> <span class='ocrx_word' id='word_1_96' title='bbox 1513 612 1680 653; x_wconf 87' lang='lat' dir='ltr'><strong>minores</strong></span> <span class='ocrx_word' id='word_1_97' title='bbox 1709 611 1798 660; x_wconf 88' lang='lat' dir='ltr'><strong>duo,</strong></span> <span class='ocrx_word' id='word_1_98' title='bbox 1829 611 1955 660; x_wconf 85' lang='lat' dir='ltr'><strong>maj0r</strong></span> 
     </span>
     <span class='ocr_line' id='line_1_9' title="bbox 159 669 1953 722; baseline -0.002 -10"><span class='ocrx_word' id='word_1_99' title='bbox 159 683 259 712; x_wconf 88' lang='lat' dir='ltr'><strong>unus</strong></span> <span class='ocrx_word' id='word_1_100' title='bbox 299 675 340 712; x_wconf 86' lang='lat' dir='ltr'><strong>et</strong></span> <span class='ocrx_word' id='word_1_101' title='bbox 377 672 635 711; x_wconf 86' lang='lat' dir='ltr'><strong>semitonium.</strong></span> <span class='ocrx_word' id='word_1_102' title='bbox 698 671 747 710; x_wconf 90' lang='lat' dir='ltr'><strong>Et</strong></span> <span class='ocrx_word' id='word_1_103' title='bbox 780 672 950 711; x_wconf 86' lang='lat' dir='ltr'><strong>vicissim</strong></span> <span class='ocrx_word' id='word_1_104' title='bbox 980 672 1029 710; x_wconf 90' lang='lat' dir='ltr'><strong>ab</strong></span> <span class='ocrx_word' id='word_1_105' title='bbox 1061 684 1081 710; x_wconf 83' lang='lat' dir='ltr'><strong>e</strong></span> <span class='ocrx_word' id='word_1_106' title='bbox 1110 671 1150 708; x_wconf 92' lang='lat' dir='ltr'><strong>in</strong></span> <span class='ocrx_word' id='word_1_107' title='bbox 1181 683 1220 717; x_wconf 84' lang='lat' dir='ltr'><strong>a,</strong></span> <span class='ocrx_word' id='word_1_108' title='bbox 1251 670 1301 709; x_wconf 87' lang='lat' dir='ltr'><strong>ab</strong></span> <span class='ocrx_word' id='word_1_109' title='bbox 1328 671 1356 722; x_wconf 75' lang='lat' dir='ltr'><strong><em>f</em></strong></span> <span class='ocrx_word' id='word_1_110' title='bbox 1379 672 1416 708; x_wconf 91' lang='lat' dir='ltr'><strong>in</strong></span> <span class='ocrx_word' id='word_1_111' title='bbox 1447 671 1470 709; x_wconf 87' lang='lat' dir='ltr'><strong><em>b</em></strong></span> <span class='ocrx_word' id='word_1_112' title='bbox 1501 675 1560 710; x_wconf 89' lang='lat' dir='ltr'><strong>est</strong></span> <span class='ocrx_word' id='word_1_113' title='bbox 1587 669 1819 722; x_wconf 81' lang='lat' dir='ltr'><strong>plusquam</strong></span> <span class='ocrx_word' id='word_1_114' title='bbox 1844 670 1953 720; x_wconf 85' lang='lat' dir='ltr'><strong>justa</strong></span> 
     </span>
     <span class='ocr_line' id='line_1_10' title="bbox 161 729 1952 795; baseline -0.002 -24"><span class='ocrx_word' id='word_1_115' title='bbox 161 734 317 795; x_wconf 81' lang='lat' dir='ltr'><strong>quarta,</strong></span> <span class='ocrx_word' id='word_1_116' title='bbox 358 734 449 770; x_wconf 88' lang='lat' dir='ltr'><strong>sunt</strong></span> <span class='ocrx_word' id='word_1_117' title='bbox 479 731 580 769; x_wconf 91' lang='lat' dir='ltr'><strong>enim</strong></span> <span class='ocrx_word' id='word_1_118' title='bbox 613 732 636 768; x_wconf 85' lang='lat'>2</span> <span class='ocrx_word' id='word_1_119' title='bbox 668 731 751 769; x_wconf 90' lang='lat' dir='ltr'><strong>toni</strong></span> <span class='ocrx_word' id='word_1_120' title='bbox 781 730 947 779; x_wconf 86' lang='lat' dir='ltr'><strong>majores</strong></span> <span class='ocrx_word' id='word_1_121' title='bbox 978 737 1017 769; x_wconf 87' lang='lat' dir='ltr'><strong>et</strong></span> <span class='ocrx_word' id='word_1_122' title='bbox 1045 730 1302 769; x_wconf 88' lang='lat' dir='ltr'><strong>semitonium.</strong></span> <span class='ocrx_word' id='word_1_123' title='bbox 1369 729 1638 769; x_wconf 84' lang='lat' dir='ltr'><strong>Differentiam</strong></span> <span class='ocrx_word' id='word_1_124' title='bbox 1666 730 1826 779; x_wconf 88' lang='lat' dir='ltr'><strong>antiqua</strong></span> <span class='ocrx_word' id='word_1_125' title='bbox 1856 739 1952 768; x_wconf 87' lang='lat' dir='ltr'><strong>voce</strong></span> 
     </span>
     <span class='ocr_line' id='line_1_11' title="bbox 160 787 1953 840; baseline -0.003 -9"><span class='ocrx_word' id='word_1_126' title='bbox 160 791 286 839; x_wconf 81' lang='grc' dir='ltr'><em>κομμα</em></span> <span class='ocrx_word' id='word_1_127' title='bbox 314 787 443 828; x_wconf 84' lang='lat' dir='ltr'><strong>dicere</strong></span> <span class='ocrx_word' id='word_1_128' title='bbox 471 800 641 839; x_wconf 87' lang='lat' dir='ltr'><strong>possum,</strong></span> <span class='ocrx_word' id='word_1_129' title='bbox 674 793 809 839; x_wconf 87' lang='lat' dir='ltr'><strong>estque</strong></span> <span class='ocrx_word' id='word_1_130' title='bbox 839 788 891 839; x_wconf 92' lang='lat' dir='ltr'><strong>id,</strong></span> <span class='ocrx_word' id='word_1_131' title='bbox 924 800 1000 840; x_wconf 90' lang='lat' dir='ltr'><strong>quo</strong></span> <span class='ocrx_word' id='word_1_132' title='bbox 1030 793 1144 828; x_wconf 90' lang='lat' dir='ltr'><strong>tonus</strong></span> <span class='ocrx_word' id='word_1_133' title='bbox 1173 788 1298 838; x_wconf 86' lang='lat' dir='ltr'><strong>major</strong></span> <span class='ocrx_word' id='word_1_134' title='bbox 1325 792 1481 840; x_wconf 87' lang='lat' dir='ltr'><strong>superat</strong></span> <span class='ocrx_word' id='word_1_135' title='bbox 1500 789 1698 836; x_wconf 74' lang='lat' dir='ltr'><strong>minorem,</strong></span> <span class='ocrx_word' id='word_1_136' title='bbox 1729 792 1797 828; x_wconf 89' lang='lat' dir='ltr'><strong>aut</strong></span> <span class='ocrx_word' id='word_1_137' title='bbox 1818 789 1953 838; x_wconf 79' lang='grc' dir='ltr'><em>λειμμα</em></span> 
     </span>
     <span class='ocr_line' id='line_1_12' title="bbox 160 846 741 904; baseline -0.009 -15"><span class='ocrx_word' id='word_1_138' title='bbox 160 852 288 889; x_wconf 67' lang='lat' dir='ltr'><strong>caeam</strong></span> <span class='ocrx_word' id='word_1_139' title='bbox 350 846 557 897; x_wconf 79' lang='lat' dir='ltr'><strong>Quantitas</strong></span> <span class='ocrx_word' id='word_1_140' title='bbox 587 847 697 886; x_wconf 67' lang='lat' dir='ltr'><strong>illiss</strong></span> <span class='ocrx_word' id='word_1_141' title='bbox 672 875 741 904; x_wconf 65' lang='lat' dir='ltr'><strong>ET·</strong></span> 
     </span>
    </p>

    <p class='ocr_par' dir='ltr' id='par_1_3' title="bbox 155 904 1982 1486">
     <span class='ocr_line' id='line_1_13' title="bbox 296 904 1951 958; baseline 0.001 -15"><span class='ocrx_word' id='word_1_142' title='bbox 296 904 428 946; x_wconf 89' lang='lat' dir='ltr'><strong>Voces</strong></span> <span class='ocrx_word' id='word_1_143' title='bbox 469 907 649 956; x_wconf 88' lang='lat' dir='ltr'><strong>antiquas</strong></span> <span class='ocrx_word' id='word_1_144' title='bbox 691 905 852 946; x_wconf 85' lang='lat' dir='ltr'><strong>adhibui</strong></span> <span class='ocrx_word' id='word_1_145' title='bbox 892 907 1071 958; x_wconf 86' lang='lat' dir='ltr'><strong>negotio,</strong></span> <span class='ocrx_word' id='word_1_146' title='bbox 1113 909 1156 945; x_wconf 91' lang='lat' dir='ltr'><strong>ut</strong></span> <span class='ocrx_word' id='word_1_147' title='bbox 1195 909 1306 956; x_wconf 80' lang='lat' dir='ltr'><strong>puto,</strong></span> <span class='ocrx_word' id='word_1_148' title='bbox 1349 917 1465 945; x_wconf 89' lang='lat' dir='ltr'><strong>novo.</strong></span> <span class='ocrx_word' id='word_1_149' title='bbox 1524 905 1663 956; x_wconf 89' lang='lat' dir='ltr'><strong>Itaque</strong></span> <span class='ocrx_word' id='word_1_150' title='bbox 1703 917 1752 945; x_wconf 92' lang='lat' dir='ltr'><strong>ne</strong></span> <span class='ocrx_word' id='word_1_151' title='bbox 1792 904 1951 954; x_wconf 83' lang='lat' dir='ltr'><strong>fallaris,</strong></span> 
     </span>
     <span class='ocr_line' id='line_1_14' title="bbox 161 963 1951 1016; baseline -0.001 -11"><span class='ocrx_word' id='word_1_152' title='bbox 161 975 279 1015; x_wconf 79' lang='lat' dir='ltr'><strong>saepe</strong></span> <span class='ocrx_word' id='word_1_153' title='bbox 309 963 415 1003; x_wconf 85' lang='lat' dir='ltr'><strong>aliud</strong></span> <span class='ocrx_word' id='word_1_154' title='bbox 447 963 523 1004; x_wconf 85' lang='lat' dir='ltr'><strong>illis</strong></span> <span class='ocrx_word' id='word_1_155' title='bbox 554 969 612 1005; x_wconf 90' lang='lat' dir='ltr'><strong>est</strong></span> <span class='ocrx_word' id='word_1_156' title='bbox 643 968 775 1011; x_wconf 76' lang='grc' dir='ltr'><strong>διεσις,</strong></span> <span class='ocrx_word' id='word_1_157' title='bbox 819 981 954 1015; x_wconf 84' lang='grc' dir='ltr'><em>κομμα.</em></span> <span class='ocrx_word' id='word_1_158' title='bbox 1014 964 1099 1015; x_wconf 84' lang='lat' dir='ltr'><strong>Ego</strong></span> <span class='ocrx_word' id='word_1_159' title='bbox 1138 968 1323 1014; x_wconf 86' lang='lat' dir='ltr'><strong>quantum</strong></span> <span class='ocrx_word' id='word_1_160' title='bbox 1363 964 1489 1004; x_wconf 90' lang='lat' dir='ltr'><strong>adhuc</strong></span> <span class='ocrx_word' id='word_1_161' title='bbox 1527 977 1686 1016; x_wconf 87' lang='lat' dir='ltr'><strong>possum</strong></span> <span class='ocrx_word' id='word_1_162' title='bbox 1722 964 1951 1016; x_wconf 82' lang='lat' dir='ltr'><strong>prospicere,</strong></span> 
     </span>
     <span class='ocr_line' id='line_1_15' title="bbox 161 1022 1954 1074; baseline -0.002 -11"><span class='ocrx_word' id='word_1_163' title='bbox 161 1022 297 1063; x_wconf 88' lang='lat' dir='ltr'><strong>videor</strong></span> <span class='ocrx_word' id='word_1_164' title='bbox 327 1024 548 1063; x_wconf 87' lang='lat' dir='ltr'><strong>universam</strong></span> <span class='ocrx_word' id='word_1_165' title='bbox 578 1025 850 1074; x_wconf 82' lang='lat' dir='ltr'><strong>antiquitatem</strong></span> <span class='ocrx_word' id='word_1_166' title='bbox 883 1024 1019 1063; x_wconf 89' lang='lat' dir='ltr'><strong>erroris</strong></span> <span class='ocrx_word' id='word_1_167' title='bbox 1059 1035 1218 1073; x_wconf 80' lang='lat' dir='ltr'><strong>arguere</strong></span> <span class='ocrx_word' id='word_1_168' title='bbox 1257 1035 1371 1074; x_wconf 88' lang='lat' dir='ltr'><strong>posse</strong></span> <span class='ocrx_word' id='word_1_169' title='bbox 1402 1027 1441 1063; x_wconf 91' lang='lat' dir='ltr'><strong>et</strong></span> <span class='ocrx_word' id='word_1_170' title='bbox 1471 1035 1608 1064; x_wconf 82' lang='lat' dir='ltr'><strong>causas</strong></span> <span class='ocrx_word' id='word_1_171' title='bbox 1640 1025 1756 1064; x_wconf 89' lang='lat' dir='ltr'><strong>etiarn</strong></span> <span class='ocrx_word' id='word_1_172' title='bbox 1786 1034 1954 1062; x_wconf 89' lang='lat' dir='ltr'><strong>errorum</strong></span> 
     </span>
     <span class='ocr_line' id='line_1_16' title="bbox 160 1080 1952 1138; baseline -0.001 -16"><span class='ocrx_word' id='word_1_173' title='bbox 160 1081 210 1122; x_wconf 93' lang='lat' dir='ltr'><strong>ad</strong></span> <span class='ocrx_word' id='word_1_174' title='bbox 240 1081 394 1122; x_wconf 91' lang='lat' dir='ltr'><strong>oculum</strong></span> <span class='ocrx_word' id='word_1_175' title='bbox 424 1081 698 1122; x_wconf 85' lang='lat' dir='ltr'><strong>demonstrare.</strong></span> <span class='ocrx_word' id='word_1_176' title='bbox 758 1081 873 1122; x_wconf 85' lang='lat' dir='ltr'><strong>Solus</strong></span> <span class='ocrx_word' id='word_1_177' title='bbox 904 1081 1059 1132; x_wconf 86' lang='lat' dir='ltr'><strong>quidem</strong></span> <span class='ocrx_word' id='word_1_178' title='bbox 1089 1081 1289 1121; x_wconf 75' lang='lat' dir='ltr'><strong>Uardanus</strong></span> <span class='ocrx_word' id='word_1_179' title='bbox 1322 1081 1454 1121; x_wconf 89' lang='lat' dir='ltr'><strong>definit</strong></span> <span class='ocrx_word' id='word_1_180' title='bbox 1483 1083 1717 1133; x_wconf 81' lang='lat' dir='ltr'><strong>quantitates</strong></span> <span class='ocrx_word' id='word_1_181' title='bbox 1747 1081 1820 1138; x_wconf 55' lang='grc' dir='ltr'><strong>ἦ-ξ,</strong></span> <span class='ocrx_word' id='word_1_182' title='bbox 1854 1080 1952 1136; x_wconf 51' lang='grc' dir='ltr'><strong>ΕΓΒ-ξ,</strong></span> 
     </span>
     <span class='ocr_line' id='line_1_17' title="bbox 161 1140 1951 1197; baseline -0.001 -16"><span class='ocrx_word' id='word_1_183' title='bbox 161 1140 229 1181; x_wconf 84' lang='lat' dir='ltr'><strong>sed</strong></span> <span class='ocrx_word' id='word_1_184' title='bbox 261 1141 403 1180; x_wconf 88' lang='lat' dir='ltr'><strong>omittit</strong></span> <span class='ocrx_word' id='word_1_185' title='bbox 436 1140 506 1196; x_wconf 50' lang='grc' dir='ltr'><strong>ἐξ,</strong></span> <span class='ocrx_word' id='word_1_186' title='bbox 537 1140 614 1196; x_wconf 49' lang='grc' dir='ltr'><strong>ἦ,</strong></span> <span class='ocrx_word' id='word_1_187' title='bbox 645 1140 721 1197; x_wconf 48' lang='grc' dir='ltr'><strong>ξς,</strong></span> <span class='ocrx_word' id='word_1_188' title='bbox 753 1153 825 1180; x_wconf 91' lang='lat' dir='ltr'><strong>nec</strong></span> <span class='ocrx_word' id='word_1_189' title='bbox 856 1141 928 1180; x_wconf 88' lang='lat' dir='ltr'><strong>sibi</strong></span> <span class='ocrx_word' id='word_1_190' title='bbox 961 1144 1122 1180; x_wconf 88' lang='lat' dir='ltr'><strong>constat.</strong></span> <span class='ocrx_word' id='word_1_191' title='bbox 1161 1141 1299 1190; x_wconf 89' lang='lat' dir='ltr'><strong>Itaque</strong></span> <span class='ocrx_word' id='word_1_192' title='bbox 1330 1142 1459 1181; x_wconf 88' lang='lat' dir='ltr'><strong>nescio</strong></span> <span class='ocrx_word' id='word_1_193' title='bbox 1491 1153 1540 1181; x_wconf 86' lang='lat' dir='ltr'><strong>an</strong></span> <span class='ocrx_word' id='word_1_194' title='bbox 1571 1153 1663 1181; x_wconf 86' lang='lat' dir='ltr'><strong>vere</strong></span> <span class='ocrx_word' id='word_1_195' title='bbox 1692 1140 1951 1188; x_wconf 83' lang='lat' dir='ltr'><strong>Ptolemaeus,</strong></span> 
     </span>
     <span class='ocr_line' id='line_1_18' title="bbox 161 1198 1953 1251; baseline -0.001 -13"><span class='ocrx_word' id='word_1_196' title='bbox 161 1203 202 1238; x_wconf 89' lang='lat' dir='ltr'><strong>ut</strong></span> <span class='ocrx_word' id='word_1_197' title='bbox 230 1198 296 1239; x_wconf 92' lang='lat' dir='ltr'><strong>ille</strong></span> <span class='ocrx_word' id='word_1_198' title='bbox 327 1199 411 1245; x_wconf 85' lang='lat' dir='ltr'><strong>fert,</strong></span> <span class='ocrx_word' id='word_1_199' title='bbox 442 1203 577 1239; x_wconf 85' lang='lat' dir='ltr'><strong>auctor</strong></span> <span class='ocrx_word' id='word_1_200' title='bbox 606 1201 657 1238; x_wconf 87' lang='lat' dir='ltr'><strong>sit</strong></span> <span class='ocrx_word' id='word_1_201' title='bbox 685 1200 822 1239; x_wconf 86' lang='lat' dir='ltr'><strong>harum</strong></span> <span class='ocrx_word' id='word_1_202' title='bbox 852 1201 1147 1240; x_wconf 89' lang='lat' dir='ltr'><strong>certissimarum</strong></span> <span class='ocrx_word' id='word_1_203' title='bbox 1178 1199 1473 1240; x_wconf 85' lang='lat' dir='ltr'><strong>dimensionum.</strong></span> <span class='ocrx_word' id='word_1_204' title='bbox 1531 1199 1630 1239; x_wconf 84' lang='lat' dir='ltr'><strong>Mihi</strong></span> <span class='ocrx_word' id='word_1_205' title='bbox 1662 1201 1746 1251; x_wconf 89' lang='lat' dir='ltr'><strong>ejus</strong></span> <span class='ocrx_word' id='word_1_206' title='bbox 1774 1200 1953 1239; x_wconf 80' lang='lat' dir='ltr'><strong>Musicon</strong></span> 
     </span>
     <span class='ocr_line' id='line_1_19' title="bbox 159 1256 1952 1307; baseline -0.001 -10"><span class='ocrx_word' id='word_1_207' title='bbox 159 1256 292 1298; x_wconf 90' lang='lat' dir='ltr'><strong>videre</strong></span> <span class='ocrx_word' id='word_1_208' title='bbox 321 1256 492 1297; x_wconf 89' lang='lat' dir='ltr'><strong>nondum</strong></span> <span class='ocrx_word' id='word_1_209' title='bbox 524 1259 695 1307; x_wconf 74' lang='lat' dir='ltr'><strong>contigit.</strong></span> <span class='ocrx_word' id='word_1_210' title='bbox 738 1258 1001 1298; x_wconf 78' lang='lat' dir='ltr'><strong>certissimum</strong></span> <span class='ocrx_word' id='word_1_211' title='bbox 1032 1263 1101 1305; x_wconf 88' lang='lat' dir='ltr'><strong>est,</strong></span> <span class='ocrx_word' id='word_1_212' title='bbox 1134 1260 1366 1298; x_wconf 85' lang='lat' dir='ltr'><strong>suavitatem</strong></span> <span class='ocrx_word' id='word_1_213' title='bbox 1387 1259 1528 1299; x_wconf 88' lang='lat' dir='ltr'><strong>veteris</strong></span> <span class='ocrx_word' id='word_1_214' title='bbox 1546 1261 1716 1299; x_wconf 79' lang='lat' dir='ltr'><strong>musicae</strong></span> <span class='ocrx_word' id='word_1_215' title='bbox 1737 1271 1783 1298; x_wconf 89' lang='lat' dir='ltr'><strong>ex</strong></span> <span class='ocrx_word' id='word_1_216' title='bbox 1804 1259 1952 1300; x_wconf 88' lang='lat' dir='ltr'><strong>aurium</strong></span> 
     </span>
     <span class='ocr_line' id='line_1_20' title="bbox 155 1315 1951 1371; baseline 0.001 -17"><span class='ocrx_word' id='word_1_217' title='bbox 155 1315 304 1371; x_wconf 86' lang='lat' dir='ltr'><strong>judicio</strong></span> <span class='ocrx_word' id='word_1_218' title='bbox 335 1316 587 1366; x_wconf 79' lang='lat' dir='ltr'><strong>pependisse,</strong></span> <span class='ocrx_word' id='word_1_219' title='bbox 627 1329 718 1356; x_wconf 87' lang='lat' dir='ltr'><strong>nam</strong></span> <span class='ocrx_word' id='word_1_220' title='bbox 755 1321 928 1357; x_wconf 88' lang='lat' dir='ltr'><strong>veterum</strong></span> <span class='ocrx_word' id='word_1_221' title='bbox 969 1317 1253 1368; x_wconf 85' lang='lat' dir='ltr'><strong>speculationes</strong></span> <span class='ocrx_word' id='word_1_222' title='bbox 1289 1317 1413 1357; x_wconf 83' lang='lat' dir='ltr'><strong>falsae</strong></span> <span class='ocrx_word' id='word_1_223' title='bbox 1453 1322 1542 1357; x_wconf 90' lang='lat' dir='ltr'><strong>sunt</strong></span> <span class='ocrx_word' id='word_1_224' title='bbox 1582 1330 1629 1358; x_wconf 88' lang='lat' dir='ltr'><strong>ex</strong></span> <span class='ocrx_word' id='word_1_225' title='bbox 1658 1329 1801 1368; x_wconf 83' lang='lat' dir='ltr'><strong>magna</strong></span> <span class='ocrx_word' id='word_1_226' title='bbox 1830 1321 1951 1369; x_wconf 84' lang='lat' dir='ltr'><strong>parte,</strong></span> 
     </span>
     <span class='ocr_line' id='line_1_21' title="bbox 159 1373 1982 1417; baseline -0.001 -2"><span class='ocrx_word' id='word_1_227' title='bbox 159 1374 286 1415; x_wconf 87' lang='lat' dir='ltr'><strong>solum</strong></span> <span class='ocrx_word' id='word_1_228' title='bbox 324 1373 592 1416; x_wconf 87' lang='lat' dir='ltr'><strong>Ptolemaeum</strong></span> <span class='ocrx_word' id='word_1_229' title='bbox 631 1376 671 1414; x_wconf 91' lang='lat' dir='ltr'><strong>in</strong></span> <span class='ocrx_word' id='word_1_230' title='bbox 714 1375 831 1415; x_wconf 90' lang='lat' dir='ltr'><strong>dubio</strong></span> <span class='ocrx_word' id='word_1_231' title='bbox 867 1376 1008 1415; x_wconf 89' lang='lat' dir='ltr'><strong>habeo.</strong></span> <span class='ocrx_word' id='word_1_232' title='bbox 1076 1376 1134 1414; x_wconf 86' lang='lat' dir='ltr'><strong>Ex</strong></span> <span class='ocrx_word' id='word_1_233' title='bbox 1162 1375 1238 1414; x_wconf 87' lang='lat' dir='ltr'><strong>hac</strong></span> <span class='ocrx_word' id='word_1_234' title='bbox 1267 1388 1359 1416; x_wconf 88' lang='lat' dir='ltr'><strong>vero</strong></span> <span class='ocrx_word' id='word_1_235' title='bbox 1390 1389 1477 1417; x_wconf 89' lang='lat' dir='ltr'><strong>mea</strong></span> <span class='ocrx_word' id='word_1_236' title='bbox 1505 1378 1653 1417; x_wconf 85' lang='lat' dir='ltr'><strong>ratione</strong></span> <span class='ocrx_word' id='word_1_237' title='bbox 1683 1376 1790 1416; x_wconf 87' lang='lat' dir='ltr'><strong>tendi</strong></span> <span class='ocrx_word' id='word_1_238' title='bbox 1819 1386 1953 1416; x_wconf 89' lang='lat' dir='ltr'><strong>omnes</strong></span> <span class='ocrx_word' id='word_1_239' title='bbox 1977 1378 1982 1383; x_wconf 92' lang='lat'><em>&#39;</em></span> 
     </span>
     <span class='ocr_line' id='line_1_22' title="bbox 160 1433 1634 1486; baseline 0.001 -13"><span class='ocrx_word' id='word_1_240' title='bbox 160 1433 328 1473; x_wconf 87' lang='lat' dir='ltr'><strong>chordae</strong></span> <span class='ocrx_word' id='word_1_241' title='bbox 358 1439 520 1485; x_wconf 86' lang='lat' dir='ltr'><strong>possunt</strong></span> <span class='ocrx_word' id='word_1_242' title='bbox 551 1435 793 1474; x_wconf 87' lang='lat' dir='ltr'><strong>exactissime</strong></span> <span class='ocrx_word' id='word_1_243' title='bbox 824 1447 891 1486; x_wconf 87' lang='lat' dir='ltr'><strong>per</strong></span> <span class='ocrx_word' id='word_1_244' title='bbox 921 1433 1132 1483; x_wconf 72' lang='grc' dir='ltr'><em>ἐφαρμοσιν</em></span> <span class='ocrx_word' id='word_1_245' title='bbox 1161 1435 1309 1474; x_wconf 89' lang='lat' dir='ltr'><strong>aurium</strong></span> <span class='ocrx_word' id='word_1_246' title='bbox 1339 1435 1388 1474; x_wconf 89' lang='lat' dir='ltr'><strong>ad</strong></span> <span class='ocrx_word' id='word_1_247' title='bbox 1420 1437 1634 1476; x_wconf 87' lang='lat' dir='ltr'><strong>unisonum.</strong></span> 
     </span>
    </p>

    <p class='ocr_par' dir='ltr' id='par_1_4' title="bbox 161 1491 1950 1601">
     <span class='ocr_line' id='line_1_23' title="bbox 295 1491 1858 1546; baseline 0 -15"><span class='ocrx_word' id='word_1_248' title='bbox 295 1492 396 1532; x_wconf 90' lang='lat' dir='ltr'><strong>Nam</strong></span> <span class='ocrx_word' id='word_1_249' title='bbox 433 1496 599 1545; x_wconf 88' lang='lat' dir='ltr'><strong>spatium</strong></span> <span class='ocrx_word' id='word_1_250' title='bbox 637 1505 751 1544; x_wconf 90' lang='lat' dir='ltr'><strong>super</strong></span> <span class='ocrx_word' id='word_1_251' title='bbox 790 1505 866 1542; x_wconf 89' lang='lat' dir='ltr'><strong>quo</strong></span> <span class='ocrx_word' id='word_1_252' title='bbox 907 1492 1052 1532; x_wconf 90' lang='lat' dir='ltr'><strong>chorda</strong></span> <span class='ocrx_word' id='word_1_253' title='bbox 1081 1491 1286 1532; x_wconf 88' lang='lat' dir='ltr'><strong>directoria</strong></span> <span class='ocrx_word' id='word_1_254' title='bbox 1352 1509 1444 1545; x_wconf 68' lang='lat'>2150</span> <span class='ocrx_word' id='word_1_255' title='bbox 1469 1509 1502 1546; x_wconf 71' lang='lat' dir='ltr'><strong><em>G</em></strong></span> <span class='ocrx_word' id='word_1_256' title='bbox 1715 1507 1858 1543; x_wconf 63' lang='lat' dir='ltr'><strong>brevius</strong></span> 
     </span>
     <span class='ocr_line' id='line_1_24' title="bbox 161 1549 1950 1602; baseline 0.002 -11"><span class='ocrx_word' id='word_1_257' title='bbox 161 1549 341 1599; x_wconf 87' lang='lat' dir='ltr'><strong>tenditur,</strong></span> <span class='ocrx_word' id='word_1_258' title='bbox 384 1551 578 1592; x_wconf 85' lang='lat' dir='ltr'><strong>dividatur</strong></span> <span class='ocrx_word' id='word_1_259' title='bbox 618 1553 657 1590; x_wconf 87' lang='lat' dir='ltr'><strong>in</strong></span> <span class='ocrx_word' id='word_1_260' title='bbox 697 1553 821 1600; x_wconf 80' lang='lat'><strong>2160,</strong></span> <span class='ocrx_word' id='word_1_261' title='bbox 863 1551 1066 1601; x_wconf 84' lang='lat' dir='ltr'><strong>adscriptis</strong></span> <span class='ocrx_word' id='word_1_262' title='bbox 1105 1553 1286 1601; x_wconf 89' lang='lat' dir='ltr'><strong>numeris,</strong></span> <span class='ocrx_word' id='word_1_263' title='bbox 1351 1555 1444 1592; x_wconf 71' lang='lat'>2048</span> <span class='ocrx_word' id='word_1_264' title='bbox 1463 1555 1605 1602; x_wconf 74' lang='lat' dir='ltr'><strong>99(gis)</strong></span> <span class='ocrx_word' id='word_1_265' title='bbox 1629 1556 1697 1591; x_wconf 84' lang='grc'><strong>128</strong></span> <span class='ocrx_word' id='word_1_266' title='bbox 1722 1554 1766 1591; x_wconf 89' lang='lat' dir='ltr'><strong>de</strong></span> <span class='ocrx_word' id='word_1_267' title='bbox 1781 1558 1859 1591; x_wconf 88' lang='lat' dir='ltr'><strong>tota</strong></span> <span class='ocrx_word' id='word_1_268' title='bbox 1885 1557 1950 1594; x_wconf 84' lang='lat'><strong>135</strong></span> 
     </span>
    </p>
   </div>
   <div class='ocr_carea' id='block_1_3' title="bbox 160 1603 1952 2128">
    <p class='ocr_par' dir='ltr' id='par_1_5' title="bbox 160 1603 1952 2128">
     <span class='ocr_line' id='line_1_25' title="bbox 161 1603 1949 1658; baseline -0.001 -8"><span class='ocrx_word' id='word_1_269' title='bbox 161 1613 199 1650; x_wconf 89' lang='lat' dir='ltr'><strong>et</strong></span> <span class='ocrx_word' id='word_1_270' title='bbox 228 1614 341 1650; x_wconf 88' lang='lat' dir='ltr'><strong>sonet</strong></span> <span class='ocrx_word' id='word_1_271' title='bbox 369 1614 452 1650; x_wconf 88' lang='lat' dir='ltr'><strong>tota</strong></span> <span class='ocrx_word' id='word_1_272' title='bbox 486 1609 532 1650; x_wconf 93' lang='lat' dir='ltr'><strong>G.</strong></span> <span class='ocrx_word' id='word_1_273' title='bbox 567 1610 755 1650; x_wconf 86' lang='lat' dir='ltr'><strong>Indicabo</strong></span> <span class='ocrx_word' id='word_1_274' title='bbox 787 1611 914 1658; x_wconf 75' lang='lat' dir='ltr'><strong>igitur,</strong></span> <span class='ocrx_word' id='word_1_275' title='bbox 946 1611 1012 1649; x_wconf 89' lang='lat' dir='ltr'><strong>ubi</strong></span> <span class='ocrx_word' id='word_1_276' title='bbox 1042 1621 1289 1649; x_wconf 89' lang='lat' dir='ltr'><strong>numerorum</strong></span> <span class='ocrx_word' id='word_1_277' title='bbox 1351 1603 1443 1638; x_wconf 75' lang='lat'>1920</span> <span class='ocrx_word' id='word_1_278' title='bbox 1465 1603 1501 1638; x_wconf 82' lang='grc' dir='ltr'><strong><em>Α</em></strong></span> <span class='ocrx_word' id='word_1_279' title='bbox 1674 1603 1697 1639; x_wconf 81' lang='grc'>8</span> <span class='ocrx_word' id='word_1_280' title='bbox 1928 1604 1949 1639; x_wconf 89' lang='grc'>9</span> 
     </span>
     <span class='ocr_line' id='line_1_26' title="bbox 160 1649 1951 1733; baseline -0.001 -25"><span class='ocrx_word' id='word_1_281' title='bbox 160 1668 453 1719; x_wconf 85' lang='lat' dir='ltr'><strong>supponendum</strong></span> <span class='ocrx_word' id='word_1_282' title='bbox 483 1671 535 1709; x_wconf 89' lang='lat' dir='ltr'><strong>sit</strong></span> <span class='ocrx_word' id='word_1_283' title='bbox 562 1669 887 1719; x_wconf 88' lang='lat' dir='ltr'><strong>hemisphaerium</strong></span> <span class='ocrx_word' id='word_1_284' title='bbox 907 1665 1081 1718; x_wconf 59' lang='lat' dir='ltr'><strong>(&amp;otfe[)</strong></span> <span class='ocrx_word' id='word_1_285' title='bbox 1113 1681 1182 1719; x_wconf 85' lang='lat' dir='ltr'><strong>pro</strong></span> <span class='ocrx_word' id='word_1_286' title='bbox 1214 1669 1288 1708; x_wconf 88' lang='lat' dir='ltr'><strong>eli-</strong></span> <span class='ocrx_word' id='word_1_287' title='bbox 1350 1649 1489 1732; x_wconf 39' lang='lat'><strong>&amp;332</strong></span> <span class='ocrx_word' id='word_1_288' title='bbox 1674 1649 1697 1732; x_wconf 62' lang='grc' dir='ltr'>Ξ</span> <span class='ocrx_word' id='word_1_289' title='bbox 1767 1668 1813 1719; x_wconf 61' lang='grc' dir='ltr'>ἶ</span> <span class='ocrx_word' id='word_1_290' title='bbox 1928 1651 1951 1733; x_wconf 63' lang='grc' dir='ltr'>ἓ</span> 
     </span>
     <span class='ocr_line' id='line_1_27' title="bbox 161 1726 1951 1779; baseline 0 -12"><span class='ocrx_word' id='word_1_291' title='bbox 161 1726 307 1767; x_wconf 88' lang='lat' dir='ltr'><strong>ciendis</strong></span> <span class='ocrx_word' id='word_1_292' title='bbox 343 1729 449 1767; x_wconf 87' lang='lat' dir='ltr'><strong>sonis</strong></span> <span class='ocrx_word' id='word_1_293' title='bbox 483 1730 534 1767; x_wconf 84' lang='lat'><strong>12</strong></span> <span class='ocrx_word' id='word_1_294' title='bbox 574 1727 800 1767; x_wconf 86' lang='lat' dir='ltr'><strong>chordarum</strong></span> <span class='ocrx_word' id='word_1_295' title='bbox 840 1739 961 1777; x_wconf 87' lang='lat' dir='ltr'><strong>usque</strong></span> <span class='ocrx_word' id='word_1_296' title='bbox 1001 1727 1051 1767; x_wconf 87' lang='lat' dir='ltr'><strong>ad</strong></span> <span class='ocrx_word' id='word_1_297' title='bbox 1094 1731 1286 1767; x_wconf 82' lang='lat' dir='ltr'><strong>octavam.</strong></span> <span class='ocrx_word' id='word_1_298' title='bbox 1353 1743 1443 1779; x_wconf 71' lang='lat'>1520</span> <span class='ocrx_word' id='word_1_299' title='bbox 1465 1754 1485 1779; x_wconf 70' lang='lat'><strong>0</strong></span> <span class='ocrx_word' id='word_1_300' title='bbox 1675 1743 1696 1778; x_wconf 86' lang='lat'><em>3</em></span> <span class='ocrx_word' id='word_1_301' title='bbox 1768 1762 1812 1767; x_wconf 80' lang='lat'><strong>..</strong></span> <span class='ocrx_word' id='word_1_302' title='bbox 1927 1744 1951 1779; x_wconf 77' lang='lat'>4</span> 
     </span>
     <span class='ocr_line' id='line_1_28' title="bbox 160 1784 1952 1835; baseline 0.001 -11"><span class='ocrx_word' id='word_1_303' title='bbox 160 1785 326 1825; x_wconf 83' lang='lat' dir='ltr'><strong>Tabella</strong></span> <span class='ocrx_word' id='word_1_304' title='bbox 364 1786 420 1826; x_wconf 88' lang='lat' dir='ltr'><strong>sic</strong></span> <span class='ocrx_word' id='word_1_305' title='bbox 461 1791 519 1826; x_wconf 89' lang='lat' dir='ltr'><strong>est</strong></span> <span class='ocrx_word' id='word_1_306' title='bbox 557 1785 827 1835; x_wconf 77' lang='lat' dir='ltr'><strong>intelligenda:</strong></span> <span class='ocrx_word' id='word_1_307' title='bbox 870 1789 903 1826; x_wconf 87' lang='lat' dir='ltr'><strong>si</strong></span> <span class='ocrx_word' id='word_1_308' title='bbox 946 1784 981 1825; x_wconf 91' lang='lat' dir='ltr'><strong><em>G</em></strong></span> <span class='ocrx_word' id='word_1_309' title='bbox 1023 1784 1207 1825; x_wconf 88' lang='lat' dir='ltr'><strong>dividitur</strong></span> <span class='ocrx_word' id='word_1_310' title='bbox 1247 1787 1286 1825; x_wconf 91' lang='lat' dir='ltr'><strong>in</strong></span> <span class='ocrx_word' id='word_1_311' title='bbox 1351 1790 1442 1826; x_wconf 70' lang='lat'><strong>1536</strong></span> <span class='ocrx_word' id='word_1_312' title='bbox 1465 1800 1504 1832; x_wconf 78' lang='grc' dir='ltr'><strong>ορ</strong></span> <span class='ocrx_word' id='word_1_313' title='bbox 1529 1787 1605 1834; x_wconf 86' lang='lat' dir='ltr'><strong>(cis)</strong></span> <span class='ocrx_word' id='word_1_314' title='bbox 1651 1788 1697 1826; x_wconf 88' lang='grc'><strong>32</strong></span> <span class='ocrx_word' id='word_1_315' title='bbox 1768 1808 1812 1815; x_wconf 90' lang='grc'>-</span> <span class='ocrx_word' id='word_1_316' title='bbox 1903 1789 1952 1826; x_wconf 82' lang='grc'><strong>45</strong></span> 
     </span>
     <span class='ocr_line' id='line_1_29' title="bbox 162 1835 1950 1895; baseline 0.001 -14"><span class='ocrx_word' id='word_1_317' title='bbox 162 1845 274 1882; x_wconf 90' lang='grc'><strong>2160</strong></span> <span class='ocrx_word' id='word_1_318' title='bbox 313 1845 514 1895; x_wconf 87' lang='lat' dir='ltr'><strong>aequalia,</strong></span> <span class='ocrx_word' id='word_1_319' title='bbox 558 1849 650 1884; x_wconf 90' lang='lat' dir='ltr'><strong>tunc</strong></span> <span class='ocrx_word' id='word_1_320' title='bbox 691 1845 826 1884; x_wconf 88' lang='lat' dir='ltr'><strong>harum</strong></span> <span class='ocrx_word' id='word_1_321' title='bbox 868 1845 1143 1895; x_wconf 84' lang='lat' dir='ltr'><strong>particularum</strong></span> <span class='ocrx_word' id='word_1_322' title='bbox 1177 1846 1285 1884; x_wconf 87' lang='lat'>1152</span> <span class='ocrx_word' id='word_1_323' title='bbox 1354 1836 1444 1872; x_wconf 65' lang='lat'><strong>¹⁴40</strong></span> <span class='ocrx_word' id='word_1_324' title='bbox 1466 1836 1490 1872; x_wconf 71' lang='lat' dir='ltr'><strong>d</strong></span> <span class='ocrx_word' id='word_1_325' title='bbox 1675 1835 1698 1870; x_wconf 83' lang='lat'>2</span> <span class='ocrx_word' id='word_1_326' title='bbox 1771 1852 1807 1859; x_wconf 76' lang='grc'><strong>“·</strong></span> <span class='ocrx_word' id='word_1_327' title='bbox 1928 1837 1950 1872; x_wconf 85' lang='grc'>3</span> 
     </span>
     <span class='ocr_line' id='line_1_30' title="bbox 161 1881 1952 1965; baseline 0.001 -24"><span class='ocrx_word' id='word_1_328' title='bbox 161 1906 303 1941; x_wconf 88' lang='lat' dir='ltr'><strong>sonant</strong></span> <span class='ocrx_word' id='word_1_329' title='bbox 330 1903 373 1953; x_wconf 79' lang='lat' dir='ltr'><strong>fo</strong></span> <span class='ocrx_word' id='word_1_330' title='bbox 399 1903 492 1949; x_wconf 85' lang='lat' dir='ltr'><strong>(fis).</strong></span> <span class='ocrx_word' id='word_1_331' title='bbox 547 1903 600 1942; x_wconf 85' lang='lat' dir='ltr'><strong>At</strong></span> <span class='ocrx_word' id='word_1_332' title='bbox 629 1904 806 1943; x_wconf 88' lang='lat' dir='ltr'><strong>brevius:</strong></span> <span class='ocrx_word' id='word_1_333' title='bbox 838 1904 871 1942; x_wconf 88' lang='lat' dir='ltr'><strong>si</strong></span> <span class='ocrx_word' id='word_1_334' title='bbox 896 1901 931 1942; x_wconf 94' lang='lat' dir='ltr'><strong><em>G</em></strong></span> <span class='ocrx_word' id='word_1_335' title='bbox 951 1902 1136 1941; x_wconf 89' lang='lat' dir='ltr'><strong>dividitur</strong></span> <span class='ocrx_word' id='word_1_336' title='bbox 1156 1903 1196 1940; x_wconf 91' lang='lat' dir='ltr'><strong>in</strong></span> <span class='ocrx_word' id='word_1_337' title='bbox 1221 1903 1286 1949; x_wconf 90' lang='lat'><strong>15,</strong></span> <span class='ocrx_word' id='word_1_338' title='bbox 1350 1883 1444 1965; x_wconf 53' lang='lat'><strong>{233</strong></span> <span class='ocrx_word' id='word_1_339' title='bbox 1466 1881 1607 1964; x_wconf 43' lang='lat' dir='ltr'><strong>fifides)</strong></span> <span class='ocrx_word' id='word_1_340' title='bbox 1675 1882 1697 1963; x_wconf 61' lang='grc' dir='ltr'>ἓ</span> <span class='ocrx_word' id='word_1_341' title='bbox 1769 1899 1812 1954; x_wconf 63' lang='grc' dir='ltr'>Ξ</span> <span class='ocrx_word' id='word_1_342' title='bbox 1927 1883 1952 1965; x_wconf 64' lang='grc' dir='ltr'>ἓ</span> 
     </span>
     <span class='ocr_line' id='line_1_31' title="bbox 160 1960 1951 2030; baseline 0.001 -31"><span class='ocrx_word' id='word_1_343' title='bbox 160 1963 251 1999; x_wconf 91' lang='lat' dir='ltr'><strong>tunc</strong></span> <span class='ocrx_word' id='word_1_344' title='bbox 284 1961 307 1999; x_wconf 90' lang='grc'>8</span> <span class='ocrx_word' id='word_1_345' title='bbox 345 1960 482 2000; x_wconf 89' lang='lat' dir='ltr'><strong>harum</strong></span> <span class='ocrx_word' id='word_1_346' title='bbox 511 1963 729 2030; x_wconf 78' lang='lat' dir='ltr'><strong>portionum</strong></span> <span class='ocrx_word' id='word_1_347' title='bbox 770 1965 910 2001; x_wconf 88' lang='lat' dir='ltr'><strong>sonant</strong></span> <span class='ocrx_word' id='word_1_348' title='bbox 937 1962 994 2012; x_wconf 80' lang='lat' dir='ltr'><strong>f9.</strong></span> <span class='ocrx_word' id='word_1_349' title='bbox 1055 1960 1120 2000; x_wconf 88' lang='lat' dir='ltr'><strong>Sic</strong></span> <span class='ocrx_word' id='word_1_350' title='bbox 1157 1962 1288 2010; x_wconf 85' lang='lat' dir='ltr'><strong>itaque</strong></span> <span class='ocrx_word' id='word_1_351' title='bbox 1352 1976 1485 2019; x_wconf 65' lang='lat' dir='ltr'><strong>121.ss</strong></span> <span class='ocrx_word' id='word_1_352' title='bbox 1639 1996 1642 1997; x_wconf 15' lang='grc' dir='ltr'><em>γ</em></span> <span class='ocrx_word' id='word_1_353' title='bbox 1676 1975 1697 2011; x_wconf 82' lang='lat'>9</span> <span class='ocrx_word' id='word_1_354' title='bbox 1767 1994 1812 1999; x_wconf 89' lang='lat'><strong>...</strong></span> <span class='ocrx_word' id='word_1_355' title='bbox 1908 1973 1951 2012; x_wconf 75' lang='lat'><strong>15</strong></span> 
     </span>
     <span class='ocr_line' id='line_1_32' title="bbox 162 2018 1951 2071; baseline 0.001 -13"><span class='ocrx_word' id='word_1_356' title='bbox 162 2029 294 2058; x_wconf 87' lang='lat' dir='ltr'><strong>omnes</strong></span> <span class='ocrx_word' id='word_1_357' title='bbox 315 2030 432 2058; x_wconf 89' lang='lat' dir='ltr'><strong>voces</strong></span> <span class='ocrx_word' id='word_1_358' title='bbox 453 2018 533 2058; x_wconf 89' lang='lat' dir='ltr'><strong>ad</strong></span> <span class='ocrx_word' id='word_1_359' title='bbox 522 2032 639 2059; x_wconf 74' lang='lat' dir='ltr'><strong>imam</strong></span> <span class='ocrx_word' id='word_1_360' title='bbox 664 2024 921 2071; x_wconf 86' lang='lat' dir='ltr'><strong>comparatae.</strong></span> <span class='ocrx_word' id='word_1_361' title='bbox 967 2019 1173 2058; x_wconf 88' lang='lat' dir='ltr'><strong>Proximae</strong></span> <span class='ocrx_word' id='word_1_362' title='bbox 1194 2031 1287 2059; x_wconf 86' lang='lat' dir='ltr'><strong>vero</strong></span> <span class='ocrx_word' id='word_1_363' title='bbox 1355 2021 1444 2057; x_wconf 78' lang='lat'>1152</span> <span class='ocrx_word' id='word_1_364' title='bbox 1464 2020 1551 2067; x_wconf 79' lang='lat' dir='ltr'><strong>f9(fi</strong></span> <span class='ocrx_word' id='word_1_365' title='bbox 1555 2020 1584 2066; x_wconf 92' lang='lat' dir='ltr'><strong>s)</strong></span> <span class='ocrx_word' id='word_1_366' title='bbox 1676 2021 1699 2057; x_wconf 88' lang='grc'>8</span> <span class='ocrx_word' id='word_1_367' title='bbox 1768 2041 1810 2046; x_wconf 90' lang='lat'><strong>——-</strong></span> <span class='ocrx_word' id='word_1_368' title='bbox 1909 2022 1951 2059; x_wconf 89' lang='lat'><strong>15</strong></span> 
     </span>
     <span class='ocr_line' id='line_1_33' title="bbox 161 2067 1950 2128; baseline 0.001 -14"><span class='ocrx_word' id='word_1_369' title='bbox 161 2077 218 2116; x_wconf 86' lang='lat' dir='ltr'><strong>sic</strong></span> <span class='ocrx_word' id='word_1_370' title='bbox 238 2081 327 2116; x_wconf 85' lang='lat' dir='ltr'><strong>sunt</strong></span> <span class='ocrx_word' id='word_1_371' title='bbox 347 2076 602 2118; x_wconf 86' lang='lat' dir='ltr'><strong>adinvicem.</strong></span> <span class='ocrx_word' id='word_1_372' title='bbox 621 2082 779 2128; x_wconf 72' lang='lat' dir='ltr'><strong>9,f9,;·„</strong></span> <span class='ocrx_word' id='word_1_373' title='bbox 795 2081 962 2127; x_wconf 60' lang='lat' dir='ltr'><strong>f9,f†3—,</strong></span> <span class='ocrx_word' id='word_1_374' title='bbox 979 2081 1111 2126; x_wconf 66' lang='grc' dir='ltr'>Ῑέξξι,</span> <span class='ocrx_word' id='word_1_375' title='bbox 1130 2092 1159 2125; x_wconf 84' lang='lat' dir='ltr'><strong>e,</strong></span> <span class='ocrx_word' id='word_1_376' title='bbox 1174 2081 1287 2128; x_wconf 65' lang='lat'><strong>‹19:223,</strong></span> <span class='ocrx_word' id='word_1_377' title='bbox 1355 2067 1489 2115; x_wconf 76' lang='lat'>¹0809</span> <span class='ocrx_word' id='word_1_378' title='bbox 1675 2068 1695 2102; x_wconf 82' lang='lat'>1</span> <span class='ocrx_word' id='word_1_379' title='bbox 1769 2088 1809 2095; x_wconf 86' lang='grc'><strong>-</strong></span> <span class='ocrx_word' id='word_1_380' title='bbox 1927 2069 1950 2105; x_wconf 87' lang='lat'>2</span> 
     </span>
    </p>
   </div>
   <div class='ocr_carea' id='block_1_4' title="bbox 160 2137 1951 2653">
    <p class='ocr_par' dir='ltr' id='par_1_6' title="bbox 161 2137 1720 2187">
     <span class='ocr_line' id='line_1_34' title="bbox 161 2137 1720 2187; baseline 0 -3"><span class='ocrx_word' id='word_1_381' title='bbox 161 2139 218 2184; x_wconf 63' lang='grc' dir='ltr'><strong>ἄρ’</strong></span> <span class='ocrx_word' id='word_1_382' title='bbox 238 2138 339 2185; x_wconf 50' lang='lat' dir='ltr'><strong>alfa,</strong></span> <span class='ocrx_word' id='word_1_383' title='bbox 365 2139 399 2183; x_wconf 69' lang='lat' dir='ltr'><strong>d)</strong></span> <span class='ocrx_word' id='word_1_384' title='bbox 417 2150 456 2184; x_wconf 65' lang='grc' dir='ltr'><strong>ορ</strong></span> <span class='ocrx_word' id='word_1_385' title='bbox 477 2140 534 2187; x_wconf 61' lang='lat'><strong>1⁴75,</strong></span> <span class='ocrx_word' id='word_1_386' title='bbox 560 2139 747 2186; x_wconf 64' lang='grc' dir='ltr'><strong>ορνοῖπῖΐ·</strong></span> <span class='ocrx_word' id='word_1_387' title='bbox 773 2140 917 2186; x_wconf 59' lang='lat' dir='ltr'><strong>eth-siis</strong></span> <span class='ocrx_word' id='word_1_388' title='bbox 943 2138 1094 2184; x_wconf 60' lang='lat' dir='ltr'><strong>h,b{-},</strong></span> <span class='ocrx_word' id='word_1_389' title='bbox 1121 2139 1282 2185; x_wconf 59' lang='lat' dir='ltr'><strong>byA‘iffi</strong></span> <span class='ocrx_word' id='word_1_390' title='bbox 1307 2138 1414 2184; x_wconf 43' lang='grc'><strong>’1190</strong></span> <span class='ocrx_word' id='word_1_391' title='bbox 1434 2138 1493 2184; x_wconf 45' lang='lat' dir='ltr'><strong>&#39;Tg’</strong></span> <span class='ocrx_word' id='word_1_392' title='bbox 1515 2149 1573 2183; x_wconf 72' lang='lat'><strong>99,</strong></span> <span class='ocrx_word' id='word_1_393' title='bbox 1593 2137 1720 2184; x_wconf 48' lang='lat' dir='ltr'><strong>Gigig&#39;·</strong></span> 
     </span>
    </p>

    <p class='ocr_par' dir='ltr' id='par_1_7' title="bbox 160 2191 1950 2359">
     <span class='ocr_line' id='line_1_35' title="bbox 297 2191 1950 2244; baseline 0 -12"><span class='ocrx_word' id='word_1_394' title='bbox 297 2194 439 2242; x_wconf 88' lang='lat' dir='ltr'><strong>Vides,</strong></span> <span class='ocrx_word' id='word_1_395' title='bbox 480 2207 527 2234; x_wconf 83' lang='lat' dir='ltr'><strong>ex</strong></span> <span class='ocrx_word' id='word_1_396' title='bbox 569 2196 707 2244; x_wconf 88' lang='lat' dir='ltr'><strong>quibus</strong></span> <span class='ocrx_word' id='word_1_397' title='bbox 746 2195 1003 2235; x_wconf 82' lang='lat' dir='ltr'><strong>fundamentis</strong></span> <span class='ocrx_word' id='word_1_398' title='bbox 1042 2194 1092 2233; x_wconf 86' lang='lat' dir='ltr'><strong>ad</strong></span> <span class='ocrx_word' id='word_1_399' title='bbox 1133 2206 1249 2244; x_wconf 91' lang='lat' dir='ltr'><strong>quam</strong></span> <span class='ocrx_word' id='word_1_400' title='bbox 1278 2193 1549 2244; x_wconf 87' lang='lat' dir='ltr'><strong>perfectionem</strong></span> <span class='ocrx_word' id='word_1_401' title='bbox 1582 2191 1950 2232; x_wconf 88' lang='lat' dir='ltr'><strong>demonstrationum</strong></span> 
     </span>
     <span class='ocr_line' id='line_1_36' title="bbox 160 2251 1949 2300; baseline 0 -9"><span class='ocrx_word' id='word_1_402' title='bbox 160 2252 349 2292; x_wconf 84' lang='lat' dir='ltr'><strong>veniatur.</strong></span> <span class='ocrx_word' id='word_1_403' title='bbox 410 2251 502 2292; x_wconf 86' lang='lat' dir='ltr'><strong>Jam</strong></span> <span class='ocrx_word' id='word_1_404' title='bbox 532 2253 621 2293; x_wconf 87' lang='lat' dir='ltr'><strong>vide</strong></span> <span class='ocrx_word' id='word_1_405' title='bbox 660 2258 697 2293; x_wconf 92' lang='lat' dir='ltr'><strong>et</strong></span> <span class='ocrx_word' id='word_1_406' title='bbox 735 2255 904 2293; x_wconf 83' lang='lat' dir='ltr'><strong>rationes</strong></span> <span class='ocrx_word' id='word_1_407' title='bbox 942 2257 1115 2292; x_wconf 87' lang='lat' dir='ltr'><strong>veterum</strong></span> <span class='ocrx_word' id='word_1_408' title='bbox 1154 2265 1201 2292; x_wconf 85' lang='lat' dir='ltr'><strong>ex</strong></span> <span class='ocrx_word' id='word_1_409' title='bbox 1230 2251 1407 2291; x_wconf 87' lang='lat' dir='ltr'><strong>Platonis</strong></span> <span class='ocrx_word' id='word_1_410' title='bbox 1437 2251 1619 2300; x_wconf 90' lang='lat' dir='ltr'><strong>Timaeo,</strong></span> <span class='ocrx_word' id='word_1_411' title='bbox 1662 2261 1776 2300; x_wconf 89' lang='lat' dir='ltr'><strong>quem</strong></span> <span class='ocrx_word' id='word_1_412' title='bbox 1817 2262 1949 2292; x_wconf 89' lang='lat' dir='ltr'><strong>omnes</strong></span> 
     </span>
     <span class='ocr_line' id='line_1_37' title="bbox 160 2311 1378 2359; baseline 0 -11"><span class='ocrx_word' id='word_1_413' title='bbox 160 2311 301 2350; x_wconf 87' lang='lat' dir='ltr'><strong>imitati</strong></span> <span class='ocrx_word' id='word_1_414' title='bbox 331 2315 430 2359; x_wconf 87' lang='lat' dir='ltr'><strong>sunt,</strong></span> <span class='ocrx_word' id='word_1_415' title='bbox 466 2316 508 2351; x_wconf 88' lang='lat' dir='ltr'><strong>ut</strong></span> <span class='ocrx_word' id='word_1_416' title='bbox 539 2311 586 2352; x_wconf 91' lang='lat' dir='ltr'><strong>de</strong></span> <span class='ocrx_word' id='word_1_417' title='bbox 617 2312 700 2351; x_wconf 89' lang='lat' dir='ltr'><strong>solo</strong></span> <span class='ocrx_word' id='word_1_418' title='bbox 728 2311 955 2352; x_wconf 89' lang='lat' dir='ltr'><strong>Ptolemaeo</strong></span> <span class='ocrx_word' id='word_1_419' title='bbox 987 2311 1081 2350; x_wconf 90' lang='lat' dir='ltr'><strong>mihi</strong></span> <span class='ocrx_word' id='word_1_420' title='bbox 1110 2323 1188 2350; x_wconf 89' lang='lat' dir='ltr'><strong>non</strong></span> <span class='ocrx_word' id='word_1_421' title='bbox 1218 2315 1378 2350; x_wconf 88' lang='lat' dir='ltr'><strong>constet.</strong></span> 
     </span>
    </p>

    <p class='ocr_par' dir='ltr' id='par_1_8' title="bbox 161 2364 1951 2653">
     <span class='ocr_line' id='line_1_38' title="bbox 297 2364 1948 2421; baseline -0.001 -13"><span class='ocrx_word' id='word_1_422' title='bbox 297 2368 439 2408; x_wconf 82' lang='lat' dir='ltr'><strong>Rerum</strong></span> <span class='ocrx_word' id='word_1_423' title='bbox 485 2372 691 2421; x_wconf 89' lang='lat' dir='ltr'><strong>principia,</strong></span> <span class='ocrx_word' id='word_1_424' title='bbox 741 2371 866 2420; x_wconf 89' lang='lat' dir='ltr'><strong>inquit</strong></span> <span class='ocrx_word' id='word_1_425' title='bbox 905 2369 1037 2416; x_wconf 86' lang='lat' dir='ltr'><strong>Plato,</strong></span> <span class='ocrx_word' id='word_1_426' title='bbox 1088 2371 1161 2408; x_wconf 88' lang='lat' dir='ltr'><strong>tria</strong></span> <span class='ocrx_word' id='word_1_427' title='bbox 1200 2373 1309 2408; x_wconf 86' lang='lat' dir='ltr'><strong>sunt:</strong></span> <span class='ocrx_word' id='word_1_428' title='bbox 1365 2369 1406 2416; x_wconf 87' lang='lat'><strong>1)</strong></span> <span class='ocrx_word' id='word_1_429' title='bbox 1452 2364 1596 2415; x_wconf 83' lang='grc' dir='ltr'>Οὖσια,</span> <span class='ocrx_word' id='word_1_430' title='bbox 1647 2368 1862 2419; x_wconf 86' lang='lat' dir='ltr'><strong>composita</strong></span> <span class='ocrx_word' id='word_1_431' title='bbox 1902 2380 1948 2408; x_wconf 79' lang='lat' dir='ltr'><strong>ex</strong></span> 
     </span>
     <span class='ocr_line' id='line_1_39' title="bbox 161 2423 1950 2480; baseline 0.001 -16"><span class='ocrx_word' id='word_1_432' title='bbox 161 2423 366 2475; x_wconf 79' lang='grc' dir='ltr'><em>ἀμεριστου</em></span> <span class='ocrx_word' id='word_1_433' title='bbox 406 2432 444 2467; x_wconf 88' lang='lat' dir='ltr'><strong>et</strong></span> <span class='ocrx_word' id='word_1_434' title='bbox 472 2444 646 2476; x_wconf 75' lang='grc' dir='ltr'><em>μευιστης</em></span> <span class='ocrx_word' id='word_1_435' title='bbox 677 2443 844 2479; x_wconf 81' lang='grc' dir='ltr'>φυσεως,</span> <span class='ocrx_word' id='word_1_436' title='bbox 893 2427 932 2480; x_wconf 92' lang='grc'><strong>2)</strong></span> <span class='ocrx_word' id='word_1_437' title='bbox 970 2427 1098 2477; x_wconf 89' lang='lat' dir='ltr'><strong>Idem,</strong></span> <span class='ocrx_word' id='word_1_438' title='bbox 1145 2429 1189 2476; x_wconf 83' lang='lat'><strong>3)</strong></span> <span class='ocrx_word' id='word_1_439' title='bbox 1228 2427 1413 2466; x_wconf 85' lang='lat' dir='ltr'><strong>Alterum.</strong></span> <span class='ocrx_word' id='word_1_440' title='bbox 1490 2424 1586 2464; x_wconf 86' lang='lat' dir='ltr'><strong>Cum</strong></span> <span class='ocrx_word' id='word_1_441' title='bbox 1630 2437 1721 2476; x_wconf 85' lang='lat' dir='ltr'><strong>ergo</strong></span> <span class='ocrx_word' id='word_1_442' title='bbox 1762 2428 1950 2466; x_wconf 87' lang='lat' dir='ltr'><strong>ternarius</strong></span> 
     </span>
     <span class='ocr_line' id='line_1_40' title="bbox 162 2484 1949 2537; baseline 0.001 -15"><span class='ocrx_word' id='word_1_443' title='bbox 162 2484 348 2535; x_wconf 87' lang='lat' dir='ltr'><strong>principia</strong></span> <span class='ocrx_word' id='word_1_444' title='bbox 408 2486 683 2537; x_wconf 88' lang='lat' dir='ltr'><strong>complectatur</strong></span> <span class='ocrx_word' id='word_1_445' title='bbox 730 2499 883 2536; x_wconf 89' lang='lat' dir='ltr'><strong>-rerum,</strong></span> <span class='ocrx_word' id='word_1_446' title='bbox 946 2489 1016 2526; x_wconf 88' lang='lat' dir='ltr'><strong>erit</strong></span> <span class='ocrx_word' id='word_1_447' title='bbox 1076 2490 1114 2526; x_wconf 90' lang='lat' dir='ltr'><strong>et</strong></span> <span class='ocrx_word' id='word_1_448' title='bbox 1171 2486 1460 2525; x_wconf 87' lang='lat' dir='ltr'><strong>fundamentum</strong></span> <span class='ocrx_word' id='word_1_449' title='bbox 1520 2485 1704 2532; x_wconf 87' lang='lat' dir='ltr'><strong>musices,</strong></span> <span class='ocrx_word' id='word_1_450' title='bbox 1765 2489 1803 2524; x_wconf 89' lang='lat' dir='ltr'><strong>et</strong></span> <span class='ocrx_word' id='word_1_451' title='bbox 1852 2485 1949 2525; x_wconf 88' lang='lat' dir='ltr'><strong>alias</strong></span> 
     </span>
     <span class='ocr_line' id='line_1_41' title="bbox 162 2541 1949 2595; baseline 0.002 -15"><span class='ocrx_word' id='word_1_452' title='bbox 162 2541 315 2582; x_wconf 85' lang='lat' dir='ltr'><strong>divinus</strong></span> <span class='ocrx_word' id='word_1_453' title='bbox 356 2547 432 2591; x_wconf 87' lang='lat' dir='ltr'><strong>est,</strong></span> <span class='ocrx_word' id='word_1_454' title='bbox 477 2557 562 2584; x_wconf 90' lang='lat' dir='ltr'><strong>cum</strong></span> <span class='ocrx_word' id='word_1_455' title='bbox 604 2546 644 2582; x_wconf 92' lang='lat' dir='ltr'><strong>in</strong></span> <span class='ocrx_word' id='word_1_456' title='bbox 687 2546 863 2584; x_wconf 87' lang='lat' dir='ltr'><strong>omnibus</strong></span> <span class='ocrx_word' id='word_1_457' title='bbox 907 2547 980 2584; x_wconf 86' lang='lat' dir='ltr'><strong>tria</strong></span> <span class='ocrx_word' id='word_1_458' title='bbox 1025 2546 1120 2584; x_wconf 88' lang='lat' dir='ltr'><strong>sint:</strong></span> <span class='ocrx_word' id='word_1_459' title='bbox 1164 2546 1409 2595; x_wconf 76' lang='lat' dir='ltr'><strong>prIncipium‚</strong></span> <span class='ocrx_word' id='word_1_460' title='bbox 1457 2542 1643 2588; x_wconf 85' lang='lat' dir='ltr'><strong>medium,</strong></span> <span class='ocrx_word' id='word_1_461' title='bbox 1689 2542 1786 2581; x_wconf 90' lang='lat' dir='ltr'><strong>finis.</strong></span> <span class='ocrx_word' id='word_1_462' title='bbox 1857 2543 1949 2583; x_wconf 90' lang='lat' dir='ltr'><strong>Jam</strong></span> 
     </span>
     <span class='ocr_line' id='line_1_42' title="bbox 161 2599 1951 2653; baseline 0.003 -15"><span class='ocrx_word' id='word_1_463' title='bbox 161 2612 220 2640; x_wconf 88' lang='lat' dir='ltr'><strong>res</strong></span> <span class='ocrx_word' id='word_1_464' title='bbox 265 2612 342 2640; x_wconf 91' lang='lat' dir='ltr'><strong>non</strong></span> <span class='ocrx_word' id='word_1_465' title='bbox 388 2607 476 2640; x_wconf 89' lang='lat' dir='ltr'><strong>sunt</strong></span> <span class='ocrx_word' id='word_1_466' title='bbox 520 2602 738 2653; x_wconf 87' lang='lat' dir='ltr'><strong>superficies</strong></span> <span class='ocrx_word' id='word_1_467' title='bbox 778 2604 847 2642; x_wconf 80' lang='lat' dir='ltr'><strong>‘aut</strong></span> <span class='ocrx_word' id='word_1_468' title='bbox 883 2603 1023 2650; x_wconf 88' lang='lat' dir='ltr'><strong>lineae,</strong></span> <span class='ocrx_word' id='word_1_469' title='bbox 1069 2602 1137 2643; x_wconf 89' lang='lat' dir='ltr'><strong>sed</strong></span> <span class='ocrx_word' id='word_1_470' title='bbox 1177 2615 1348 2653; x_wconf 87' lang='lat' dir='ltr'><strong>corpora.</strong></span> <span class='ocrx_word' id='word_1_471' title='bbox 1421 2599 1583 2652; x_wconf 83' lang='lat' dir='ltr'><strong>Oportet</strong></span> <span class='ocrx_word' id='word_1_472' title='bbox 1625 2612 1715 2651; x_wconf 88' lang='lat' dir='ltr'><strong>ergo</strong></span> <span class='ocrx_word' id='word_1_473' title='bbox 1758 2601 1951 2643; x_wconf 86' lang='lat' dir='ltr'><strong>elementa</strong></span> 
     </span>
    </p>
   </div>
   <div class='ocr_carea' id='block_1_5' title="bbox 160 2658 1939 2828">
    <p class='ocr_par' dir='ltr' id='par_1_9' title="bbox 160 2658 1939 2828">
     <span class='ocr_line' id='line_1_43' title="bbox 160 2658 1915 2713; baseline -0.001 -16"><span class='ocrx_word' id='word_1_474' title='bbox 160 2660 315 2699; x_wconf 88' lang='lat' dir='ltr'><strong>ternarii</strong></span> <span class='ocrx_word' id='word_1_475' title='bbox 365 2663 576 2711; x_wconf 85' lang='lat' dir='ltr'><strong>corporari,</strong></span> <span class='ocrx_word' id='word_1_476' title='bbox 635 2662 717 2700; x_wconf 85' lang='lat' dir='ltr'><strong>sive</strong></span> <span class='ocrx_word' id='word_1_477' title='bbox 766 2661 941 2710; x_wconf 86' lang='lat' dir='ltr'><strong>solidari,</strong></span> <span class='ocrx_word' id='word_1_478' title='bbox 998 2661 1037 2700; x_wconf 94' lang='lat' dir='ltr'><strong>h.</strong></span> <span class='ocrx_word' id='word_1_479' title='bbox 1089 2673 1120 2701; x_wconf 87' lang='lat' dir='ltr'><strong>e.</strong></span> <span class='ocrx_word' id='word_1_480' title='bbox 1167 2662 1299 2701; x_wconf 90' lang='lat' dir='ltr'><strong>cubice</strong></span> <span class='ocrx_word' id='word_1_481' title='bbox 1349 2659 1592 2710; x_wconf 87' lang='lat' dir='ltr'><strong>multiplicari</strong></span> <span class='ocrx_word' id='word_1_482' title='bbox 1642 2663 1684 2697; x_wconf 91' lang='lat' dir='ltr'><strong>ut</strong></span> <span class='ocrx_word' id='word_1_483' title='bbox 1729 2658 1741 2712; x_wconf 61' lang='grc' dir='ltr'>ξ</span> <span class='ocrx_word' id='word_1_484' title='bbox 1811 2659 1830 2713; x_wconf 65' lang='grc' dir='ltr'>ξ</span> <span class='ocrx_word' id='word_1_485' title='bbox 1896 2661 1915 2713; x_wconf 59' lang='lat'><strong>3}</strong></span> 
     </span>
     <span class='ocr_line' id='line_1_44' title="bbox 161 2716 1939 2784; baseline -0.001 -29"><span class='ocrx_word' id='word_1_486' title='bbox 161 2716 263 2757; x_wconf 89' lang='lat' dir='ltr'><strong>Hinc</strong></span> <span class='ocrx_word' id='word_1_487' title='bbox 293 2719 422 2757; x_wconf 81' lang='lat' dir='ltr'><strong>existit</strong></span> <span class='ocrx_word' id='word_1_488' title='bbox 453 2721 569 2758; x_wconf 88' lang='lat' dir='ltr'><strong>series</strong></span> <span class='ocrx_word' id='word_1_489' title='bbox 599 2731 842 2771; x_wconf 72' lang='lat' dir='ltr'><strong>numerorum</strong></span> <span class='ocrx_word' id='word_1_490' title='bbox 876 2722 911 2768; x_wconf 92' lang='lat'><strong>1,</strong></span> <span class='ocrx_word' id='word_1_491' title='bbox 946 2722 989 2767; x_wconf 84' lang='lat'><strong>2,</strong></span> <span class='ocrx_word' id='word_1_492' title='bbox 1025 2720 1069 2766; x_wconf 90' lang='grc'><strong>3,</strong></span> <span class='ocrx_word' id='word_1_493' title='bbox 1103 2721 1148 2764; x_wconf 84' lang='grc'><strong>4,</strong></span> <span class='ocrx_word' id='word_1_494' title='bbox 1183 2720 1225 2767; x_wconf 87' lang='grc'><strong>8,</strong></span> <span class='ocrx_word' id='word_1_495' title='bbox 1261 2721 1296 2767; x_wconf 89' lang='grc'><strong>9,</strong></span> <span class='ocrx_word' id='word_1_496' title='bbox 1331 2721 1405 2767; x_wconf 81' lang='grc'><strong>27,</strong></span> <span class='ocrx_word' id='word_1_497' title='bbox 1439 2730 1535 2768; x_wconf 87' lang='lat' dir='ltr'><strong>quos</strong></span> <span class='ocrx_word' id='word_1_498' title='bbox 1566 2719 1663 2756; x_wconf 89' lang='lat' dir='ltr'><strong>inter</strong></span> <span class='ocrx_word' id='word_1_499' title='bbox 1710 2717 1765 2782; x_wconf 58' lang='grc' dir='ltr'><strong>ἶ-</strong></span> <span class='ocrx_word' id='word_1_500' title='bbox 1787 2717 1839 2774; x_wconf 62' lang='grc' dir='ltr'><strong>’Ῑ</strong></span> <span class='ocrx_word' id='word_1_501' title='bbox 1868 2718 1939 2784; x_wconf 56' lang='grc' dir='ltr'><strong>’ἓ-</strong></span> 
     </span>
     <span class='ocr_line' id='line_1_45' title="bbox 163 2775 1936 2828; baseline -0.001 -15"><span class='ocrx_word' id='word_1_502' title='bbox 163 2786 293 2815; x_wconf 88' lang='lat' dir='ltr'><strong>omnes</strong></span> <span class='ocrx_word' id='word_1_503' title='bbox 324 2775 456 2816; x_wconf 89' lang='lat' dir='ltr'><strong>ordine</strong></span> <span class='ocrx_word' id='word_1_504' title='bbox 485 2776 566 2828; x_wconf 87' lang='lat' dir='ltr'><strong>logi</strong></span> <span class='ocrx_word' id='word_1_505' title='bbox 595 2778 751 2828; x_wconf 88' lang='lat' dir='ltr'><strong>perfecti</strong></span> <span class='ocrx_word' id='word_1_506' title='bbox 781 2783 881 2826; x_wconf 86' lang='lat' dir='ltr'><strong>sunt,</strong></span> <span class='ocrx_word' id='word_1_507' title='bbox 914 2782 1166 2824; x_wconf 71' lang='lat' dir='ltr'><strong>eonoruenter</strong></span> <span class='ocrx_word' id='word_1_508' title='bbox 1196 2779 1308 2817; x_wconf 90' lang='lat' dir='ltr'><strong>rebus</strong></span> <span class='ocrx_word' id='word_1_509' title='bbox 1339 2778 1512 2825; x_wconf 88' lang='lat' dir='ltr'><strong>musicis,</strong></span> <span class='ocrx_word' id='word_1_510' title='bbox 1544 2780 1585 2814; x_wconf 91' lang='lat' dir='ltr'><strong>ut</strong></span> <span class='ocrx_word' id='word_1_511' title='bbox 1618 2775 1659 2828; x_wconf 62' lang='grc' dir='ltr'><strong>ὲ,</strong></span> <span class='ocrx_word' id='word_1_512' title='bbox 1707 2787 1761 2823; x_wconf 76' lang='grc' dir='ltr'>Τ</span> <span class='ocrx_word' id='word_1_513' title='bbox 1788 2775 1936 2825; x_wconf 44' lang='lat'><strong>5-</strong></span> <span class='ocrx_word' id='word_1_514' title='bbox 1866 2799 1928 2825; x_wconf 81' lang='lat'><strong>2⁷·</strong></span> 
     </span>
    </p>
   </div>
   <div class='ocr_carea' id='block_1_6' title="bbox 161 2832 1988 3177">
    <p class='ocr_par' dir='ltr' id='par_1_10' title="bbox 161 2832 1988 3177">
     <span class='ocr_line' id='line_1_46' title="bbox 161 2832 1948 2891; baseline 0.001 -19"><span class='ocrx_word' id='word_1_515' title='bbox 161 2832 202 2886; x_wconf 62' lang='grc' dir='ltr'><strong>ξ,</strong></span> <span class='ocrx_word' id='word_1_516' title='bbox 234 2833 271 2887; x_wconf 51' lang='grc' dir='ltr'><strong>ἒ,</strong></span> <span class='ocrx_word' id='word_1_517' title='bbox 302 2833 371 2872; x_wconf 89' lang='lat' dir='ltr'><strong>sed</strong></span> <span class='ocrx_word' id='word_1_518' title='bbox 400 2833 427 2890; x_wconf 57' lang='grc' dir='ltr'>ᾗ</span> <span class='ocrx_word' id='word_1_519' title='bbox 459 2840 517 2874; x_wconf 90' lang='lat' dir='ltr'><strong>est</strong></span> <span class='ocrx_word' id='word_1_520' title='bbox 550 2836 586 2881; x_wconf 87' lang='lat'><strong>¹,</strong></span> <span class='ocrx_word' id='word_1_521' title='bbox 617 2834 759 2875; x_wconf 72' lang='lat' dir='ltr'><strong>hinc¹²</strong></span> <span class='ocrx_word' id='word_1_522' title='bbox 735 2863 764 2889; x_wconf 47' lang='grc' dir='ltr'><strong>ῖς</strong></span> <span class='ocrx_word' id='word_1_523' title='bbox 795 2842 832 2876; x_wconf 88' lang='lat' dir='ltr'><strong>et</strong></span> <span class='ocrx_word' id='word_1_524' title='bbox 864 2835 919 2889; x_wconf 53' lang='grc' dir='ltr'><strong>ἐξ,</strong></span> <span class='ocrx_word' id='word_1_525' title='bbox 948 2837 1031 2874; x_wconf 88' lang='lat' dir='ltr'><strong>sive</strong></span> <span class='ocrx_word' id='word_1_526' title='bbox 1061 2836 1101 2891; x_wconf 69' lang='lat' dir='ltr'><strong>L,</strong></span> <span class='ocrx_word' id='word_1_527' title='bbox 1134 2837 1271 2884; x_wconf 89' lang='lat' dir='ltr'><strong>quibus</strong></span> <span class='ocrx_word' id='word_1_528' title='bbox 1298 2834 1506 2875; x_wconf 89' lang='lat' dir='ltr'><strong>intervalla</strong></span> <span class='ocrx_word' id='word_1_529' title='bbox 1535 2834 1682 2872; x_wconf 89' lang='lat' dir='ltr'><strong>musica</strong></span> <span class='ocrx_word' id='word_1_530' title='bbox 1711 2832 1810 2873; x_wconf 89' lang='lat' dir='ltr'><strong>haec</strong></span> <span class='ocrx_word' id='word_1_531' title='bbox 1840 2845 1948 2874; x_wconf 91' lang='lat' dir='ltr'><strong>com-</strong></span> 
     </span>
     <span class='ocr_line' id='line_1_47' title="bbox 162 2865 1949 2944; baseline 0.002 -15"><span class='ocrx_word' id='word_1_532' title='bbox 162 2894 291 2941; x_wconf 88' lang='lat' dir='ltr'><strong>petere</strong></span> <span class='ocrx_word' id='word_1_533' title='bbox 321 2903 455 2932; x_wconf 88' lang='lat' dir='ltr'><strong>sensus</strong></span> <span class='ocrx_word' id='word_1_534' title='bbox 481 2883 652 2943; x_wconf 82' lang='lat' dir='ltr'><strong>judicat.</strong></span> <span class='ocrx_word' id='word_1_535' title='bbox 691 2898 848 2942; x_wconf 87' lang='lat' dir='ltr'><strong>octava,</strong></span> <span class='ocrx_word' id='word_1_536' title='bbox 889 2894 1039 2943; x_wconf 89' lang='lat' dir='ltr'><strong>quinta,</strong></span> <span class='ocrx_word' id='word_1_537' title='bbox 1066 2865 1230 2944; x_wconf 76' lang='lat' dir='ltr'><strong>q⁷uarta</strong></span> <span class='ocrx_word' id='word_1_538' title='bbox 1272 2896 1408 2933; x_wconf 88' lang='lat' dir='ltr'><strong>iterum</strong></span> <span class='ocrx_word' id='word_1_539' title='bbox 1439 2898 1598 2940; x_wconf 87' lang='lat' dir='ltr'><strong>octava,</strong></span> <span class='ocrx_word' id='word_1_540' title='bbox 1639 2895 1771 2940; x_wconf 89' lang='lat' dir='ltr'><strong>tonus,</strong></span> <span class='ocrx_word' id='word_1_541' title='bbox 1815 2894 1949 2943; x_wconf 87' lang='lat' dir='ltr'><strong>quinta</strong></span> 
     </span>
     <span class='ocr_line' id='line_1_48' title="bbox 163 2951 1945 3003; baseline 0.002 -17"><span class='ocrx_word' id='word_1_542' title='bbox 163 2960 278 2998; x_wconf 89' lang='lat' dir='ltr'><strong>supra</strong></span> <span class='ocrx_word' id='word_1_543' title='bbox 315 2955 505 2991; x_wconf 85' lang='lat' dir='ltr'><strong>octavam.</strong></span> <span class='ocrx_word' id='word_1_544' title='bbox 582 2951 759 2992; x_wconf 86' lang='lat' dir='ltr'><strong>Ceterum</strong></span> <span class='ocrx_word' id='word_1_545' title='bbox 804 2965 890 2992; x_wconf 90' lang='lat' dir='ltr'><strong>cum</strong></span> <span class='ocrx_word' id='word_1_546' title='bbox 934 2951 1009 2990; x_wconf 92' lang='lat' dir='ltr'><strong>duo</strong></span> <span class='ocrx_word' id='word_1_547' title='bbox 1054 2954 1152 3001; x_wconf 71' lang='grc' dir='ltr'><em>λογοι</em></span> <span class='ocrx_word' id='word_1_548' title='bbox 1196 2954 1428 3003; x_wconf 82' lang='lat' dir='ltr'><strong>integrorum</strong></span> <span class='ocrx_word' id='word_1_549' title='bbox 1473 2961 1715 2990; x_wconf 85' lang='lat' dir='ltr'><strong>numerorum</strong></span> <span class='ocrx_word' id='word_1_550' title='bbox 1758 2952 1945 3002; x_wconf 87' lang='lat' dir='ltr'><strong>intersint,</strong></span> 
     </span>
     <span class='ocr_line' id='line_1_49' title="bbox 163 3005 1946 3064; baseline 0.003 -20"><span class='ocrx_word' id='word_1_551' title='bbox 163 3017 215 3044; x_wconf 88' lang='lat' dir='ltr'><strong>sc.</strong></span> <span class='ocrx_word' id='word_1_552' title='bbox 249 3005 274 3061; x_wconf 59' lang='grc' dir='ltr'><strong>ὲ</strong></span> <span class='ocrx_word' id='word_1_553' title='bbox 306 3012 343 3045; x_wconf 92' lang='lat' dir='ltr'><strong>et</strong></span> <span class='ocrx_word' id='word_1_554' title='bbox 371 3009 410 3064; x_wconf 48' lang='grc' dir='ltr'><strong>ᾗ,</strong></span> <span class='ocrx_word' id='word_1_555' title='bbox 444 3013 595 3060; x_wconf 90' lang='lat' dir='ltr'><strong>oportet</strong></span> <span class='ocrx_word' id='word_1_556' title='bbox 626 3022 692 3050; x_wconf 91' lang='lat' dir='ltr'><strong>eos</strong></span> <span class='ocrx_word' id='word_1_557' title='bbox 724 3011 872 3061; x_wconf 86' lang='lat' dir='ltr'><strong>impleri</strong></span> <span class='ocrx_word' id='word_1_558' title='bbox 904 3009 1186 3051; x_wconf 77' lang='lat' dir='ltr'><strong>medietatibus,</strong></span> <span class='ocrx_word' id='word_1_559' title='bbox 1249 3012 1401 3051; x_wconf 92' lang='lat' dir='ltr'><strong>Debent</strong></span> <span class='ocrx_word' id='word_1_560' title='bbox 1430 3014 1561 3048; x_wconf 85' lang='lat' dir='ltr'><strong>autem</strong></span> <span class='ocrx_word' id='word_1_561' title='bbox 1592 3007 1690 3047; x_wconf 86' lang='lat' dir='ltr'><strong>duae</strong></span> <span class='ocrx_word' id='word_1_562' title='bbox 1720 3009 1946 3049; x_wconf 85' lang='lat' dir='ltr'><strong>medietates</strong></span> 
     </span>
     <span class='ocr_line' id='line_1_50' title="bbox 163 3064 1988 3118; baseline 0.003 -17"><span class='ocrx_word' id='word_1_563' title='bbox 163 3064 472 3114; x_wconf 78' lang='lat' dir='ltr'><strong>interponi‚⁷non</strong></span> <span class='ocrx_word' id='word_1_564' title='bbox 491 3080 588 3117; x_wconf 83' lang='lat' dir='ltr'><strong>una3</strong></span> <span class='ocrx_word' id='word_1_565' title='bbox 619 3070 717 3109; x_wconf 89' lang='lat' dir='ltr'><strong>ratio</strong></span> <span class='ocrx_word' id='word_1_566' title='bbox 745 3068 852 3116; x_wconf 87' lang='lat' dir='ltr'><strong>haec,</strong></span> <span class='ocrx_word' id='word_1_567' title='bbox 886 3069 977 3118; x_wconf 89' lang='lat' dir='ltr'><strong>quia</strong></span> <span class='ocrx_word' id='word_1_568' title='bbox 996 3069 1034 3106; x_wconf 88' lang='lat' dir='ltr'><strong>in</strong></span> <span class='ocrx_word' id='word_1_569' title='bbox 1056 3070 1265 3115; x_wconf 77' lang='lat' dir='ltr'><strong>geometria</strong></span> <span class='ocrx_word' id='word_1_570' title='bbox 1295 3069 1504 3109; x_wconf 89' lang='lat' dir='ltr'><strong>solidorum</strong></span> <span class='ocrx_word' id='word_1_571' title='bbox 1534 3066 1631 3106; x_wconf 84' lang='lat' dir='ltr'><strong>alias</strong></span> <span class='ocrx_word' id='word_1_572' title='bbox 1664 3078 1816 3117; x_wconf 90' lang='lat' dir='ltr'><strong>quoque</strong></span> <span class='ocrx_word' id='word_1_573' title='bbox 1847 3067 1947 3107; x_wconf 86' lang='lat' dir='ltr'><strong>duae</strong></span> <span class='ocrx_word' id='word_1_574' title='bbox 1978 3065 1988 3107; x_wconf 66' lang='grc' dir='ltr'>Ῐ</span> 
     </span>
     <span class='ocr_line' id='line_1_51' title="bbox 163 3121 1949 3177; baseline 0.003 -17"><span class='ocrx_word' id='word_1_575' title='bbox 163 3121 313 3162; x_wconf 80' lang='lat' dir='ltr'><strong>mediae</strong></span> <span class='ocrx_word' id='word_1_576' title='bbox 343 3125 647 3177; x_wconf 86' lang='lat' dir='ltr'><strong>proportionales</strong></span> <span class='ocrx_word' id='word_1_577' title='bbox 677 3126 904 3168; x_wconf 82' lang='lat' dir='ltr'><strong>statuendae</strong></span> <span class='ocrx_word' id='word_1_578' title='bbox 935 3130 1023 3167; x_wconf 86' lang='lat' dir='ltr'><strong>sunt</strong></span> <span class='ocrx_word' id='word_1_579' title='bbox 1053 3126 1151 3167; x_wconf 88' lang='lat' dir='ltr'><strong>iuter</strong></span> <span class='ocrx_word' id='word_1_580' title='bbox 1182 3127 1276 3168; x_wconf 86' lang='lat' dir='ltr'><strong>duas</strong></span> <span class='ocrx_word' id='word_1_581' title='bbox 1307 3127 1509 3176; x_wconf 83' lang='lat' dir='ltr'><strong>extremas,</strong></span> <span class='ocrx_word' id='word_1_582' title='bbox 1541 3126 1638 3165; x_wconf 85' lang='lat' dir='ltr'><strong>sicut</strong></span> <span class='ocrx_word' id='word_1_583' title='bbox 1668 3126 1707 3163; x_wconf 90' lang='lat' dir='ltr'><strong>in</strong></span> <span class='ocrx_word' id='word_1_584' title='bbox 1737 3128 1949 3177; x_wconf 84' lang='lat' dir='ltr'><strong>geometria</strong></span> 
     </span>
    </p>
   </div>
  </div>
 </body>
</html>
