<?xml version="1.0" encoding="UTF-8"?>
<!DOCTYPE html PUBLIC "-//W3C//DTD XHTML 1.0 Transitional//EN"
    "http://www.w3.org/TR/xhtml1/DTD/xhtml1-transitional.dtd">
<html xmlns="http://www.w3.org/1999/xhtml" xml:lang="en" lang="en">
 <head>
  <title>
</title>
<meta http-equiv="Content-Type" content="text/html;charset=utf-8" />
  <meta name='ocr-system' content='tesseract 3.04.00' />
  <meta name='ocr-capabilities' content='ocr_page ocr_carea ocr_par ocr_line ocrx_word'/>
</head>
<body>
  <div class='ocr_page' id='page_1' title='image "./operaomniaedidit05kepluoft_0510.png"; bbox 0 0 1994 3276; ppageno 0'>
   <div class='ocr_carea' id='block_1_1' title="bbox 136 76 1244 121">
    <p class='ocr_par' dir='ltr' id='par_1_1' title="bbox 136 76 1244 121">
     <span class='ocr_line' id='line_1_1' title="bbox 136 76 1244 121; baseline -0.001 -4"><span class='ocrx_word' id='word_1_1' title='bbox 136 76 220 117; x_wconf 74' lang='lat'><strong>492</strong></span> <span class='ocrx_word' id='word_1_2' title='bbox 791 79 835 116; x_wconf 91' lang='lat' dir='ltr'><strong>In</strong></span> <span class='ocrx_word' id='word_1_3' title='bbox 858 78 1093 117; x_wconf 74' lang='lat' dir='ltr'><strong>Harmoniam</strong></span> <span class='ocrx_word' id='word_1_4' title='bbox 1114 78 1244 121; x_wconf 80' lang='lat' dir='ltr'><strong>Mundi</strong></span> 
     </span>
    </p>
   </div>
   <div class='ocr_carea' id='block_1_2' title="bbox 135 192 1933 242">
    <p class='ocr_par' dir='ltr' id='par_1_2' title="bbox 135 192 1933 242">
     <span class='ocr_line' id='line_1_2' title="bbox 135 192 1933 242; baseline 0.006 -19"><span class='ocrx_word' id='word_1_5' title='bbox 135 192 387 234; x_wconf 73' lang='lat' dir='ltr'><strong>imperfectione</strong></span> <span class='ocrx_word' id='word_1_6' title='bbox 410 194 455 229; x_wconf 81' lang='lat' dir='ltr'><strong>ad</strong></span> <span class='ocrx_word' id='word_1_7' title='bbox 479 194 716 236; x_wconf 64' lang='lat' dir='ltr'><strong>perfectionem</strong></span> <span class='ocrx_word' id='word_1_8' title='bbox 739 197 902 241; x_wconf 74' lang='lat' dir='ltr'><strong>inferens,</strong></span> <span class='ocrx_word' id='word_1_9' title='bbox 938 208 1023 240; x_wconf 79' lang='lat' dir='ltr'><strong>quae</strong></span> <span class='ocrx_word' id='word_1_10' title='bbox 1046 201 1156 235; x_wconf 81' lang='lat' dir='ltr'><strong>tamen</strong></span> <span class='ocrx_word' id='word_1_11' title='bbox 1179 202 1294 232; x_wconf 80' lang='lat' dir='ltr'><strong>auctor</strong></span> <span class='ocrx_word' id='word_1_12' title='bbox 1324 209 1345 230; x_wconf 79' lang='lat' dir='ltr'><strong>a</strong></span> <span class='ocrx_word' id='word_1_13' title='bbox 1369 208 1464 233; x_wconf 79' lang='lat' dir='ltr'><strong>verae</strong></span> <span class='ocrx_word' id='word_1_14' title='bbox 1487 200 1720 242; x_wconf 67' lang='lat' dir='ltr'><strong>philosophiae</strong></span> <span class='ocrx_word' id='word_1_15' title='bbox 1748 202 1933 238; x_wconf 70' lang='lat' dir='ltr'><strong>intentione</strong></span> 
     </span>
    </p>
   </div>
   <div class='ocr_carea' id='block_1_3' title="bbox 135 239 1933 320">
    <p class='ocr_par' dir='ltr' id='par_1_3' title="bbox 135 239 1933 320">
     <span class='ocr_line' id='line_1_3' title="bbox 135 239 1933 318; baseline 0.006 -48"><span class='ocrx_word' id='word_1_16' title='bbox 135 239 178 270; x_wconf 75' lang='lat' dir='ltr'><strong>ed</strong></span> <span class='ocrx_word' id='word_1_17' title='bbox 191 240 359 318; x_wconf 48' lang='lat' dir='ltr'><strong>¹⁵1ilicti01t1ies</strong></span> <span class='ocrx_word' id='word_1_18' title='bbox 392 250 470 273; x_wconf 88' lang='lat' dir='ltr'><strong>suas</strong></span> <span class='ocrx_word' id='word_1_19' title='bbox 503 243 742 276; x_wconf 79' lang='lat' dir='ltr'><strong>astronomicas</strong></span> <span class='ocrx_word' id='word_1_20' title='bbox 773 244 975 288; x_wconf 72' lang='lat' dir='ltr'><strong>distraham,</strong></span> <span class='ocrx_word' id='word_1_21' title='bbox 1013 245 1165 286; x_wconf 77' lang='lat' dir='ltr'><strong>symbola</strong></span> <span class='ocrx_word' id='word_1_22' title='bbox 1191 245 1272 281; x_wconf 79' lang='lat' dir='ltr'><strong>fecit</strong></span> <span class='ocrx_word' id='word_1_23' title='bbox 1303 255 1390 284; x_wconf 76' lang='lat' dir='ltr'><strong>vana</strong></span> <span class='ocrx_word' id='word_1_24' title='bbox 1416 249 1450 280; x_wconf 89' lang='lat' dir='ltr'><strong>et</strong></span> <span class='ocrx_word' id='word_1_25' title='bbox 1471 256 1547 279; x_wconf 77' lang='lat' dir='ltr'><strong>vere</strong></span> <span class='ocrx_word' id='word_1_26' title='bbox 1569 248 1698 288; x_wconf 78' lang='lat' dir='ltr'><strong>poiitica</strong></span> <span class='ocrx_word' id='word_1_27' title='bbox 1730 251 1795 284; x_wconf 74' lang='lat' dir='ltr'><strong>aut</strong></span> <span class='ocrx_word' id='word_1_28' title='bbox 1815 248 1933 283; x_wconf 77' lang='lat' dir='ltr'><strong>deliria</strong></span> 
     </span>
     <span class='ocr_line' id='line_1_4' title="bbox 135 295 372 320; baseline 0.013 -3"><span class='ocrx_word' id='word_1_29' title='bbox 135 295 190 318; x_wconf 89' lang='lat' dir='ltr'><strong>ma</strong></span> <span class='ocrx_word' id='word_1_30' title='bbox 229 295 302 319; x_wconf 85' lang='lat' dir='ltr'><strong>ema</strong></span> <span class='ocrx_word' id='word_1_31' title='bbox 331 295 372 320; x_wconf 87' lang='lat' dir='ltr'><strong>ca</strong></span> 
     </span>
    </p>
   </div>
   <div class='ocr_carea' id='block_1_4' title="bbox 135 356 1934 591">
    <p class='ocr_par' dir='ltr' id='par_1_4' title="bbox 135 356 1934 591">
     <span class='ocr_line' id='line_1_5' title="bbox 250 356 1934 403; baseline 0.005 -16"><span class='ocrx_word' id='word_1_32' title='bbox 250 356 290 387; x_wconf 90' lang='lat' dir='ltr'><strong>ln</strong></span> <span class='ocrx_word' id='word_1_33' title='bbox 316 356 572 399; x_wconf 56' lang='lat' dir='ltr'><strong>„replicationffl</strong></span> <span class='ocrx_word' id='word_1_34' title='bbox 598 359 770 402; x_wconf 81' lang='lat' dir='ltr'><strong>Fluddius,</strong></span> <span class='ocrx_word' id='word_1_35' title='bbox 795 360 978 401; x_wconf 83' lang='lat' dir='ltr'><strong>praemissa</strong></span> <span class='ocrx_word' id='word_1_36' title='bbox 1001 363 1194 403; x_wconf 86' lang='lat' dir='ltr'><strong>retractans,</strong></span> <span class='ocrx_word' id='word_1_37' title='bbox 1224 361 1305 393; x_wconf 90' lang='lat' dir='ltr'><strong>haec</strong></span> <span class='ocrx_word' id='word_1_38' title='bbox 1328 364 1457 393; x_wconf 75' lang='lat' dir='ltr'><strong>tantum</strong></span> <span class='ocrx_word' id='word_1_39' title='bbox 1481 359 1617 403; x_wconf 84' lang='lat' dir='ltr'><strong>Kepleri</strong></span> <span class='ocrx_word' id='word_1_40' title='bbox 1641 363 1752 394; x_wconf 82' lang='lat' dir='ltr'><strong>verbis</strong></span> <span class='ocrx_word' id='word_1_41' title='bbox 1779 364 1815 394; x_wconf 90' lang='lat' dir='ltr'><strong>in</strong></span> <span class='ocrx_word' id='word_1_42' title='bbox 1838 365 1934 395; x_wconf 85' lang='lat' dir='ltr'><strong>textu</strong></span> 
     </span>
     <span class='ocr_line' id='line_1_6' title="bbox 135 402 1933 450; baseline 0.005 -17"><span class='ocrx_word' id='word_1_43' title='bbox 135 402 254 443; x_wconf 88' lang='lat' dir='ltr'><strong>positis</strong></span> <span class='ocrx_word' id='word_1_44' title='bbox 278 404 465 444; x_wconf 84' lang='lat' dir='ltr'><strong>respoudit:</strong></span> <span class='ocrx_word' id='word_1_45' title='bbox 502 405 616 450; x_wconf 71' lang='lat' dir='ltr'><strong>DicIs,</strong></span> <span class='ocrx_word' id='word_1_46' title='bbox 648 410 681 438; x_wconf 84' lang='lat' dir='ltr'><strong>te</strong></span> <span class='ocrx_word' id='word_1_47' title='bbox 707 416 839 447; x_wconf 81' lang='lat' dir='ltr'><strong>operam</strong></span> <span class='ocrx_word' id='word_1_48' title='bbox 862 407 898 438; x_wconf 91' lang='lat' dir='ltr'><strong>in</strong></span> <span class='ocrx_word' id='word_1_49' title='bbox 924 407 1076 439; x_wconf 82' lang='lat' dir='ltr'><strong>eruendis</strong></span> <span class='ocrx_word' id='word_1_50' title='bbox 1100 408 1265 447; x_wconf 81' lang='lat' dir='ltr'><strong>mysteriis</strong></span> <span class='ocrx_word' id='word_1_51' title='bbox 1290 411 1428 440; x_wconf 79' lang='lat' dir='ltr'><strong>naturae</strong></span> <span class='ocrx_word' id='word_1_52' title='bbox 1461 417 1502 441; x_wconf 81' lang='lat' dir='ltr'><strong>ex</strong></span> <span class='ocrx_word' id='word_1_53' title='bbox 1523 410 1695 450; x_wconf 67' lang='lat' dir='ltr'><strong>poetarum</strong></span> <span class='ocrx_word' id='word_1_54' title='bbox 1718 408 1842 442; x_wconf 75' lang='lat' dir='ltr'><strong>fabulis</strong></span> <span class='ocrx_word' id='word_1_55' title='bbox 1865 416 1933 442; x_wconf 88' lang='lat' dir='ltr'><strong>non</strong></span> 
     </span>
     <span class='ocr_line' id='line_1_7' title="bbox 138 448 1930 498; baseline 0.004 -17"><span class='ocrx_word' id='word_1_56' title='bbox 138 448 278 481; x_wconf 79' lang='lat' dir='ltr'><strong>dedisse.</strong></span> <span class='ocrx_word' id='word_1_57' title='bbox 326 450 369 482; x_wconf 89' lang='lat' dir='ltr'><strong>Et</strong></span> <span class='ocrx_word' id='word_1_58' title='bbox 392 451 489 483; x_wconf 82' lang='lat' dir='ltr'><strong>facile</strong></span> <span class='ocrx_word' id='word_1_59' title='bbox 514 453 609 485; x_wconf 88' lang='lat' dir='ltr'><strong>credo</strong></span> <span class='ocrx_word' id='word_1_60' title='bbox 635 454 828 495; x_wconf 86' lang='lat' dir='ltr'><strong>scriptaque</strong></span> <span class='ocrx_word' id='word_1_61' title='bbox 850 457 911 485; x_wconf 86' lang='lat' dir='ltr'><strong>tua</strong></span> <span class='ocrx_word' id='word_1_62' title='bbox 935 457 1085 498; x_wconf 88' lang='lat' dir='ltr'><strong>narrant,</strong></span> <span class='ocrx_word' id='word_1_63' title='bbox 1119 455 1204 485; x_wconf 86' lang='lat' dir='ltr'><strong>banc</strong></span> <span class='ocrx_word' id='word_1_64' title='bbox 1228 457 1319 486; x_wconf 85' lang='lat' dir='ltr'><strong>tuam</strong></span> <span class='ocrx_word' id='word_1_65' title='bbox 1343 456 1558 487; x_wconf 75' lang='lat' dir='ltr'><strong>assertionem</strong></span> <span class='ocrx_word' id='word_1_66' title='bbox 1589 465 1656 488; x_wconf 89' lang='lat' dir='ltr'><strong>non</strong></span> <span class='ocrx_word' id='word_1_67' title='bbox 1680 465 1751 487; x_wconf 86' lang='lat' dir='ltr'><strong>esse</strong></span> <span class='ocrx_word' id='word_1_68' title='bbox 1773 457 1930 489; x_wconf 72' lang='lat' dir='ltr'><strong>fabulam.</strong></span> 
     </span>
     <span class='ocr_line' id='line_1_8' title="bbox 135 495 1932 544; baseline 0.004 -17"><span class='ocrx_word' id='word_1_69' title='bbox 135 495 266 538; x_wconf 42' lang='lat' dir='ltr'><strong>Sedlan</strong></span> <span class='ocrx_word' id='word_1_70' title='bbox 291 497 540 530; x_wconf 78' lang='lat' dir='ltr'><strong>mathematicae</strong></span> <span class='ocrx_word' id='word_1_71' title='bbox 563 503 640 532; x_wconf 86' lang='lat' dir='ltr'><strong>tuae</strong></span> <span class='ocrx_word' id='word_1_72' title='bbox 665 500 962 540; x_wconf 81' lang='lat' dir='ltr'><strong>demonstrationes</strong></span> <span class='ocrx_word' id='word_1_73' title='bbox 987 501 1055 532; x_wconf 88' lang='lat' dir='ltr'><strong>sint</strong></span> <span class='ocrx_word' id='word_1_74' title='bbox 1078 502 1215 532; x_wconf 81' lang='lat' dir='ltr'><strong>veritate</strong></span> <span class='ocrx_word' id='word_1_75' title='bbox 1239 502 1301 532; x_wconf 92' lang='lat' dir='ltr'><strong>sub</strong></span> <span class='ocrx_word' id='word_1_76' title='bbox 1325 499 1447 533; x_wconf 80' lang='lat' dir='ltr'><strong>fabulis</strong></span> <span class='ocrx_word' id='word_1_77' title='bbox 1459 502 1631 544; x_wconf 67' lang='lat' dir='ltr'><strong>poetarum</strong></span> <span class='ocrx_word' id='word_1_78' title='bbox 1657 501 1838 535; x_wconf 69' lang='lat' dir='ltr'><strong>occultatae</strong></span> <span class='ocrx_word' id='word_1_79' title='bbox 1862 512 1932 535; x_wconf 89' lang='lat' dir='ltr'><strong>cer-</strong></span> 
     </span>
     <span class='ocr_line' id='line_1_9' title="bbox 137 543 1082 591; baseline 0.005 -18"><span class='ocrx_word' id='word_1_80' title='bbox 137 543 240 574; x_wconf 88' lang='lat' dir='ltr'><strong>tiores</strong></span> <span class='ocrx_word' id='word_1_81' title='bbox 265 552 385 586; x_wconf 90' lang='lat' dir='ltr'><strong>necne,</strong></span> <span class='ocrx_word' id='word_1_82' title='bbox 410 545 465 576; x_wconf 87' lang='lat' dir='ltr'><strong>hic</strong></span> <span class='ocrx_word' id='word_1_83' title='bbox 489 545 600 591; x_wconf 86' lang='lat' dir='ltr'><strong>labor,</strong></span> <span class='ocrx_word' id='word_1_84' title='bbox 625 547 688 579; x_wconf 90' lang='lat' dir='ltr'><strong>hoc</strong></span> <span class='ocrx_word' id='word_1_85' title='bbox 713 556 796 589; x_wconf 86' lang='lat' dir='ltr'><strong>opus</strong></span> <span class='ocrx_word' id='word_1_86' title='bbox 821 550 871 578; x_wconf 89' lang='lat' dir='ltr'><strong>est</strong></span> <span class='ocrx_word' id='word_1_87' title='bbox 895 547 1082 588; x_wconf 83' lang='lat' dir='ltr'><strong>depingere.</strong></span> 
     </span>
    </p>
   </div>
   <div class='ocr_carea' id='block_1_5' title="bbox 135 612 1973 2097">
    <p class='ocr_par' dir='ltr' id='par_1_5' title="bbox 135 612 1973 2097">
     <span class='ocr_line' id='line_1_10' title="bbox 228 612 1932 660; baseline 0.002 -13"><span class='ocrx_word' id='word_1_88' title='bbox 228 612 285 656; x_wconf 76' lang='lat'><strong>52)</strong></span> <span class='ocrx_word' id='word_1_89' title='bbox 310 623 385 654; x_wconf 74' lang='lat' dir='ltr'><strong>pag.</strong></span> <span class='ocrx_word' id='word_1_90' title='bbox 409 617 490 649; x_wconf 76' lang='lat'><strong>448.</strong></span> <span class='ocrx_word' id='word_1_91' title='bbox 537 617 582 649; x_wconf 92' lang='lat' dir='ltr'><strong>Ut</strong></span> <span class='ocrx_word' id='word_1_92' title='bbox 606 618 708 650; x_wconf 88' lang='lat' dir='ltr'><strong>lector</strong></span> <span class='ocrx_word' id='word_1_93' title='bbox 731 618 863 658; x_wconf 82' lang='lat' dir='ltr'><strong>habeat,</strong></span> <span class='ocrx_word' id='word_1_94' title='bbox 889 627 955 660; x_wconf 89' lang='lat' dir='ltr'><strong>quo</strong></span> <span class='ocrx_word' id='word_1_95' title='bbox 983 618 1322 657; x_wconf 63' lang='lat' dir='ltr'><strong>„Bosaecrueooruffl</strong></span> <span class='ocrx_word' id='word_1_96' title='bbox 1342 618 1515 659; x_wconf 79' lang='lat' dir='ltr'><strong>opiniones</strong></span> <span class='ocrx_word' id='word_1_97' title='bbox 1538 618 1710 659; x_wconf 66' lang='lat' dir='ltr'><strong>dijudicet,</strong></span> <span class='ocrx_word' id='word_1_98' title='bbox 1733 619 1834 651; x_wconf 82' lang='lat' dir='ltr'><strong>verba</strong></span> <span class='ocrx_word' id='word_1_99' title='bbox 1854 627 1932 660; x_wconf 75' lang='lat' dir='ltr'><strong>pro-</strong></span> 
     </span>
     <span class='ocr_line' id='line_1_11' title="bbox 135 660 1931 708; baseline 0.003 -16"><span class='ocrx_word' id='word_1_100' title='bbox 135 660 290 699; x_wconf 78' lang='lat' dir='ltr'><strong>ponimus</strong></span> <span class='ocrx_word' id='word_1_101' title='bbox 315 661 470 702; x_wconf 75' lang='lat' dir='ltr'><strong>Fluddii,</strong></span> <span class='ocrx_word' id='word_1_102' title='bbox 507 673 594 705; x_wconf 83' lang='lat' dir='ltr'><strong>quae</strong></span> <span class='ocrx_word' id='word_1_103' title='bbox 618 664 781 705; x_wconf 83' lang='lat' dir='ltr'><strong>Keplerus</strong></span> <span class='ocrx_word' id='word_1_104' title='bbox 806 665 842 696; x_wconf 89' lang='lat' dir='ltr'><strong>in</strong></span> <span class='ocrx_word' id='word_1_105' title='bbox 867 665 979 696; x_wconf 82' lang='lat' dir='ltr'><strong>animo</strong></span> <span class='ocrx_word' id='word_1_106' title='bbox 1005 665 1140 704; x_wconf 80' lang='lat' dir='ltr'><strong>babuit,</strong></span> <span class='ocrx_word' id='word_1_107' title='bbox 1175 674 1249 697; x_wconf 88' lang='lat' dir='ltr'><strong>cum</strong></span> <span class='ocrx_word' id='word_1_108' title='bbox 1274 674 1333 707; x_wconf 87' lang='lat' dir='ltr'><strong>ea,</strong></span> <span class='ocrx_word' id='word_1_109' title='bbox 1369 674 1456 707; x_wconf 81' lang='lat' dir='ltr'><strong>quae</strong></span> <span class='ocrx_word' id='word_1_110' title='bbox 1483 668 1595 697; x_wconf 83' lang='lat' dir='ltr'><strong>textus</strong></span> <span class='ocrx_word' id='word_1_111' title='bbox 1619 665 1739 708; x_wconf 78' lang='lat' dir='ltr'><strong>habet,</strong></span> <span class='ocrx_word' id='word_1_112' title='bbox 1763 665 1931 699; x_wconf 78' lang='lat' dir='ltr'><strong>scriberet.</strong></span> 
     </span>
     <span class='ocr_line' id='line_1_12' title="bbox 135 705 1932 753; baseline 0.003 -14"><span class='ocrx_word' id='word_1_113' title='bbox 135 705 237 739; x_wconf 85' lang='lat' dir='ltr'><strong>Hanc</strong></span> <span class='ocrx_word' id='word_1_114' title='bbox 259 709 399 751; x_wconf 86' lang='lat' dir='ltr'><strong>numeri,</strong></span> <span class='ocrx_word' id='word_1_115' title='bbox 426 710 540 751; x_wconf 86' lang='lat' dir='ltr'><strong>inquit</strong></span> <span class='ocrx_word' id='word_1_116' title='bbox 562 710 726 743; x_wconf 83' lang='lat' dir='ltr'><strong>Fluddius</strong></span> <span class='ocrx_word' id='word_1_117' title='bbox 750 713 787 743; x_wconf 89' lang='lat' dir='ltr'><strong>in</strong></span> <span class='ocrx_word' id='word_1_118' title='bbox 811 711 1028 751; x_wconf 81' lang='lat' dir='ltr'><strong>„Discursu“,</strong></span> <span class='ocrx_word' id='word_1_119' title='bbox 1053 713 1196 752; x_wconf 89' lang='lat' dir='ltr'><strong>speciem</strong></span> <span class='ocrx_word' id='word_1_120' title='bbox 1220 712 1286 752; x_wconf 88' lang='lat' dir='ltr'><strong>ipsi</strong></span> <span class='ocrx_word' id='word_1_121' title='bbox 1309 710 1515 753; x_wconf 82' lang='lat' dir='ltr'><strong>(philosophi</strong></span> <span class='ocrx_word' id='word_1_122' title='bbox 1538 712 1774 753; x_wconf 76' lang='lat' dir='ltr'><strong>sapientiores,</strong></span> <span class='ocrx_word' id='word_1_123' title='bbox 1797 712 1932 748; x_wconf 79' lang='lat' dir='ltr'><strong>Themi—</strong></span> 
     </span>
     <span class='ocr_line' id='line_1_13' title="bbox 136 754 1950 801; baseline 0.003 -17"><span class='ocrx_word' id='word_1_124' title='bbox 136 754 230 796; x_wconf 88' lang='lat' dir='ltr'><strong>stius‚</strong></span> <span class='ocrx_word' id='word_1_125' title='bbox 257 754 475 799; x_wconf 71' lang='lat' dir='ltr'><strong>Pythagoras,</strong></span> <span class='ocrx_word' id='word_1_126' title='bbox 500 756 597 789; x_wconf 87' lang='lat' dir='ltr'><strong>Plato</strong></span> <span class='ocrx_word' id='word_1_127' title='bbox 624 756 697 801; x_wconf 87' lang='lat' dir='ltr'><strong>etc.)</strong></span> <span class='ocrx_word' id='word_1_128' title='bbox 722 757 920 798; x_wconf 80' lang='lat' dir='ltr'><strong>naturalem,</strong></span> <span class='ocrx_word' id='word_1_129' title='bbox 944 757 1114 790; x_wconf 82' lang='lat' dir='ltr'><strong>formalem</strong></span> <span class='ocrx_word' id='word_1_130' title='bbox 1140 762 1172 790; x_wconf 84' lang='lat' dir='ltr'><strong>et</strong></span> <span class='ocrx_word' id='word_1_131' title='bbox 1197 757 1394 791; x_wconf 83' lang='lat' dir='ltr'><strong>rationalem</strong></span> <span class='ocrx_word' id='word_1_132' title='bbox 1417 762 1630 799; x_wconf 81' lang='lat' dir='ltr'><strong>vocaverunt.</strong></span> <span class='ocrx_word' id='word_1_133' title='bbox 1655 768 1695 790; x_wconf 84' lang='lat' dir='ltr'><strong>ex</strong></span> <span class='ocrx_word' id='word_1_134' title='bbox 1720 767 1787 799; x_wconf 83' lang='lat' dir='ltr'><strong>quo</strong></span> <span class='ocrx_word' id='word_1_135' title='bbox 1811 767 1950 799; x_wconf 58' lang='lat' dir='ltr'><strong>numnev</strong></span> 
     </span>
     <span class='ocr_line' id='line_1_14' title="bbox 135 800 1933 846; baseline 0.003 -15"><span class='ocrx_word' id='word_1_136' title='bbox 135 800 299 833; x_wconf 81' lang='lat' dir='ltr'><strong>miracula</strong></span> <span class='ocrx_word' id='word_1_137' title='bbox 331 805 400 834; x_wconf 85' lang='lat' dir='ltr'><strong>tam</strong></span> <span class='ocrx_word' id='word_1_138' title='bbox 430 804 466 834; x_wconf 91' lang='lat' dir='ltr'><strong>in</strong></span> <span class='ocrx_word' id='word_1_139' title='bbox 500 804 642 846; x_wconf 88' lang='lat' dir='ltr'><strong>divinis,</strong></span> <span class='ocrx_word' id='word_1_140' title='bbox 677 814 777 844; x_wconf 86' lang='lat' dir='ltr'><strong>quam</strong></span> <span class='ocrx_word' id='word_1_141' title='bbox 800 804 1008 837; x_wconf 78' lang='lat' dir='ltr'><strong>naturalibus</strong></span> <span class='ocrx_word' id='word_1_142' title='bbox 1036 809 1173 845; x_wconf 85' lang='lat' dir='ltr'><strong>peracta</strong></span> <span class='ocrx_word' id='word_1_143' title='bbox 1196 810 1283 837; x_wconf 87' lang='lat' dir='ltr'><strong>sunt.</strong></span> <span class='ocrx_word' id='word_1_144' title='bbox 1334 805 1386 837; x_wconf 82' lang='lat' dir='ltr'><strong>Ex</strong></span> <span class='ocrx_word' id='word_1_145' title='bbox 1421 805 1611 845; x_wconf 76' lang='lat' dir='ltr'><strong>huiusmodi</strong></span> <span class='ocrx_word' id='word_1_146' title='bbox 1634 806 1778 840; x_wconf 85' lang='lat' dir='ltr'><strong>numeris</strong></span> <span class='ocrx_word' id='word_1_147' title='bbox 1803 809 1933 846; x_wconf 80' lang='lat' dir='ltr'><strong>tempus</strong></span> 
     </span>
     <span class='ocr_line' id='line_1_15' title="bbox 137 847 1933 893; baseline 0.003 -15"><span class='ocrx_word' id='word_1_148' title='bbox 137 847 270 886; x_wconf 87' lang='lat' dir='ltr'><strong>quidem</strong></span> <span class='ocrx_word' id='word_1_149' title='bbox 296 853 428 881; x_wconf 85' lang='lat' dir='ltr'><strong>constat</strong></span> <span class='ocrx_word' id='word_1_150' title='bbox 451 851 623 891; x_wconf 87' lang='lat' dir='ltr'><strong>omnisque</strong></span> <span class='ocrx_word' id='word_1_151' title='bbox 655 855 763 884; x_wconf 89' lang='lat' dir='ltr'><strong>motus</strong></span> <span class='ocrx_word' id='word_1_152' title='bbox 798 855 831 882; x_wconf 87' lang='lat' dir='ltr'><strong>ct</strong></span> <span class='ocrx_word' id='word_1_153' title='bbox 853 852 960 892; x_wconf 84' lang='lat' dir='ltr'><strong>actio,</strong></span> <span class='ocrx_word' id='word_1_154' title='bbox 997 861 1084 891; x_wconf 85' lang='lat' dir='ltr'><strong>quae</strong></span> <span class='ocrx_word' id='word_1_155' title='bbox 1107 852 1151 884; x_wconf 91' lang='lat' dir='ltr'><strong>ad</strong></span> <span class='ocrx_word' id='word_1_156' title='bbox 1175 857 1305 893; x_wconf 82' lang='lat' dir='ltr'><strong>tempus</strong></span> <span class='ocrx_word' id='word_1_157' title='bbox 1329 855 1504 892; x_wconf 83' lang='lat' dir='ltr'><strong>aptantur,</strong></span> <span class='ocrx_word' id='word_1_158' title='bbox 1539 852 1660 892; x_wconf 84' lang='lat' dir='ltr'><strong>quibus</strong></span> <span class='ocrx_word' id='word_1_159' title='bbox 1695 853 1795 886; x_wconf 75' lang='lat' dir='ltr'><strong>etiam</strong></span> <span class='ocrx_word' id='word_1_160' title='bbox 1819 853 1933 884; x_wconf 88' lang='lat' dir='ltr'><strong>omnia</strong></span> 
     </span>
     <span class='ocr_line' id='line_1_16' title="bbox 138 893 1933 942; baseline 0.004 -18"><span class='ocrx_word' id='word_1_161' title='bbox 138 893 336 938; x_wconf 82' lang='lat' dir='ltr'><strong>referuntur,</strong></span> <span class='ocrx_word' id='word_1_162' title='bbox 362 905 449 935; x_wconf 86' lang='lat' dir='ltr'><strong>quae</strong></span> <span class='ocrx_word' id='word_1_163' title='bbox 472 899 613 938; x_wconf 83' lang='lat' dir='ltr'><strong>tempori</strong></span> <span class='ocrx_word' id='word_1_164' title='bbox 638 902 671 930; x_wconf 90' lang='lat' dir='ltr'><strong>et</strong></span> <span class='ocrx_word' id='word_1_165' title='bbox 693 899 799 930; x_wconf 88' lang='lat' dir='ltr'><strong>motui</strong></span> <span class='ocrx_word' id='word_1_166' title='bbox 825 899 975 937; x_wconf 74' lang='lat' dir='ltr'><strong>subjecta</strong></span> <span class='ocrx_word' id='word_1_167' title='bbox 998 901 1086 931; x_wconf 88' lang='lat' dir='ltr'><strong>sunt.</strong></span> <span class='ocrx_word' id='word_1_168' title='bbox 1134 899 1196 930; x_wconf 90' lang='lat' dir='ltr'><strong>Per</strong></span> <span class='ocrx_word' id='word_1_169' title='bbox 1213 899 1271 931; x_wconf 88' lang='lat' dir='ltr'><strong>hos</strong></span> <span class='ocrx_word' id='word_1_170' title='bbox 1295 907 1460 940; x_wconf 77' lang='lat' dir='ltr'><strong>numeros,</strong></span> <span class='ocrx_word' id='word_1_171' title='bbox 1485 908 1561 942; x_wconf 80' lang='lat' dir='ltr'><strong>vere</strong></span> <span class='ocrx_word' id='word_1_172' title='bbox 1577 907 1694 931; x_wconf 78' lang='lat' dir='ltr'><strong>aureos</strong></span> <span class='ocrx_word' id='word_1_173' title='bbox 1715 902 1750 930; x_wconf 83' lang='lat' dir='ltr'><strong>et</strong></span> <span class='ocrx_word' id='word_1_174' title='bbox 1764 897 1933 941; x_wconf 76' lang='lat' dir='ltr'><strong>formales,</strong></span> 
     </span>
     <span class='ocr_line' id='line_1_17' title="bbox 137 945 1932 987; baseline 0.003 -15"><span class='ocrx_word' id='word_1_175' title='bbox 137 945 314 974; x_wconf 72' lang='lat' dir='ltr'><strong>concentus</strong></span> <span class='ocrx_word' id='word_1_176' title='bbox 349 946 383 974; x_wconf 90' lang='lat' dir='ltr'><strong>et</strong></span> <span class='ocrx_word' id='word_1_177' title='bbox 414 953 511 976; x_wconf 83' lang='lat' dir='ltr'><strong>voces</strong></span> <span class='ocrx_word' id='word_1_178' title='bbox 547 945 583 976; x_wconf 86' lang='lat' dir='ltr'><strong>in</strong></span> <span class='ocrx_word' id='word_1_179' title='bbox 619 946 748 978; x_wconf 84' lang='lat' dir='ltr'><strong>musica</strong></span> <span class='ocrx_word' id='word_1_180' title='bbox 781 946 1030 985; x_wconf 82' lang='lat' dir='ltr'><strong>proportionem</strong></span> <span class='ocrx_word' id='word_1_181' title='bbox 1059 945 1185 977; x_wconf 86' lang='lat' dir='ltr'><strong>habent</strong></span> <span class='ocrx_word' id='word_1_182' title='bbox 1215 950 1248 977; x_wconf 90' lang='lat' dir='ltr'><strong>et</strong></span> <span class='ocrx_word' id='word_1_183' title='bbox 1279 949 1451 985; x_wconf 46' lang='lat' dir='ltr'><strong>consterna</strong></span> <span class='ocrx_word' id='word_1_184' title='bbox 1488 945 1632 985; x_wconf 86' lang='lat' dir='ltr'><strong>denique</strong></span> <span class='ocrx_word' id='word_1_185' title='bbox 1663 954 1776 980; x_wconf 79' lang='lat' dir='ltr'><strong>omnes</strong></span> <span class='ocrx_word' id='word_1_186' title='bbox 1806 945 1932 987; x_wconf 78' lang='lat' dir='ltr'><strong>species</strong></span> 
     </span>
     <span class='ocr_line' id='line_1_18' title="bbox 136 987 1933 1034; baseline 0.003 -16"><span class='ocrx_word' id='word_1_187' title='bbox 136 987 340 1022; x_wconf 78' lang='lat' dir='ltr'><strong>naturalium</strong></span> <span class='ocrx_word' id='word_1_188' title='bbox 365 993 398 1021; x_wconf 90' lang='lat' dir='ltr'><strong>et</strong></span> <span class='ocrx_word' id='word_1_189' title='bbox 422 1000 551 1034; x_wconf 86' lang='lat' dir='ltr'><strong>eorum,</strong></span> <span class='ocrx_word' id='word_1_190' title='bbox 589 1000 674 1032; x_wconf 85' lang='lat' dir='ltr'><strong>quae</strong></span> <span class='ocrx_word' id='word_1_191' title='bbox 699 1000 800 1033; x_wconf 87' lang='lat' dir='ltr'><strong>supra</strong></span> <span class='ocrx_word' id='word_1_192' title='bbox 823 995 978 1023; x_wconf 84' lang='lat' dir='ltr'><strong>naturam</strong></span> <span class='ocrx_word' id='word_1_193' title='bbox 1002 995 1098 1034; x_wconf 91' lang='lat' dir='ltr'><strong>sunt,</strong></span> <span class='ocrx_word' id='word_1_194' title='bbox 1127 993 1273 1023; x_wconf 86' lang='lat' dir='ltr'><strong>numeris</strong></span> <span class='ocrx_word' id='word_1_195' title='bbox 1299 992 1397 1025; x_wconf 85' lang='lat' dir='ltr'><strong>certis</strong></span> <span class='ocrx_word' id='word_1_196' title='bbox 1426 991 1623 1024; x_wconf 77' lang='lat' dir='ltr'><strong>formalibus</strong></span> <span class='ocrx_word' id='word_1_197' title='bbox 1654 993 1933 1032; x_wconf 73' lang='lat' dir='ltr'><strong>constringuntur.</strong></span> 
     </span>
     <span class='ocr_line' id='line_1_19' title="bbox 136 1033 1929 1082; baseline 0.002 -16"><span class='ocrx_word' id='word_1_198' title='bbox 136 1033 267 1067; x_wconf 88' lang='lat' dir='ltr'><strong>Horum</strong></span> <span class='ocrx_word' id='word_1_199' title='bbox 293 1045 503 1069; x_wconf 88' lang='lat' dir='ltr'><strong>numerorum</strong></span> <span class='ocrx_word' id='word_1_200' title='bbox 532 1039 737 1070; x_wconf 88' lang='lat' dir='ltr'><strong>occultorum</strong></span> <span class='ocrx_word' id='word_1_201' title='bbox 761 1039 956 1078; x_wconf 84' lang='lat' dir='ltr'><strong>mysterium</strong></span> <span class='ocrx_word' id='word_1_202' title='bbox 989 1039 1111 1079; x_wconf 89' lang='lat' dir='ltr'><strong>optime</strong></span> <span class='ocrx_word' id='word_1_203' title='bbox 1143 1042 1368 1078; x_wconf 82' lang='lat' dir='ltr'><strong>cognoverunt</strong></span> <span class='ocrx_word' id='word_1_204' title='bbox 1397 1036 1451 1070; x_wconf 89' lang='lat' dir='ltr'><strong>illi</strong></span> <span class='ocrx_word' id='word_1_205' title='bbox 1486 1038 1646 1070; x_wconf 83' lang='lat' dir='ltr'><strong>scientiae</strong></span> <span class='ocrx_word' id='word_1_206' title='bbox 1681 1037 1929 1082; x_wconf 78' lang='lat' dir='ltr'><strong>consultissimi,</strong></span> 
     </span>
     <span class='ocr_line' id='line_1_20' title="bbox 140 1082 1931 1134; baseline 0.002 -22"><span class='ocrx_word' id='word_1_207' title='bbox 140 1082 199 1120; x_wconf 90' lang='lat' dir='ltr'><strong>qui</strong></span> <span class='ocrx_word' id='word_1_208' title='bbox 223 1082 399 1115; x_wconf 83' lang='lat' dir='ltr'><strong>Monadem</strong></span> <span class='ocrx_word' id='word_1_209' title='bbox 431 1093 489 1115; x_wconf 88' lang='lat' dir='ltr'><strong>seu</strong></span> <span class='ocrx_word' id='word_1_210' title='bbox 514 1085 678 1118; x_wconf 85' lang='lat' dir='ltr'><strong>unitatem</strong></span> <span class='ocrx_word' id='word_1_211' title='bbox 704 1085 814 1127; x_wconf 81' lang='lat' dir='ltr'><strong>opifici</strong></span> <span class='ocrx_word' id='word_1_212' title='bbox 839 1085 928 1127; x_wconf 90' lang='lat' dir='ltr'><strong>Deo,</strong></span> <span class='ocrx_word' id='word_1_213' title='bbox 954 1085 1106 1125; x_wconf 87' lang='lat' dir='ltr'><strong>Dyadem</strong></span> <span class='ocrx_word' id='word_1_214' title='bbox 1139 1095 1197 1117; x_wconf 89' lang='lat' dir='ltr'><strong>seu</strong></span> <span class='ocrx_word' id='word_1_215' title='bbox 1222 1084 1421 1117; x_wconf 81' lang='lat' dir='ltr'><strong>dualitatem</strong></span> <span class='ocrx_word' id='word_1_216' title='bbox 1437 1085 1604 1117; x_wconf 71' lang='lat' dir='ltr'><strong>materiae</strong></span> <span class='ocrx_word' id='word_1_217' title='bbox 1628 1094 1771 1134; x_wconf 89' lang='lat' dir='ltr'><strong>aqueae,</strong></span> <span class='ocrx_word' id='word_1_218' title='bbox 1795 1095 1836 1117; x_wconf 86' lang='lat' dir='ltr'><strong>ac</strong></span> <span class='ocrx_word' id='word_1_219' title='bbox 1859 1088 1931 1116; x_wconf 91' lang='lat' dir='ltr'><strong>tnm</strong></span> 
     </span>
     <span class='ocr_line' id='line_1_21' title="bbox 138 1129 1933 1175; baseline 0.002 -16"><span class='ocrx_word' id='word_1_220' title='bbox 138 1131 256 1168; x_wconf 87' lang='lat' dir='ltr'><strong>postea</strong></span> <span class='ocrx_word' id='word_1_221' title='bbox 280 1129 436 1162; x_wconf 83' lang='lat' dir='ltr'><strong>Triadem</strong></span> <span class='ocrx_word' id='word_1_222' title='bbox 460 1131 583 1163; x_wconf 85' lang='lat' dir='ltr'><strong>formae</strong></span> <span class='ocrx_word' id='word_1_223' title='bbox 608 1142 667 1164; x_wconf 88' lang='lat' dir='ltr'><strong>seu</strong></span> <span class='ocrx_word' id='word_1_224' title='bbox 690 1131 761 1164; x_wconf 89' lang='lat' dir='ltr'><strong>luci</strong></span> <span class='ocrx_word' id='word_1_225' title='bbox 785 1134 818 1163; x_wconf 88' lang='lat' dir='ltr'><strong>et</strong></span> <span class='ocrx_word' id='word_1_226' title='bbox 838 1133 974 1165; x_wconf 78' lang='lat' dir='ltr'><strong>animae</strong></span> <span class='ocrx_word' id='word_1_227' title='bbox 998 1132 1177 1163; x_wconf 85' lang='lat' dir='ltr'><strong>universali</strong></span> <span class='ocrx_word' id='word_1_228' title='bbox 1207 1129 1446 1175; x_wconf 80' lang='lat' dir='ltr'><strong>attribuerunt,</strong></span> <span class='ocrx_word' id='word_1_229' title='bbox 1484 1140 1585 1171; x_wconf 89' lang='lat' dir='ltr'><strong>quam</strong></span> <span class='ocrx_word' id='word_1_230' title='bbox 1607 1132 1768 1172; x_wconf 80' lang='lat' dir='ltr'><strong>virginem</strong></span> <span class='ocrx_word' id='word_1_231' title='bbox 1790 1140 1933 1164; x_wconf 81' lang='lat' dir='ltr'><strong>vocave-</strong></span> 
     </span>
     <span class='ocr_line' id='line_1_22' title="bbox 138 1176 1933 1220; baseline 0.002 -14"><span class='ocrx_word' id='word_1_232' title='bbox 138 1178 227 1208; x_wconf 88' lang='lat' dir='ltr'><strong>runt.</strong></span> <span class='ocrx_word' id='word_1_233' title='bbox 275 1176 321 1208; x_wconf 86' lang='lat' dir='ltr'><strong>Hi</strong></span> <span class='ocrx_word' id='word_1_234' title='bbox 354 1181 465 1209; x_wconf 86' lang='lat' dir='ltr'><strong>autem</strong></span> <span class='ocrx_word' id='word_1_235' title='bbox 501 1182 578 1210; x_wconf 86' lang='lat' dir='ltr'><strong>sunt</strong></span> <span class='ocrx_word' id='word_1_236' title='bbox 612 1180 741 1211; x_wconf 90' lang='lat' dir='ltr'><strong>numeri</strong></span> <span class='ocrx_word' id='word_1_237' title='bbox 773 1177 827 1209; x_wconf 88' lang='lat' dir='ltr'><strong>illi</strong></span> <span class='ocrx_word' id='word_1_238' title='bbox 860 1182 925 1210; x_wconf 89' lang='lat' dir='ltr'><strong>tres</strong></span> <span class='ocrx_word' id='word_1_239' title='bbox 960 1179 1050 1218; x_wconf 86' lang='lat' dir='ltr'><strong>ignei</strong></span> <span class='ocrx_word' id='word_1_240' title='bbox 1087 1183 1119 1210; x_wconf 88' lang='lat' dir='ltr'><strong>et</strong></span> <span class='ocrx_word' id='word_1_241' title='bbox 1142 1177 1314 1219; x_wconf 82' lang='lat' dir='ltr'><strong>formales,</strong></span> <span class='ocrx_word' id='word_1_242' title='bbox 1353 1180 1412 1218; x_wconf 90' lang='lat' dir='ltr'><strong>qui</strong></span> <span class='ocrx_word' id='word_1_243' title='bbox 1441 1179 1585 1219; x_wconf 87' lang='lat' dir='ltr'><strong>primum</strong></span> <span class='ocrx_word' id='word_1_244' title='bbox 1620 1188 1641 1209; x_wconf 85' lang='lat' dir='ltr'><strong>a</strong></span> <span class='ocrx_word' id='word_1_245' title='bbox 1670 1178 1933 1220; x_wconf 83' lang='lat' dir='ltr'><strong>proprietatibus</strong></span> 
     </span>
     <span class='ocr_line' id='line_1_23' title="bbox 142 1222 1932 1266; baseline 0.002 -13"><span class='ocrx_word' id='word_1_246' title='bbox 142 1222 175 1254; x_wconf 90' lang='lat' dir='ltr'><strong>S.</strong></span> <span class='ocrx_word' id='word_1_247' title='bbox 202 1222 234 1254; x_wconf 89' lang='lat' dir='ltr'><strong>S.</strong></span> <span class='ocrx_word' id='word_1_248' title='bbox 260 1223 434 1255; x_wconf 83' lang='lat' dir='ltr'><strong>Trinitatis</strong></span> <span class='ocrx_word' id='word_1_249' title='bbox 460 1223 658 1257; x_wconf 83' lang='lat' dir='ltr'><strong>effluxerunt</strong></span> <span class='ocrx_word' id='word_1_250' title='bbox 687 1226 732 1257; x_wconf 89' lang='lat' dir='ltr'><strong>ad</strong></span> <span class='ocrx_word' id='word_1_251' title='bbox 755 1225 872 1256; x_wconf 91' lang='lat' dir='ltr'><strong>mundi</strong></span> <span class='ocrx_word' id='word_1_252' title='bbox 895 1225 1068 1259; x_wconf 79' lang='lat' dir='ltr'><strong>fabricam.</strong></span> <span class='ocrx_word' id='word_1_253' title='bbox 1118 1224 1262 1256; x_wconf 82' lang='lat' dir='ltr'><strong>Materia</strong></span> <span class='ocrx_word' id='word_1_254' title='bbox 1293 1226 1380 1257; x_wconf 86' lang='lat' dir='ltr'><strong>enim</strong></span> <span class='ocrx_word' id='word_1_255' title='bbox 1411 1234 1520 1265; x_wconf 80' lang='lat' dir='ltr'><strong>aquea</strong></span> <span class='ocrx_word' id='word_1_256' title='bbox 1543 1225 1687 1266; x_wconf 85' lang='lat' dir='ltr'><strong>Spiritus</strong></span> <span class='ocrx_word' id='word_1_257' title='bbox 1711 1225 1828 1256; x_wconf 80' lang='lat' dir='ltr'><strong>Divini</strong></span> <span class='ocrx_word' id='word_1_258' title='bbox 1856 1223 1932 1264; x_wconf 88' lang='lat' dir='ltr'><strong>glu—</strong></span> 
     </span>
     <span class='ocr_line' id='line_1_24' title="bbox 140 1269 1932 1314; baseline 0.002 -15"><span class='ocrx_word' id='word_1_259' title='bbox 140 1269 209 1300; x_wconf 86' lang='lat' dir='ltr'><strong>tine</strong></span> <span class='ocrx_word' id='word_1_260' title='bbox 234 1279 307 1301; x_wconf 89' lang='lat' dir='ltr'><strong>cum</strong></span> <span class='ocrx_word' id='word_1_261' title='bbox 324 1269 431 1302; x_wconf 89' lang='lat' dir='ltr'><strong>forma</strong></span> <span class='ocrx_word' id='word_1_262' title='bbox 453 1271 568 1303; x_wconf 88' lang='lat' dir='ltr'><strong>lucida</strong></span> <span class='ocrx_word' id='word_1_263' title='bbox 594 1273 804 1312; x_wconf 86' lang='lat' dir='ltr'><strong>conjungitur</strong></span> <span class='ocrx_word' id='word_1_264' title='bbox 828 1275 861 1303; x_wconf 88' lang='lat' dir='ltr'><strong>et</strong></span> <span class='ocrx_word' id='word_1_265' title='bbox 884 1276 1021 1303; x_wconf 84' lang='lat' dir='ltr'><strong>vocatur</strong></span> <span class='ocrx_word' id='word_1_266' title='bbox 1046 1271 1200 1314; x_wconf 78' lang='lat' dir='ltr'><strong>eoelum,</strong></span> <span class='ocrx_word' id='word_1_267' title='bbox 1232 1276 1311 1303; x_wconf 84' lang='lat' dir='ltr'><strong>tunc</strong></span> <span class='ocrx_word' id='word_1_268' title='bbox 1335 1272 1462 1303; x_wconf 90' lang='lat' dir='ltr'><strong>homini</strong></span> <span class='ocrx_word' id='word_1_269' title='bbox 1486 1273 1623 1311; x_wconf 82' lang='lat' dir='ltr'><strong>eJ&#39;nsque</strong></span> <span class='ocrx_word' id='word_1_270' title='bbox 1647 1273 1735 1303; x_wconf 86' lang='lat' dir='ltr'><strong>vitae</strong></span> <span class='ocrx_word' id='word_1_271' title='bbox 1758 1271 1932 1304; x_wconf 82' lang='lat' dir='ltr'><strong>chadem</strong></span> 
     </span>
     <span class='ocr_line' id='line_1_25' title="bbox 139 1315 1973 1362; baseline 0.001 -15"><span class='ocrx_word' id='word_1_272' title='bbox 139 1319 172 1347; x_wconf 87' lang='lat' dir='ltr'><strong>et</strong></span> <span class='ocrx_word' id='word_1_273' title='bbox 195 1315 393 1359; x_wconf 86' lang='lat' dir='ltr'><strong>Heptadem,</strong></span> <span class='ocrx_word' id='word_1_274' title='bbox 418 1318 561 1357; x_wconf 87' lang='lat' dir='ltr'><strong>denique</strong></span> <span class='ocrx_word' id='word_1_275' title='bbox 583 1319 783 1351; x_wconf 84' lang='lat' dir='ltr'><strong>Enneadem.</strong></span> <span class='ocrx_word' id='word_1_276' title='bbox 801 1319 954 1351; x_wconf 85' lang='lat' dir='ltr'><strong>omnibus</strong></span> <span class='ocrx_word' id='word_1_277' title='bbox 980 1319 1150 1352; x_wconf 84' lang='lat' dir='ltr'><strong>creaturis.</strong></span> <span class='ocrx_word' id='word_1_278' title='bbox 1198 1319 1285 1351; x_wconf 87' lang='lat' dir='ltr'><strong>Hine</strong></span> <span class='ocrx_word' id='word_1_279' title='bbox 1302 1319 1436 1358; x_wconf 88' lang='lat' dir='ltr'><strong>quidem</strong></span> <span class='ocrx_word' id='word_1_280' title='bbox 1451 1327 1606 1350; x_wconf 86' lang='lat' dir='ltr'><strong>numerus</strong></span> <span class='ocrx_word' id='word_1_281' title='bbox 1625 1318 1792 1362; x_wconf 81' lang='lat' dir='ltr'><strong>denarius,</strong></span> <span class='ocrx_word' id='word_1_282' title='bbox 1818 1327 1932 1350; x_wconf 88' lang='lat' dir='ltr'><strong>omnes</strong></span> <span class='ocrx_word' id='word_1_283' title='bbox 1969 1338 1973 1339; x_wconf 18' lang='grc' dir='ltr'><em>γ</em></span> 
     </span>
     <span class='ocr_line' id='line_1_26' title="bbox 138 1362 1931 1408; baseline 0.002 -16"><span class='ocrx_word' id='word_1_284' title='bbox 138 1371 206 1393; x_wconf 90' lang='grc'><strong>11011</strong></span> <span class='ocrx_word' id='word_1_285' title='bbox 229 1363 327 1395; x_wconf 83' lang='grc' dir='ltr'><strong>1110ᾶο</strong></span> <span class='ocrx_word' id='word_1_286' title='bbox 354 1362 470 1397; x_wconf 92' lang='lat' dir='ltr'><strong>mundi</strong></span> <span class='ocrx_word' id='word_1_287' title='bbox 495 1367 743 1408; x_wconf 85' lang='lat' dir='ltr'><strong>consonantias,</strong></span> <span class='ocrx_word' id='word_1_288' title='bbox 767 1366 828 1398; x_wconf 87' lang='lat' dir='ltr'><strong>sed</strong></span> <span class='ocrx_word' id='word_1_289' title='bbox 849 1366 952 1397; x_wconf 86' lang='lat' dir='ltr'><strong>etiam</strong></span> <span class='ocrx_word' id='word_1_290' title='bbox 977 1365 1203 1397; x_wconf 84' lang='lat' dir='ltr'><strong>dissonantias</strong></span> <span class='ocrx_word' id='word_1_291' title='bbox 1226 1364 1412 1405; x_wconf 87' lang='lat' dir='ltr'><strong>includens,</strong></span> <span class='ocrx_word' id='word_1_292' title='bbox 1439 1365 1550 1397; x_wconf 82' lang='lat' dir='ltr'><strong>decem</strong></span> <span class='ocrx_word' id='word_1_293' title='bbox 1567 1364 1774 1406; x_wconf 84' lang='lat' dir='ltr'><strong>Sephirothis</strong></span> <span class='ocrx_word' id='word_1_294' title='bbox 1793 1365 1931 1405; x_wconf 86' lang='lat' dir='ltr'><strong>Sapien-</strong></span> 
     </span>
     <span class='ocr_line' id='line_1_27' title="bbox 139 1411 1934 1454; baseline 0.001 -14"><span class='ocrx_word' id='word_1_295' title='bbox 139 1412 211 1442; x_wconf 83' lang='lat' dir='ltr'><strong>tum</strong></span> <span class='ocrx_word' id='word_1_296' title='bbox 235 1411 440 1454; x_wconf 84' lang='lat' dir='ltr'><strong>attribuitur,</strong></span> <span class='ocrx_word' id='word_1_297' title='bbox 467 1412 589 1451; x_wconf 89' lang='lat' dir='ltr'><strong>quibus</strong></span> <span class='ocrx_word' id='word_1_298' title='bbox 614 1413 726 1444; x_wconf 89' lang='lat' dir='ltr'><strong>decem</strong></span> <span class='ocrx_word' id='word_1_299' title='bbox 750 1413 816 1443; x_wconf 89' lang='lat' dir='ltr'><strong>Dei</strong></span> <span class='ocrx_word' id='word_1_300' title='bbox 840 1413 1038 1450; x_wconf 79' lang='lat' dir='ltr'><strong>cognomina</strong></span> <span class='ocrx_word' id='word_1_301' title='bbox 1061 1412 1174 1444; x_wconf 83' lang='lat' dir='ltr'><strong>decem</strong></span> <span class='ocrx_word' id='word_1_302' title='bbox 1199 1413 1270 1451; x_wconf 68' lang='lat' dir='ltr'><strong>qius</strong></span> <span class='ocrx_word' id='word_1_303' title='bbox 1287 1412 1506 1452; x_wconf 83' lang='lat' dir='ltr'><strong>proprietates</strong></span> <span class='ocrx_word' id='word_1_304' title='bbox 1521 1412 1558 1442; x_wconf 89' lang='lat' dir='ltr'><strong>in</strong></span> <span class='ocrx_word' id='word_1_305' title='bbox 1573 1411 1698 1443; x_wconf 90' lang='lat' dir='ltr'><strong>mundo</strong></span> <span class='ocrx_word' id='word_1_306' title='bbox 1713 1411 1934 1452; x_wconf 78' lang='lat' dir='ltr'><strong>exprimentia</strong></span> 
     </span>
     <span class='ocr_line' id='line_1_28' title="bbox 138 1456 1933 1500; baseline 0.001 -13"><span class='ocrx_word' id='word_1_307' title='bbox 138 1456 324 1496; x_wconf 81' lang='lat' dir='ltr'><strong>praesidere</strong></span> <span class='ocrx_word' id='word_1_308' title='bbox 349 1457 514 1489; x_wconf 81' lang='lat' dir='ltr'><strong>dixerunt.</strong></span> <span class='ocrx_word' id='word_1_309' title='bbox 563 1458 649 1490; x_wconf 85' lang='lat' dir='ltr'><strong>Nam</strong></span> <span class='ocrx_word' id='word_1_310' title='bbox 673 1458 752 1491; x_wconf 87' lang='lat' dir='ltr'><strong>talis</strong></span> <span class='ocrx_word' id='word_1_311' title='bbox 778 1463 828 1490; x_wconf 86' lang='lat' dir='ltr'><strong>est</strong></span> <span class='ocrx_word' id='word_1_312' title='bbox 851 1467 1060 1490; x_wconf 85' lang='lat' dir='ltr'><strong>numerorum</strong></span> <span class='ocrx_word' id='word_1_313' title='bbox 1084 1457 1275 1490; x_wconf 84' lang='lat' dir='ltr'><strong>formalium</strong></span> <span class='ocrx_word' id='word_1_314' title='bbox 1292 1459 1488 1500; x_wconf 82' lang='lat' dir='ltr'><strong>progressio,</strong></span> <span class='ocrx_word' id='word_1_315' title='bbox 1511 1456 1601 1490; x_wconf 86' lang='lat' dir='ltr'><strong>ultra</strong></span> <span class='ocrx_word' id='word_1_316' title='bbox 1617 1467 1700 1497; x_wconf 88' lang='lat' dir='ltr'><strong>quos</strong></span> <span class='ocrx_word' id='word_1_317' title='bbox 1716 1457 1828 1490; x_wconf 87' lang='lat' dir='ltr'><strong>nullus</strong></span> <span class='ocrx_word' id='word_1_318' title='bbox 1844 1456 1933 1489; x_wconf 82' lang='lat' dir='ltr'><strong>alius</strong></span> 
     </span>
     <span class='ocr_line' id='line_1_29' title="bbox 138 1503 1930 1548; baseline 0.002 -14"><span class='ocrx_word' id='word_1_319' title='bbox 138 1511 285 1541; x_wconf 82' lang='lat' dir='ltr'><strong>unquam</strong></span> <span class='ocrx_word' id='word_1_320' title='bbox 310 1503 386 1546; x_wconf 86' lang='lat' dir='ltr'><strong>fuit,</strong></span> <span class='ocrx_word' id='word_1_321' title='bbox 412 1509 462 1536; x_wconf 88' lang='lat' dir='ltr'><strong>est</strong></span> <span class='ocrx_word' id='word_1_322' title='bbox 485 1503 537 1537; x_wconf 87' lang='lat' dir='ltr'><strong>vel</strong></span> <span class='ocrx_word' id='word_1_323' title='bbox 561 1506 637 1537; x_wconf 89' lang='lat' dir='ltr'><strong>erit:</strong></span> <span class='ocrx_word' id='word_1_324' title='bbox 666 1508 696 1545; x_wconf 84' lang='lat' dir='ltr'><strong>l,</strong></span> <span class='ocrx_word' id='word_1_325' title='bbox 721 1507 753 1548; x_wconf 82' lang='lat'><strong>2,</strong></span> <span class='ocrx_word' id='word_1_326' title='bbox 780 1507 812 1544; x_wconf 85' lang='lat'><strong>3,</strong></span> <span class='ocrx_word' id='word_1_327' title='bbox 837 1507 871 1545; x_wconf 79' lang='lat'><strong>4,</strong></span> <span class='ocrx_word' id='word_1_328' title='bbox 897 1505 957 1536; x_wconf 91' lang='lat' dir='ltr'><strong>ubi</strong></span> <span class='ocrx_word' id='word_1_329' title='bbox 983 1508 1012 1544; x_wconf 85' lang='grc'><strong>1,</strong></span> <span class='ocrx_word' id='word_1_330' title='bbox 1038 1506 1057 1537; x_wconf 79' lang='lat'><em>2</em></span> <span class='ocrx_word' id='word_1_331' title='bbox 1084 1505 1183 1537; x_wconf 83' lang='lat' dir='ltr'><strong>simul</strong></span> <span class='ocrx_word' id='word_1_332' title='bbox 1207 1504 1332 1536; x_wconf 84' lang='lat' dir='ltr'><strong>additis</strong></span> <span class='ocrx_word' id='word_1_333' title='bbox 1358 1506 1443 1536; x_wconf 82' lang='lat' dir='ltr'><strong>flunt</strong></span> <span class='ocrx_word' id='word_1_334' title='bbox 1466 1505 1503 1545; x_wconf 84' lang='lat'><strong>3;</strong></span> <span class='ocrx_word' id='word_1_335' title='bbox 1530 1505 1699 1544; x_wconf 83' lang='lat' dir='ltr'><strong>quibussi</strong></span> <span class='ocrx_word' id='word_1_336' title='bbox 1713 1504 1880 1536; x_wconf 84' lang='lat' dir='ltr'><strong>addantur</strong></span> <span class='ocrx_word' id='word_1_337' title='bbox 1895 1506 1930 1546; x_wconf 77' lang='lat'><strong>4,</strong></span> 
     </span>
     <span class='ocr_line' id='line_1_30' title="bbox 138 1549 1932 1595; baseline 0.001 -15"><span class='ocrx_word' id='word_1_338' title='bbox 138 1550 222 1582; x_wconf 85' lang='lat' dir='ltr'><strong>flunt</strong></span> <span class='ocrx_word' id='word_1_339' title='bbox 249 1551 278 1583; x_wconf 83' lang='lat'><strong>7.</strong></span> <span class='ocrx_word' id='word_1_340' title='bbox 327 1550 438 1590; x_wconf 83' lang='lat' dir='ltr'><strong>Atque</strong></span> <span class='ocrx_word' id='word_1_341' title='bbox 463 1551 517 1583; x_wconf 88' lang='lat' dir='ltr'><strong>hic</strong></span> <span class='ocrx_word' id='word_1_342' title='bbox 541 1556 591 1584; x_wconf 90' lang='lat' dir='ltr'><strong>est</strong></span> <span class='ocrx_word' id='word_1_343' title='bbox 614 1561 769 1584; x_wconf 86' lang='lat' dir='ltr'><strong>uumerus</strong></span> <span class='ocrx_word' id='word_1_344' title='bbox 792 1550 851 1583; x_wconf 83' lang='lat' dir='ltr'><strong>ille</strong></span> <span class='ocrx_word' id='word_1_345' title='bbox 874 1550 1057 1595; x_wconf 86' lang='lat' dir='ltr'><strong>mirabilis,</strong></span> <span class='ocrx_word' id='word_1_346' title='bbox 1089 1552 1124 1582; x_wconf 84' lang='lat' dir='ltr'><strong>in</strong></span> <span class='ocrx_word' id='word_1_347' title='bbox 1149 1560 1216 1591; x_wconf 91' lang='lat' dir='ltr'><strong>quo</strong></span> <span class='ocrx_word' id='word_1_348' title='bbox 1242 1551 1359 1583; x_wconf 86' lang='lat' dir='ltr'><strong>mundi</strong></span> <span class='ocrx_word' id='word_1_349' title='bbox 1383 1552 1504 1583; x_wconf 76' lang='lat' dir='ltr'><strong>creatio</strong></span> <span class='ocrx_word' id='word_1_350' title='bbox 1528 1554 1579 1582; x_wconf 90' lang='lat' dir='ltr'><strong>est</strong></span> <span class='ocrx_word' id='word_1_351' title='bbox 1602 1549 1783 1594; x_wconf 86' lang='lat' dir='ltr'><strong>completa,</strong></span> <span class='ocrx_word' id='word_1_352' title='bbox 1809 1551 1932 1591; x_wconf 88' lang='lat' dir='ltr'><strong>quippe</strong></span> 
     </span>
     <span class='ocr_line' id='line_1_31' title="bbox 141 1596 1934 1639; baseline 0.001 -12"><span class='ocrx_word' id='word_1_353' title='bbox 141 1597 178 1628; x_wconf 87' lang='lat' dir='ltr'><strong>in</strong></span> <span class='ocrx_word' id='word_1_354' title='bbox 212 1605 277 1635; x_wconf 90' lang='lat' dir='ltr'><strong>quo</strong></span> <span class='ocrx_word' id='word_1_355' title='bbox 310 1598 511 1636; x_wconf 89' lang='lat' dir='ltr'><strong>quadratum</strong></span> <span class='ocrx_word' id='word_1_356' title='bbox 542 1600 716 1630; x_wconf 88' lang='lat' dir='ltr'><strong>materiale</strong></span> <span class='ocrx_word' id='word_1_357' title='bbox 752 1608 809 1630; x_wconf 88' lang='lat' dir='ltr'><strong>seu</strong></span> <span class='ocrx_word' id='word_1_358' title='bbox 843 1596 1042 1631; x_wconf 85' lang='lat' dir='ltr'><strong>elementare</strong></span> <span class='ocrx_word' id='word_1_359' title='bbox 1065 1598 1173 1630; x_wconf 85' lang='lat' dir='ltr'><strong>radici</strong></span> <span class='ocrx_word' id='word_1_360' title='bbox 1207 1597 1341 1629; x_wconf 79' lang='lat' dir='ltr'><strong>formali</strong></span> <span class='ocrx_word' id='word_1_361' title='bbox 1371 1599 1485 1629; x_wconf 82' lang='lat' dir='ltr'><strong>unitur</strong></span> <span class='ocrx_word' id='word_1_362' title='bbox 1518 1600 1552 1639; x_wconf 70' lang='lat' dir='ltr'><strong>et</strong></span> <span class='ocrx_word' id='word_1_363' title='bbox 1581 1598 1749 1638; x_wconf 85' lang='lat' dir='ltr'><strong>appetitus</strong></span> <span class='ocrx_word' id='word_1_364' title='bbox 1771 1597 1934 1630; x_wconf 77' lang='lat' dir='ltr'><strong>materiae</strong></span> 
     </span>
     <span class='ocr_line' id='line_1_32' title="bbox 139 1641 1934 1688; baseline 0.001 -14"><span class='ocrx_word' id='word_1_365' title='bbox 139 1643 335 1676; x_wconf 86' lang='lat' dir='ltr'><strong>mundanae</strong></span> <span class='ocrx_word' id='word_1_366' title='bbox 358 1645 408 1676; x_wconf 87' lang='lat' dir='ltr'><strong>ita</strong></span> <span class='ocrx_word' id='word_1_367' title='bbox 431 1645 643 1688; x_wconf 69' lang='lat' dir='ltr'><strong>adimpletur,</strong></span> <span class='ocrx_word' id='word_1_368' title='bbox 669 1649 706 1677; x_wconf 90' lang='lat' dir='ltr'><strong>ut</strong></span> <span class='ocrx_word' id='word_1_369' title='bbox 730 1646 879 1685; x_wconf 88' lang='lat' dir='ltr'><strong>quiescat</strong></span> <span class='ocrx_word' id='word_1_370' title='bbox 902 1644 973 1688; x_wconf 86' lang='lat' dir='ltr'><strong>illa,</strong></span> <span class='ocrx_word' id='word_1_371' title='bbox 1001 1649 1164 1684; x_wconf 86' lang='lat' dir='ltr'><strong>quatenus</strong></span> <span class='ocrx_word' id='word_1_372' title='bbox 1187 1645 1275 1676; x_wconf 90' lang='lat' dir='ltr'><strong>bono</strong></span> <span class='ocrx_word' id='word_1_373' title='bbox 1291 1643 1430 1685; x_wconf 83' lang='lat' dir='ltr'><strong>impleta</strong></span> <span class='ocrx_word' id='word_1_374' title='bbox 1446 1641 1584 1676; x_wconf 64' lang='grc'><strong>0111111110.</strong></span> <span class='ocrx_word' id='word_1_375' title='bbox 1630 1643 1723 1676; x_wconf 90' lang='lat' dir='ltr'><strong>Hinc</strong></span> <span class='ocrx_word' id='word_1_376' title='bbox 1745 1645 1854 1676; x_wconf 74' lang='lat' dir='ltr'><strong>souin</strong></span> <span class='ocrx_word' id='word_1_377' title='bbox 1870 1643 1934 1676; x_wconf 79' lang='lat' dir='ltr'><strong>hoc</strong></span> 
     </span>
     <span class='ocr_line' id='line_1_33' title="bbox 141 1690 1932 1733; baseline 0.001 -13"><span class='ocrx_word' id='word_1_378' title='bbox 141 1693 294 1730; x_wconf 86' lang='lat' dir='ltr'><strong>respectu</strong></span> <span class='ocrx_word' id='word_1_379' title='bbox 328 1700 483 1723; x_wconf 87' lang='lat' dir='ltr'><strong>numerus</strong></span> <span class='ocrx_word' id='word_1_380' title='bbox 515 1694 578 1723; x_wconf 88' lang='lat' dir='ltr'><strong>iste</strong></span> <span class='ocrx_word' id='word_1_381' title='bbox 603 1692 775 1724; x_wconf 85' lang='lat' dir='ltr'><strong>Sabbatho</strong></span> <span class='ocrx_word' id='word_1_382' title='bbox 807 1701 864 1724; x_wconf 89' lang='lat' dir='ltr'><strong>seu</strong></span> <span class='ocrx_word' id='word_1_383' title='bbox 890 1692 996 1733; x_wconf 87' lang='lat' dir='ltr'><strong>quieti</strong></span> <span class='ocrx_word' id='word_1_384' title='bbox 1029 1692 1145 1732; x_wconf 83' lang='lat' dir='ltr'><strong>datur,</strong></span> <span class='ocrx_word' id='word_1_385' title='bbox 1183 1694 1297 1730; x_wconf 88' lang='lat' dir='ltr'><strong>estque</strong></span> <span class='ocrx_word' id='word_1_386' title='bbox 1327 1690 1510 1730; x_wconf 89' lang='lat' dir='ltr'><strong>aliquando</strong></span> <span class='ocrx_word' id='word_1_387' title='bbox 1540 1700 1696 1723; x_wconf 89' lang='lat' dir='ltr'><strong>numerus</strong></span> <span class='ocrx_word' id='word_1_388' title='bbox 1729 1691 1932 1731; x_wconf 84' lang='lat' dir='ltr'><strong>punitionis;</strong></span> 
     </span>
     <span class='ocr_line' id='line_1_34' title="bbox 144 1736 1932 1778; baseline 0.001 -11"><span class='ocrx_word' id='word_1_389' title='bbox 144 1737 280 1775; x_wconf 85' lang='lat' dir='ltr'><strong>qnando</strong></span> <span class='ocrx_word' id='word_1_390' title='bbox 304 1739 490 1778; x_wconf 83' lang='lat' dir='ltr'><strong>proprietas</strong></span> <span class='ocrx_word' id='word_1_391' title='bbox 514 1739 647 1770; x_wconf 90' lang='lat' dir='ltr'><strong>Elohim</strong></span> <span class='ocrx_word' id='word_1_392' title='bbox 672 1740 707 1770; x_wconf 89' lang='lat' dir='ltr'><strong>in</strong></span> <span class='ocrx_word' id='word_1_393' title='bbox 731 1748 867 1770; x_wconf 90' lang='lat' dir='ltr'><strong>numero</strong></span> <span class='ocrx_word' id='word_1_394' title='bbox 892 1739 1035 1771; x_wconf 83' lang='lat' dir='ltr'><strong>ternario</strong></span> <span class='ocrx_word' id='word_1_395' title='bbox 1061 1737 1302 1770; x_wconf 81' lang='lat' dir='ltr'><strong>consideratam</strong></span> <span class='ocrx_word' id='word_1_396' title='bbox 1326 1738 1533 1770; x_wconf 82' lang='lat' dir='ltr'><strong>iracundiam</strong></span> <span class='ocrx_word' id='word_1_397' title='bbox 1559 1738 1697 1768; x_wconf 85' lang='lat' dir='ltr'><strong>vertitur</strong></span> <span class='ocrx_word' id='word_1_398' title='bbox 1728 1740 1761 1769; x_wconf 91' lang='lat' dir='ltr'><strong>et</strong></span> <span class='ocrx_word' id='word_1_399' title='bbox 1789 1738 1838 1769; x_wconf 91' lang='lat' dir='ltr'><strong>sic</strong></span> <span class='ocrx_word' id='word_1_400' title='bbox 1862 1736 1932 1768; x_wconf 88' lang='lat' dir='ltr'><strong>dis-</strong></span> 
     </span>
     <span class='ocr_line' id='line_1_35' title="bbox 144 1782 1933 1829; baseline 0 -15"><span class='ocrx_word' id='word_1_401' title='bbox 144 1792 245 1814; x_wconf 90' lang='lat' dir='ltr'><strong>sonus</strong></span> <span class='ocrx_word' id='word_1_402' title='bbox 272 1788 320 1815; x_wconf 90' lang='lat' dir='ltr'><strong>est</strong></span> <span class='ocrx_word' id='word_1_403' title='bbox 347 1789 407 1818; x_wconf 88' lang='lat' dir='ltr'><strong>etc.</strong></span> <span class='ocrx_word' id='word_1_404' title='bbox 457 1782 764 1829; x_wconf 81' lang='lat' dir='ltr'><strong>Sed’procedamus</strong></span> <span class='ocrx_word' id='word_1_405' title='bbox 790 1795 864 1817; x_wconf 90' lang='lat' dir='ltr'><strong>cum</strong></span> <span class='ocrx_word' id='word_1_406' title='bbox 888 1786 1059 1825; x_wconf 83' lang='lat' dir='ltr'><strong>proposito</strong></span> <span class='ocrx_word' id='word_1_407' title='bbox 1081 1788 1212 1818; x_wconf 88' lang='lat' dir='ltr'><strong>nostro:</strong></span> <span class='ocrx_word' id='word_1_408' title='bbox 1242 1787 1270 1827; x_wconf 90' lang='lat' dir='ltr'><strong>l,</strong></span> <span class='ocrx_word' id='word_1_409' title='bbox 1296 1785 1328 1827; x_wconf 78' lang='lat'><strong>2,</strong></span> <span class='ocrx_word' id='word_1_410' title='bbox 1355 1787 1374 1815; x_wconf 88' lang='grc'><strong>3</strong></span> <span class='ocrx_word' id='word_1_411' title='bbox 1399 1783 1528 1817; x_wconf 78' lang='lat' dir='ltr'><strong>faciunt</strong></span> <span class='ocrx_word' id='word_1_412' title='bbox 1544 1785 1576 1824; x_wconf 73' lang='grc' dir='ltr'><strong>ὅ,</strong></span> <span class='ocrx_word' id='word_1_413' title='bbox 1600 1785 1722 1823; x_wconf 85' lang='lat' dir='ltr'><strong>quibus</strong></span> <span class='ocrx_word' id='word_1_414' title='bbox 1745 1784 1774 1817; x_wconf 78' lang='lat' dir='ltr'><strong>si</strong></span> <span class='ocrx_word' id='word_1_415' title='bbox 1789 1783 1933 1816; x_wconf 84' lang='lat' dir='ltr'><strong>addatur</strong></span> 
     </span>
     <span class='ocr_line' id='line_1_36' title="bbox 137 1829 1932 1874; baseline 0 -13"><span class='ocrx_word' id='word_1_416' title='bbox 137 1832 174 1871; x_wconf 81' lang='lat'><strong>4,</strong></span> <span class='ocrx_word' id='word_1_417' title='bbox 203 1831 261 1871; x_wconf 90' lang='lat' dir='ltr'><strong>qui</strong></span> <span class='ocrx_word' id='word_1_418' title='bbox 285 1834 335 1862; x_wconf 88' lang='lat' dir='ltr'><strong>est</strong></span> <span class='ocrx_word' id='word_1_419' title='bbox 359 1832 483 1874; x_wconf 88' lang='lat' dir='ltr'><strong>unitas,</strong></span> <span class='ocrx_word' id='word_1_420' title='bbox 508 1834 547 1863; x_wconf 83' lang='lat' dir='ltr'><strong>tlt</strong></span> <span class='ocrx_word' id='word_1_421' title='bbox 572 1834 602 1872; x_wconf 84' lang='lat'><strong>7,</strong></span> <span class='ocrx_word' id='word_1_422' title='bbox 627 1833 679 1863; x_wconf 85' lang='lat' dir='ltr'><strong>vel</strong></span> <span class='ocrx_word' id='word_1_423' title='bbox 703 1832 875 1863; x_wconf 82' lang='lat' dir='ltr'><strong>additione</strong></span> <span class='ocrx_word' id='word_1_424' title='bbox 899 1833 1027 1863; x_wconf 88' lang='lat' dir='ltr'><strong>numeri</strong></span> <span class='ocrx_word' id='word_1_425' title='bbox 1051 1829 1253 1872; x_wconf 85' lang='lat' dir='ltr'><strong>quaternarii</strong></span> <span class='ocrx_word' id='word_1_426' title='bbox 1281 1831 1317 1862; x_wconf 91' lang='lat' dir='ltr'><strong>in</strong></span> <span class='ocrx_word' id='word_1_427' title='bbox 1342 1831 1439 1874; x_wconf 84' lang='lat' dir='ltr'><strong>pleno</strong></span> <span class='ocrx_word' id='word_1_428' title='bbox 1464 1833 1535 1871; x_wconf 90' lang='lat' dir='ltr'><strong>ejus</strong></span> <span class='ocrx_word' id='word_1_429' title='bbox 1557 1829 1670 1862; x_wconf 82' lang='lat' dir='ltr'><strong>valore</strong></span> <span class='ocrx_word' id='word_1_430' title='bbox 1693 1830 1738 1862; x_wconf 88' lang='lat' dir='ltr'><strong>ad</strong></span> <span class='ocrx_word' id='word_1_431' title='bbox 1762 1839 1830 1870; x_wconf 87' lang='lat' dir='ltr'><strong>sex,</strong></span> <span class='ocrx_word' id='word_1_432' title='bbox 1853 1839 1932 1870; x_wconf 86' lang='lat' dir='ltr'><strong>pro-</strong></span> 
     </span>
     <span class='ocr_line' id='line_1_37' title="bbox 141 1876 1932 1920; baseline 0.001 -13"><span class='ocrx_word' id='word_1_433' title='bbox 141 1876 279 1908; x_wconf 88' lang='lat' dir='ltr'><strong>ducetur</strong></span> <span class='ocrx_word' id='word_1_434' title='bbox 306 1879 362 1912; x_wconf 89' lang='grc'><strong>10.</strong></span> <span class='ocrx_word' id='word_1_435' title='bbox 411 1877 507 1910; x_wconf 85' lang='lat' dir='ltr'><strong>Ultra</strong></span> <span class='ocrx_word' id='word_1_436' title='bbox 531 1887 629 1920; x_wconf 89' lang='lat' dir='ltr'><strong>quem</strong></span> <span class='ocrx_word' id='word_1_437' title='bbox 653 1878 748 1911; x_wconf 88' lang='lat' dir='ltr'><strong>nulla</strong></span> <span class='ocrx_word' id='word_1_438' title='bbox 765 1882 814 1910; x_wconf 88' lang='lat' dir='ltr'><strong>est</strong></span> <span class='ocrx_word' id='word_1_439' title='bbox 829 1879 1025 1919; x_wconf 85' lang='lat' dir='ltr'><strong>progressio,</strong></span> <span class='ocrx_word' id='word_1_440' title='bbox 1049 1887 1127 1909; x_wconf 88' lang='lat' dir='ltr'><strong>nam</strong></span> <span class='ocrx_word' id='word_1_441' title='bbox 1145 1886 1258 1909; x_wconf 89' lang='lat' dir='ltr'><strong>omnes</strong></span> <span class='ocrx_word' id='word_1_442' title='bbox 1274 1878 1412 1920; x_wconf 87' lang='lat' dir='ltr'><strong>numeri,</strong></span> <span class='ocrx_word' id='word_1_443' title='bbox 1439 1878 1496 1916; x_wconf 89' lang='lat' dir='ltr'><strong>qui</strong></span> <span class='ocrx_word' id='word_1_444' title='bbox 1513 1881 1706 1919; x_wconf 86' lang='lat' dir='ltr'><strong>sequuntur,</strong></span> <span class='ocrx_word' id='word_1_445' title='bbox 1731 1881 1809 1908; x_wconf 82' lang='lat' dir='ltr'><strong>sunt</strong></span> <span class='ocrx_word' id='word_1_446' title='bbox 1823 1885 1932 1908; x_wconf 85' lang='lat' dir='ltr'><strong>merae</strong></span> 
     </span>
     <span class='ocr_line' id='line_1_38' title="bbox 142 1923 1932 1966; baseline 0 -12"><span class='ocrx_word' id='word_1_447' title='bbox 142 1932 182 1954; x_wconf 84' lang='lat' dir='ltr'><strong>ex</strong></span> <span class='ocrx_word' id='word_1_448' title='bbox 208 1923 260 1955; x_wconf 89' lang='lat' dir='ltr'><strong>his</strong></span> <span class='ocrx_word' id='word_1_449' title='bbox 285 1925 550 1966; x_wconf 86' lang='lat' dir='ltr'><strong>compositiones.</strong></span> <span class='ocrx_word' id='word_1_450' title='bbox 598 1926 638 1957; x_wconf 89' lang='grc'><strong>111</strong></span> <span class='ocrx_word' id='word_1_451' title='bbox 673 1926 725 1956; x_wconf 88' lang='lat' dir='ltr'><strong>his</strong></span> <span class='ocrx_word' id='word_1_452' title='bbox 749 1926 894 1956; x_wconf 87' lang='lat' dir='ltr'><strong>numeris</strong></span> <span class='ocrx_word' id='word_1_453' title='bbox 928 1925 1125 1956; x_wconf 82' lang='lat' dir='ltr'><strong>formalibus</strong></span> <span class='ocrx_word' id='word_1_454' title='bbox 1162 1925 1274 1955; x_wconf 88' lang='lat' dir='ltr'><strong>omnia</strong></span> <span class='ocrx_word' id='word_1_455' title='bbox 1305 1923 1644 1966; x_wconf 87' lang='lat' dir='ltr'><strong>comprehenduntur,</strong></span> <span class='ocrx_word' id='word_1_456' title='bbox 1678 1928 1711 1954; x_wconf 92' lang='lat' dir='ltr'><strong>et</strong></span> <span class='ocrx_word' id='word_1_457' title='bbox 1743 1924 1932 1963; x_wconf 79' lang='lat' dir='ltr'><strong>quicunque</strong></span> 
     </span>
     <span class='ocr_line' id='line_1_39' title="bbox 137 1969 1932 2010; baseline 0 -10"><span class='ocrx_word' id='word_1_458' title='bbox 137 1970 267 2001; x_wconf 87' lang='lat' dir='ltr'><strong>noverit</strong></span> <span class='ocrx_word' id='word_1_459' title='bbox 299 1980 450 2003; x_wconf 90' lang='lat' dir='ltr'><strong>numeros</strong></span> <span class='ocrx_word' id='word_1_460' title='bbox 474 1970 605 2004; x_wconf 82' lang='lat' dir='ltr'><strong>vocales</strong></span> <span class='ocrx_word' id='word_1_461' title='bbox 640 1975 673 2004; x_wconf 87' lang='lat' dir='ltr'><strong>et</strong></span> <span class='ocrx_word' id='word_1_462' title='bbox 703 1972 873 2004; x_wconf 88' lang='lat' dir='ltr'><strong>naturales</strong></span> <span class='ocrx_word' id='word_1_463' title='bbox 908 1980 982 2003; x_wconf 89' lang='lat' dir='ltr'><strong>cum</strong></span> <span class='ocrx_word' id='word_1_464' title='bbox 1016 1971 1136 2002; x_wconf 80' lang='lat' dir='ltr'><strong>divinis</strong></span> <span class='ocrx_word' id='word_1_465' title='bbox 1163 1971 1360 2010; x_wconf 86' lang='lat' dir='ltr'><strong>conjungere</strong></span> <span class='ocrx_word' id='word_1_466' title='bbox 1392 1973 1425 2001; x_wconf 92' lang='lat' dir='ltr'><strong>et</strong></span> <span class='ocrx_word' id='word_1_467' title='bbox 1451 1971 1487 2001; x_wconf 91' lang='lat' dir='ltr'><strong>in</strong></span> <span class='ocrx_word' id='word_1_468' title='bbox 1512 1970 1646 2002; x_wconf 83' lang='lat' dir='ltr'><strong>eandem</strong></span> <span class='ocrx_word' id='word_1_469' title='bbox 1681 1969 1932 2001; x_wconf 83' lang='lat' dir='ltr'><strong>consonantiam</strong></span> 
     </span>
     <span class='ocr_line' id='line_1_40' title="bbox 137 2015 1931 2061; baseline 0 -14"><span class='ocrx_word' id='word_1_470' title='bbox 137 2018 337 2056; x_wconf 84' lang='lat' dir='ltr'><strong>temperare,</strong></span> <span class='ocrx_word' id='word_1_471' title='bbox 372 2018 427 2049; x_wconf 90' lang='lat' dir='ltr'><strong>hic</strong></span> <span class='ocrx_word' id='word_1_472' title='bbox 449 2028 509 2061; x_wconf 86' lang='lat' dir='ltr'><strong>per</strong></span> <span class='ocrx_word' id='word_1_473' title='bbox 531 2027 704 2051; x_wconf 88' lang='lat' dir='ltr'><strong>numerum</strong></span> <span class='ocrx_word' id='word_1_474' title='bbox 727 2018 917 2050; x_wconf 88' lang='lat' dir='ltr'><strong>istiusmodi</strong></span> <span class='ocrx_word' id='word_1_475' title='bbox 940 2019 1063 2059; x_wconf 91' lang='lat' dir='ltr'><strong>poterit</strong></span> <span class='ocrx_word' id='word_1_476' title='bbox 1086 2018 1215 2058; x_wconf 87' lang='lat' dir='ltr'><strong>operari</strong></span> <span class='ocrx_word' id='word_1_477' title='bbox 1239 2015 1409 2048; x_wconf 89' lang='lat' dir='ltr'><strong>mirabilia</strong></span> <span class='ocrx_word' id='word_1_478' title='bbox 1443 2019 1545 2056; x_wconf 89' lang='lat' dir='ltr'><strong>atque</strong></span> <span class='ocrx_word' id='word_1_479' title='bbox 1576 2016 1691 2048; x_wconf 85' lang='lat' dir='ltr'><strong>eadem</strong></span> <span class='ocrx_word' id='word_1_480' title='bbox 1725 2017 1826 2048; x_wconf 84' lang='lat' dir='ltr'><strong>etiam</strong></span> <span class='ocrx_word' id='word_1_481' title='bbox 1851 2025 1931 2055; x_wconf 82' lang='lat' dir='ltr'><strong>cog-</strong></span> 
     </span>
     <span class='ocr_line' id='line_1_41' title="bbox 137 2067 355 2097; baseline 0.014 -3"><span class='ocrx_word' id='word_1_482' title='bbox 137 2071 271 2095; x_wconf 85' lang='lat' dir='ltr'><strong>noscere</strong></span> <span class='ocrx_word' id='word_1_483' title='bbox 296 2067 355 2097; x_wconf 86' lang='lat' dir='ltr'><strong>etc.</strong></span> 
     </span>
    </p>
   </div>
   <div class='ocr_carea' id='block_1_6' title="bbox 138 2118 1932 2582">
    <p class='ocr_par' dir='ltr' id='par_1_6' title="bbox 138 2118 1932 2582">
     <span class='ocr_line' id='line_1_42' title="bbox 255 2118 1931 2163; baseline -0.002 -10"><span class='ocrx_word' id='word_1_484' title='bbox 255 2120 310 2163; x_wconf 88' lang='lat'><strong>53)</strong></span> <span class='ocrx_word' id='word_1_485' title='bbox 336 2131 410 2162; x_wconf 87' lang='lat' dir='ltr'><strong>pag.</strong></span> <span class='ocrx_word' id='word_1_486' title='bbox 436 2124 511 2153; x_wconf 76' lang='lat'><strong>457.</strong></span> <span class='ocrx_word' id='word_1_487' title='bbox 562 2122 613 2153; x_wconf 84' lang='lat' dir='ltr'><strong>Ad</strong></span> <span class='ocrx_word' id='word_1_488' title='bbox 647 2123 729 2154; x_wconf 87' lang='lat' dir='ltr'><strong>haec</strong></span> <span class='ocrx_word' id='word_1_489' title='bbox 754 2122 925 2163; x_wconf 85' lang='lat' dir='ltr'><strong>respondit</strong></span> <span class='ocrx_word' id='word_1_490' title='bbox 949 2121 1169 2153; x_wconf 87' lang='lat' dir='ltr'><strong>Fluddius:</strong></span> <span class='ocrx_word' id='word_1_491' title='bbox 1202 2121 1376 2158; x_wconf 87' lang='lat' dir='ltr'><strong>Semitonii</strong></span> <span class='ocrx_word' id='word_1_492' title='bbox 1407 2119 1501 2152; x_wconf 90' lang='lat' dir='ltr'><strong>locus</strong></span> <span class='ocrx_word' id='word_1_493' title='bbox 1526 2119 1568 2151; x_wconf 87' lang='lat' dir='ltr'><strong>ad</strong></span> <span class='ocrx_word' id='word_1_494' title='bbox 1591 2118 1687 2151; x_wconf 89' lang='lat' dir='ltr'><strong>illum</strong></span> <span class='ocrx_word' id='word_1_495' title='bbox 1715 2119 1830 2151; x_wconf 88' lang='lat' dir='ltr'><strong>mundi</strong></span> <span class='ocrx_word' id='word_1_496' title='bbox 1854 2130 1931 2160; x_wconf 86' lang='lat' dir='ltr'><strong>gra-</strong></span> 
     </span>
     <span class='ocr_line' id='line_1_43' title="bbox 139 2166 1931 2210; baseline -0.001 -11"><span class='ocrx_word' id='word_1_497' title='bbox 139 2168 217 2199; x_wconf 88' lang='lat' dir='ltr'><strong>dum</strong></span> <span class='ocrx_word' id='word_1_498' title='bbox 240 2169 400 2210; x_wconf 87' lang='lat' dir='ltr'><strong>pertinet,</strong></span> <span class='ocrx_word' id='word_1_499' title='bbox 431 2169 489 2200; x_wconf 89' lang='lat' dir='ltr'><strong>ubi</strong></span> <span class='ocrx_word' id='word_1_500' title='bbox 513 2168 572 2200; x_wconf 82' lang='lat' dir='ltr'><strong>lux</strong></span> <span class='ocrx_word' id='word_1_501' title='bbox 597 2170 702 2208; x_wconf 86' lang='lat' dir='ltr'><strong>magis</strong></span> <span class='ocrx_word' id='word_1_502' title='bbox 731 2169 900 2210; x_wconf 87' lang='lat' dir='ltr'><strong>abundat,</strong></span> <span class='ocrx_word' id='word_1_503' title='bbox 938 2170 1061 2209; x_wconf 88' lang='lat' dir='ltr'><strong>quippe</strong></span> <span class='ocrx_word' id='word_1_504' title='bbox 1094 2177 1179 2207; x_wconf 88' lang='lat' dir='ltr'><strong>quae</strong></span> <span class='ocrx_word' id='word_1_505' title='bbox 1208 2170 1340 2207; x_wconf 86' lang='lat' dir='ltr'><strong>propter</strong></span> <span class='ocrx_word' id='word_1_506' title='bbox 1372 2167 1527 2198; x_wconf 82' lang='lat' dir='ltr'><strong>subtilem</strong></span> <span class='ocrx_word' id='word_1_507' title='bbox 1553 2176 1646 2198; x_wconf 85' lang='lat' dir='ltr'><strong>suam</strong></span> <span class='ocrx_word' id='word_1_508' title='bbox 1679 2166 1931 2207; x_wconf 75' lang='lat' dir='ltr'><strong>dispositionem</strong></span> 
     </span>
     <span class='ocr_line' id='line_1_44' title="bbox 138 2213 1932 2256; baseline -0.001 -10"><span class='ocrx_word' id='word_1_509' title='bbox 138 2218 311 2246; x_wconf 84' lang='lat' dir='ltr'><strong>contracta</strong></span> <span class='ocrx_word' id='word_1_510' title='bbox 333 2216 369 2246; x_wconf 88' lang='lat' dir='ltr'><strong>in</strong></span> <span class='ocrx_word' id='word_1_511' title='bbox 394 2215 503 2247; x_wconf 80' lang='lat' dir='ltr'><strong>locum</strong></span> <span class='ocrx_word' id='word_1_512' title='bbox 529 2216 703 2247; x_wconf 85' lang='lat' dir='ltr'><strong>minimum</strong></span> <span class='ocrx_word' id='word_1_513' title='bbox 727 2216 840 2246; x_wconf 86' lang='lat' dir='ltr'><strong>reduci</strong></span> <span class='ocrx_word' id='word_1_514' title='bbox 862 2218 981 2256; x_wconf 83' lang='lat' dir='ltr'><strong>potest,</strong></span> <span class='ocrx_word' id='word_1_515' title='bbox 1006 2213 1162 2245; x_wconf 77' lang='lat' dir='ltr'><strong>videlicet</strong></span> <span class='ocrx_word' id='word_1_516' title='bbox 1186 2215 1382 2244; x_wconf 83' lang='lat' dir='ltr'><strong>elementum</strong></span> <span class='ocrx_word' id='word_1_517' title='bbox 1399 2214 1497 2255; x_wconf 83' lang='lat' dir='ltr'><strong>ignis,</strong></span> <span class='ocrx_word' id='word_1_518' title='bbox 1523 2214 1667 2253; x_wconf 86' lang='lat' dir='ltr'><strong>sphaera</strong></span> <span class='ocrx_word' id='word_1_519' title='bbox 1682 2213 1781 2253; x_wconf 86' lang='lat' dir='ltr'><strong>Solis,</strong></span> <span class='ocrx_word' id='word_1_520' title='bbox 1805 2214 1932 2245; x_wconf 87' lang='lat' dir='ltr'><strong>coelum</strong></span> 
     </span>
     <span class='ocr_line' id='line_1_45' title="bbox 138 2259 1931 2304; baseline -0.001 -12"><span class='ocrx_word' id='word_1_521' title='bbox 138 2261 319 2304; x_wconf 83' lang='lat' dir='ltr'><strong>stellatum,</strong></span> <span class='ocrx_word' id='word_1_522' title='bbox 345 2271 366 2292; x_wconf 83' lang='lat' dir='ltr'><strong>a</strong></span> <span class='ocrx_word' id='word_1_523' title='bbox 389 2263 523 2293; x_wconf 78' lang='lat' dir='ltr'><strong>vivifica</strong></span> <span class='ocrx_word' id='word_1_524' title='bbox 547 2265 580 2293; x_wconf 87' lang='lat' dir='ltr'><strong>et</strong></span> <span class='ocrx_word' id='word_1_525' title='bbox 602 2261 716 2293; x_wconf 87' lang='lat' dir='ltr'><strong>lucida</strong></span> <span class='ocrx_word' id='word_1_526' title='bbox 739 2271 801 2293; x_wconf 88' lang='lat' dir='ltr'><strong>sua</strong></span> <span class='ocrx_word' id='word_1_527' title='bbox 823 2262 946 2293; x_wconf 85' lang='lat' dir='ltr'><strong>virtute</strong></span> <span class='ocrx_word' id='word_1_528' title='bbox 971 2261 1072 2300; x_wconf 83' lang='grc' dir='ltr'>ζωον,</span> <span class='ocrx_word' id='word_1_529' title='bbox 1105 2261 1140 2291; x_wconf 88' lang='lat' dir='ltr'><strong>id</strong></span> <span class='ocrx_word' id='word_1_530' title='bbox 1165 2264 1216 2291; x_wconf 87' lang='lat' dir='ltr'><strong>est</strong></span> <span class='ocrx_word' id='word_1_531' title='bbox 1238 2259 1366 2290; x_wconf 88' lang='lat' dir='ltr'><strong>animal</strong></span> <span class='ocrx_word' id='word_1_532' title='bbox 1392 2260 1536 2301; x_wconf 86' lang='lat' dir='ltr'><strong>dictum,</strong></span> <span class='ocrx_word' id='word_1_533' title='bbox 1569 2263 1601 2290; x_wconf 92' lang='lat' dir='ltr'><strong>et</strong></span> <span class='ocrx_word' id='word_1_534' title='bbox 1625 2260 1764 2300; x_wconf 79' lang='lat' dir='ltr'><strong>sphaera</strong></span> <span class='ocrx_word' id='word_1_535' title='bbox 1789 2259 1931 2299; x_wconf 78' lang='lat' dir='ltr'><strong>denique</strong></span> 
     </span>
     <span class='ocr_line' id='line_1_46' title="bbox 138 2305 1932 2350; baseline -0.001 -11"><span class='ocrx_word' id='word_1_536' title='bbox 138 2308 320 2350; x_wconf 83' lang='lat' dir='ltr'><strong>Seraphin,</strong></span> <span class='ocrx_word' id='word_1_537' title='bbox 357 2310 545 2349; x_wconf 74' lang='lat' dir='ltr'><strong>praesentia</strong></span> <span class='ocrx_word' id='word_1_538' title='bbox 570 2309 652 2347; x_wconf 74' lang='lat' dir='ltr'><strong>Dei,</strong></span> <span class='ocrx_word' id='word_1_539' title='bbox 686 2307 772 2340; x_wconf 87' lang='lat' dir='ltr'><strong>lucis</strong></span> <span class='ocrx_word' id='word_1_540' title='bbox 809 2309 910 2339; x_wconf 79' lang='lat' dir='ltr'><strong>sontis</strong></span> <span class='ocrx_word' id='word_1_541' title='bbox 940 2311 973 2339; x_wconf 91' lang='lat' dir='ltr'><strong>et</strong></span> <span class='ocrx_word' id='word_1_542' title='bbox 1007 2308 1094 2346; x_wconf 85' lang='lat' dir='ltr'><strong>iguis</strong></span> <span class='ocrx_word' id='word_1_543' title='bbox 1118 2306 1294 2348; x_wconf 86' lang='lat' dir='ltr'><strong>praesidis,</strong></span> <span class='ocrx_word' id='word_1_544' title='bbox 1333 2307 1488 2344; x_wconf 74' lang='lat' dir='ltr'><strong>flagrans.</strong></span> <span class='ocrx_word' id='word_1_545' title='bbox 1538 2305 1777 2346; x_wconf 79' lang='lat' dir='ltr'><strong>Gontrapuncti</strong></span> <span class='ocrx_word' id='word_1_546' title='bbox 1799 2307 1932 2338; x_wconf 84' lang='lat' dir='ltr'><strong>termini</strong></span> 
     </span>
     <span class='ocr_line' id='line_1_47' title="bbox 143 2352 1932 2397; baseline -0.001 -11"><span class='ocrx_word' id='word_1_547' title='bbox 143 2359 222 2386; x_wconf 91' lang='lat' dir='ltr'><strong>sunt</strong></span> <span class='ocrx_word' id='word_1_548' title='bbox 245 2354 354 2395; x_wconf 82' lang='lat' dir='ltr'><strong>Aleph</strong></span> <span class='ocrx_word' id='word_1_549' title='bbox 378 2360 410 2387; x_wconf 86' lang='lat' dir='ltr'><strong>et</strong></span> <span class='ocrx_word' id='word_1_550' title='bbox 434 2356 569 2397; x_wconf 81' lang='lat' dir='ltr'><strong>Omega,</strong></span> <span class='ocrx_word' id='word_1_551' title='bbox 595 2364 736 2394; x_wconf 90' lang='lat' dir='ltr'><strong>quorum</strong></span> <span class='ocrx_word' id='word_1_552' title='bbox 759 2355 917 2386; x_wconf 78' lang='lat' dir='ltr'><strong>medietas</strong></span> <span class='ocrx_word' id='word_1_553' title='bbox 942 2357 991 2386; x_wconf 86' lang='lat' dir='ltr'><strong>est</strong></span> <span class='ocrx_word' id='word_1_554' title='bbox 1014 2353 1073 2385; x_wconf 85' lang='lat' dir='ltr'><strong>illa</strong></span> <span class='ocrx_word' id='word_1_555' title='bbox 1097 2357 1246 2384; x_wconf 84' lang='lat' dir='ltr'><strong>creatura</strong></span> <span class='ocrx_word' id='word_1_556' title='bbox 1261 2352 1511 2392; x_wconf 73' lang='lat' dir='ltr'><strong>perfectissima,</strong></span> <span class='ocrx_word' id='word_1_557' title='bbox 1536 2353 1594 2384; x_wconf 89' lang='lat' dir='ltr'><strong>Sol</strong></span> <span class='ocrx_word' id='word_1_558' title='bbox 1610 2353 1710 2392; x_wconf 87' lang='lat' dir='ltr'><strong>dicta,</strong></span> <span class='ocrx_word' id='word_1_559' title='bbox 1735 2362 1821 2392; x_wconf 82' lang='lat' dir='ltr'><strong>quae</strong></span> <span class='ocrx_word' id='word_1_560' title='bbox 1837 2356 1932 2384; x_wconf 85' lang='lat' dir='ltr'><strong>tonat</strong></span> 
     </span>
     <span class='ocr_line' id='line_1_48' title="bbox 139 2399 1931 2444; baseline -0.001 -12"><span class='ocrx_word' id='word_1_561' title='bbox 139 2402 303 2442; x_wconf 85' lang='lat' dir='ltr'><strong>diapason</strong></span> <span class='ocrx_word' id='word_1_562' title='bbox 329 2401 494 2444; x_wconf 87' lang='lat' dir='ltr'><strong>duplicem</strong></span> <span class='ocrx_word' id='word_1_563' title='bbox 517 2402 559 2433; x_wconf 82' lang='lat' dir='ltr'><strong>ad</strong></span> <span class='ocrx_word' id='word_1_564' title='bbox 582 2403 746 2433; x_wconf 84' lang='lat' dir='ltr'><strong>unitatem</strong></span> <span class='ocrx_word' id='word_1_565' title='bbox 770 2402 822 2433; x_wconf 90' lang='lat' dir='ltr'><strong>sui</strong></span> <span class='ocrx_word' id='word_1_566' title='bbox 846 2402 1011 2442; x_wconf 80' lang='lat' dir='ltr'><strong>creatoris,</strong></span> <span class='ocrx_word' id='word_1_567' title='bbox 1036 2401 1114 2431; x_wconf 85' lang='lat' dir='ltr'><strong>hinc</strong></span> <span class='ocrx_word' id='word_1_568' title='bbox 1137 2400 1216 2430; x_wconf 87' lang='lat' dir='ltr'><strong>inde</strong></span> <span class='ocrx_word' id='word_1_569' title='bbox 1234 2399 1406 2437; x_wconf 89' lang='lat' dir='ltr'><strong>denotans,</strong></span> <span class='ocrx_word' id='word_1_570' title='bbox 1432 2399 1522 2437; x_wconf 91' lang='lat' dir='ltr'><strong>qnod</strong></span> <span class='ocrx_word' id='word_1_571' title='bbox 1545 2400 1621 2439; x_wconf 74' lang='lat' dir='ltr'><strong>ipsa</strong></span> <span class='ocrx_word' id='word_1_572' title='bbox 1646 2400 1690 2431; x_wconf 88' lang='lat' dir='ltr'><strong>sit</strong></span> <span class='ocrx_word' id='word_1_573' title='bbox 1710 2402 1931 2430; x_wconf 81' lang='lat' dir='ltr'><strong>creaturarum</strong></span> 
     </span>
     <span class='ocr_line' id='line_1_49' title="bbox 140 2444 1930 2493; baseline -0.002 -14"><span class='ocrx_word' id='word_1_574' title='bbox 140 2447 224 2479; x_wconf 82' lang='lat' dir='ltr'><strong>coeli</strong></span> <span class='ocrx_word' id='word_1_575' title='bbox 248 2449 499 2490; x_wconf 76' lang='lat' dir='ltr'><strong>perfectissima,</strong></span> <span class='ocrx_word' id='word_1_576' title='bbox 525 2449 579 2480; x_wconf 86' lang='lat' dir='ltr'><strong>cui</strong></span> <span class='ocrx_word' id='word_1_577' title='bbox 602 2449 688 2479; x_wconf 86' lang='lat' dir='ltr'><strong>inter</strong></span> <span class='ocrx_word' id='word_1_578' title='bbox 712 2449 896 2493; x_wconf 69' lang='lat' dir='ltr'><strong>composita</strong></span> <span class='ocrx_word' id='word_1_579' title='bbox 918 2449 955 2479; x_wconf 89' lang='lat' dir='ltr'><strong>in</strong></span> <span class='ocrx_word' id='word_1_580' title='bbox 979 2455 1078 2486; x_wconf 87' lang='lat' dir='ltr'><strong>regno</strong></span> <span class='ocrx_word' id='word_1_581' title='bbox 1103 2445 1243 2477; x_wconf 88' lang='lat' dir='ltr'><strong>animali</strong></span> <span class='ocrx_word' id='word_1_582' title='bbox 1266 2444 1443 2485; x_wconf 89' lang='lat' dir='ltr'><strong>respondet</strong></span> <span class='ocrx_word' id='word_1_583' title='bbox 1466 2446 1576 2489; x_wconf 90' lang='lat' dir='ltr'><strong>homo,</strong></span> <span class='ocrx_word' id='word_1_584' title='bbox 1605 2446 1640 2476; x_wconf 91' lang='lat' dir='ltr'><strong>in</strong></span> <span class='ocrx_word' id='word_1_585' title='bbox 1665 2445 1844 2484; x_wconf 75' lang='lat' dir='ltr'><strong>vegetabili</strong></span> <span class='ocrx_word' id='word_1_586' title='bbox 1869 2446 1930 2477; x_wconf 83' lang='lat' dir='ltr'><strong>tri-</strong></span> 
     </span>
     <span class='ocr_line' id='line_1_50' title="bbox 139 2491 1929 2537; baseline -0.002 -11"><span class='ocrx_word' id='word_1_587' title='bbox 139 2496 259 2537; x_wconf 87' lang='lat' dir='ltr'><strong>ticum,</strong></span> <span class='ocrx_word' id='word_1_588' title='bbox 297 2497 330 2526; x_wconf 88' lang='lat' dir='ltr'><strong>in</strong></span> <span class='ocrx_word' id='word_1_589' title='bbox 356 2496 507 2526; x_wconf 86' lang='lat' dir='ltr'><strong>minerali</strong></span> <span class='ocrx_word' id='word_1_590' title='bbox 531 2505 658 2526; x_wconf 85' lang='lat' dir='ltr'><strong>aurum.</strong></span> <span class='ocrx_word' id='word_1_591' title='bbox 708 2496 903 2527; x_wconf 81' lang='lat' dir='ltr'><strong>Differentia</strong></span> <span class='ocrx_word' id='word_1_592' title='bbox 927 2502 1082 2534; x_wconf 85' lang='lat' dir='ltr'><strong>generum</strong></span> <span class='ocrx_word' id='word_1_593' title='bbox 1107 2496 1223 2524; x_wconf 86' lang='lat' dir='ltr'><strong>cantus</strong></span> <span class='ocrx_word' id='word_1_594' title='bbox 1248 2495 1347 2523; x_wconf 89' lang='lat' dir='ltr'><strong>sonat</strong></span> <span class='ocrx_word' id='word_1_595' title='bbox 1368 2492 1403 2522; x_wconf 88' lang='lat' dir='ltr'><strong>in</strong></span> <span class='ocrx_word' id='word_1_596' title='bbox 1429 2491 1547 2535; x_wconf 89' lang='lat' dir='ltr'><strong>coelis,</strong></span> <span class='ocrx_word' id='word_1_597' title='bbox 1579 2491 1703 2532; x_wconf 82' lang='lat' dir='ltr'><strong>stellis,</strong></span> <span class='ocrx_word' id='word_1_598' title='bbox 1735 2492 1834 2532; x_wconf 87' lang='lat' dir='ltr'><strong>aquis</strong></span> <span class='ocrx_word' id='word_1_599' title='bbox 1858 2495 1929 2535; x_wconf 64' lang='lat' dir='ltr'><strong>etc,</strong></span> 
     </span>
     <span class='ocr_line' id='line_1_51' title="bbox 147 2540 1123 2582; baseline -0.001 -9"><span class='ocrx_word' id='word_1_600' title='bbox 147 2542 233 2573; x_wconf 90' lang='lat' dir='ltr'><strong>inest</strong></span> <span class='ocrx_word' id='word_1_601' title='bbox 258 2541 364 2573; x_wconf 85' lang='lat' dir='ltr'><strong>stellis</strong></span> <span class='ocrx_word' id='word_1_602' title='bbox 391 2545 423 2573; x_wconf 88' lang='lat' dir='ltr'><strong>et</strong></span> <span class='ocrx_word' id='word_1_603' title='bbox 446 2542 589 2582; x_wconf 81' lang='lat' dir='ltr'><strong>planetis</strong></span> <span class='ocrx_word' id='word_1_604' title='bbox 614 2542 808 2582; x_wconf 84' lang='lat' dir='ltr'><strong>hujusmodi</strong></span> <span class='ocrx_word' id='word_1_605' title='bbox 832 2544 948 2572; x_wconf 82' lang='lat' dir='ltr'><strong>cantus</strong></span> <span class='ocrx_word' id='word_1_606' title='bbox 972 2540 1123 2572; x_wconf 83' lang='lat' dir='ltr'><strong>formula.</strong></span> 
     </span>
    </p>
   </div>
   <div class='ocr_carea' id='block_1_7' title="bbox 141 2596 1930 3105">
    <p class='ocr_par' dir='ltr' id='par_1_7' title="bbox 141 2596 1930 3105">
     <span class='ocr_line' id='line_1_52' title="bbox 255 2596 1927 2642; baseline -0.002 -10"><span class='ocrx_word' id='word_1_607' title='bbox 255 2598 311 2642; x_wconf 75' lang='lat'><strong>54)</strong></span> <span class='ocrx_word' id='word_1_608' title='bbox 336 2608 408 2640; x_wconf 84' lang='lat' dir='ltr'><strong>pag.</strong></span> <span class='ocrx_word' id='word_1_609' title='bbox 434 2600 513 2631; x_wconf 82' lang='lat'><strong>458.</strong></span> <span class='ocrx_word' id='word_1_610' title='bbox 562 2598 783 2631; x_wconf 81' lang='lat' dir='ltr'><strong>Fluddius:</strong></span> <span class='ocrx_word' id='word_1_611' title='bbox 809 2599 881 2630; x_wconf 89' lang='lat' dir='ltr'><strong>Hoc</strong></span> <span class='ocrx_word' id='word_1_612' title='bbox 905 2602 937 2630; x_wconf 90' lang='lat' dir='ltr'><strong>te</strong></span> <span class='ocrx_word' id='word_1_613' title='bbox 962 2599 1044 2629; x_wconf 88' lang='lat' dir='ltr'><strong>scire</strong></span> <span class='ocrx_word' id='word_1_614' title='bbox 1068 2597 1185 2636; x_wconf 81' lang='lat' dir='ltr'><strong>velim,</strong></span> <span class='ocrx_word' id='word_1_615' title='bbox 1219 2596 1398 2627; x_wconf 87' lang='lat' dir='ltr'><strong>Robertum</strong></span> <span class='ocrx_word' id='word_1_616' title='bbox 1422 2605 1482 2628; x_wconf 86' lang='lat' dir='ltr'><strong>nec</strong></span> <span class='ocrx_word' id='word_1_617' title='bbox 1507 2605 1621 2628; x_wconf 85' lang='lat' dir='ltr'><strong>curare</strong></span> <span class='ocrx_word' id='word_1_618' title='bbox 1645 2605 1705 2628; x_wconf 90' lang='lat' dir='ltr'><strong>nec</strong></span> <span class='ocrx_word' id='word_1_619' title='bbox 1727 2597 1823 2628; x_wconf 82' lang='lat' dir='ltr'><strong>flocci</strong></span> <span class='ocrx_word' id='word_1_620' title='bbox 1847 2596 1927 2639; x_wconf 83' lang='lat' dir='ltr'><strong>qui-</strong></span> 
     </span>
     <span class='ocr_line' id='line_1_53' title="bbox 142 2643 1930 2688; baseline -0.001 -12"><span class='ocrx_word' id='word_1_621' title='bbox 142 2646 215 2678; x_wconf 84' lang='lat' dir='ltr'><strong>dem</strong></span> <span class='ocrx_word' id='word_1_622' title='bbox 241 2647 392 2687; x_wconf 86' lang='lat' dir='ltr'><strong>pendere,</strong></span> <span class='ocrx_word' id='word_1_623' title='bbox 418 2655 459 2677; x_wconf 85' lang='lat' dir='ltr'><strong>an</strong></span> <span class='ocrx_word' id='word_1_624' title='bbox 483 2645 627 2677; x_wconf 77' lang='lat' dir='ltr'><strong>Joannes</strong></span> <span class='ocrx_word' id='word_1_625' title='bbox 654 2646 840 2688; x_wconf 85' lang='lat' dir='ltr'><strong>conniveat,</strong></span> <span class='ocrx_word' id='word_1_626' title='bbox 865 2649 922 2676; x_wconf 84' lang='lat' dir='ltr'><strong>aut</strong></span> <span class='ocrx_word' id='word_1_627' title='bbox 946 2645 1050 2676; x_wconf 87' lang='lat' dir='ltr'><strong>oculis</strong></span> <span class='ocrx_word' id='word_1_628' title='bbox 1076 2643 1214 2682; x_wconf 79' lang='lat' dir='ltr'><strong>quidem·</strong></span> <span class='ocrx_word' id='word_1_629' title='bbox 1233 2644 1365 2682; x_wconf 63' lang='lat' dir='ltr'><strong>apertis&gt;</strong></span> <span class='ocrx_word' id='word_1_630' title='bbox 1382 2647 1414 2674; x_wconf 86' lang='lat' dir='ltr'><strong>ct</strong></span> <span class='ocrx_word' id='word_1_631' title='bbox 1429 2643 1602 2674; x_wconf 84' lang='lat' dir='ltr'><strong>iracundia</strong></span> <span class='ocrx_word' id='word_1_632' title='bbox 1617 2643 1798 2674; x_wconf 84' lang='lat' dir='ltr'><strong>terribilius</strong></span> <span class='ocrx_word' id='word_1_633' title='bbox 1820 2643 1930 2683; x_wconf 87' lang='lat' dir='ltr'><strong>ipsum</strong></span> 
     </span>
     <span class='ocr_line' id='line_1_54' title="bbox 141 2689 1928 2734; baseline -0.001 -11"><span class='ocrx_word' id='word_1_634' title='bbox 141 2693 320 2734; x_wconf 87' lang='lat' dir='ltr'><strong>intueatur,</strong></span> <span class='ocrx_word' id='word_1_635' title='bbox 346 2702 459 2725; x_wconf 88' lang='lat' dir='ltr'><strong>necne.</strong></span> <span class='ocrx_word' id='word_1_636' title='bbox 506 2692 581 2724; x_wconf 89' lang='lat' dir='ltr'><strong>Non</strong></span> <span class='ocrx_word' id='word_1_637' title='bbox 605 2692 693 2722; x_wconf 91' lang='lat' dir='ltr'><strong>enim</strong></span> <span class='ocrx_word' id='word_1_638' title='bbox 716 2692 881 2724; x_wconf 85' lang='lat' dir='ltr'><strong>Joannem</strong></span> <span class='ocrx_word' id='word_1_639' title='bbox 904 2695 1014 2723; x_wconf 87' lang='lat' dir='ltr'><strong>metuo</strong></span> <span class='ocrx_word' id='word_1_640' title='bbox 1039 2691 1157 2729; x_wconf 85' lang='lat' dir='ltr'><strong>magis,</strong></span> <span class='ocrx_word' id='word_1_641' title='bbox 1181 2698 1281 2728; x_wconf 90' lang='lat' dir='ltr'><strong>quam</strong></span> <span class='ocrx_word' id='word_1_642' title='bbox 1306 2690 1421 2732; x_wconf 76' lang='lat' dir='ltr'><strong>virtuti</strong></span> <span class='ocrx_word' id='word_1_643' title='bbox 1445 2699 1524 2721; x_wconf 88' lang='lat' dir='ltr'><strong>suae</strong></span> <span class='ocrx_word' id='word_1_644' title='bbox 1553 2690 1759 2721; x_wconf 86' lang='lat' dir='ltr'><strong>divinitatem</strong></span> <span class='ocrx_word' id='word_1_645' title='bbox 1782 2689 1928 2723; x_wconf 81' lang='lat' dir='ltr'><strong>invideo.</strong></span> 
     </span>
     <span class='ocr_line' id='line_1_55' title="bbox 143 2735 1929 2778; baseline -0.003 -7"><span class='ocrx_word' id='word_1_646' title='bbox 143 2740 217 2771; x_wconf 88' lang='lat' dir='ltr'><strong>Non</strong></span> <span class='ocrx_word' id='word_1_647' title='bbox 242 2740 350 2775; x_wconf 83' lang='lat' dir='ltr'><strong>video,</strong></span> <span class='ocrx_word' id='word_1_648' title='bbox 375 2748 461 2778; x_wconf 87' lang='lat' dir='ltr'><strong>quae</strong></span> <span class='ocrx_word' id='word_1_649' title='bbox 485 2740 521 2770; x_wconf 91' lang='lat' dir='ltr'><strong>in</strong></span> <span class='ocrx_word' id='word_1_650' title='bbox 546 2742 603 2770; x_wconf 83' lang='lat' dir='ltr'><strong>tuo</strong></span> <span class='ocrx_word' id='word_1_651' title='bbox 629 2747 726 2778; x_wconf 86' lang='lat' dir='ltr'><strong>opere</strong></span> <span class='ocrx_word' id='word_1_652' title='bbox 749 2741 826 2770; x_wconf 88' lang='lat' dir='ltr'><strong>sunt</strong></span> <span class='ocrx_word' id='word_1_653' title='bbox 849 2738 932 2768; x_wconf 83' lang='lat' dir='ltr'><strong>adeo</strong></span> <span class='ocrx_word' id='word_1_654' title='bbox 957 2736 1168 2778; x_wconf 73' lang='lat' dir='ltr'><strong>admiranda3</strong></span> <span class='ocrx_word' id='word_1_655' title='bbox 1194 2735 1347 2773; x_wconf 77' lang='lat' dir='ltr'><strong>sufficiat,</strong></span> <span class='ocrx_word' id='word_1_656' title='bbox 1377 2737 1405 2767; x_wconf 90' lang='lat' dir='ltr'><strong>si</strong></span> <span class='ocrx_word' id='word_1_657' title='bbox 1430 2745 1512 2776; x_wconf 83' lang='lat' dir='ltr'><strong>quae</strong></span> <span class='ocrx_word' id='word_1_658' title='bbox 1537 2737 1700 2776; x_wconf 87' lang='lat' dir='ltr'><strong>scripsisti</strong></span> <span class='ocrx_word' id='word_1_659' title='bbox 1721 2735 1929 2778; x_wconf 84' lang='lat' dir='ltr'><strong>quorundam</strong></span> 
     </span>
     <span class='ocr_line' id='line_1_56' title="bbox 142 2781 1926 2826; baseline -0.002 -10"><span class='ocrx_word' id='word_1_660' title='bbox 142 2786 243 2817; x_wconf 81' lang='lat' dir='ltr'><strong>lande</strong></span> <span class='ocrx_word' id='word_1_661' title='bbox 267 2787 334 2817; x_wconf 87' lang='lat' dir='ltr'><strong>sint</strong></span> <span class='ocrx_word' id='word_1_662' title='bbox 359 2785 459 2824; x_wconf 80' lang='lat' dir='ltr'><strong>digna</strong></span> <span class='ocrx_word' id='word_1_663' title='bbox 482 2807 491 2816; x_wconf 89' lang='lat'><strong>.</strong></span> <span class='ocrx_word' id='word_1_664' title='bbox 515 2807 524 2816; x_wconf 87' lang='lat'><strong>.</strong></span> <span class='ocrx_word' id='word_1_665' title='bbox 550 2809 558 2818; x_wconf 95' lang='lat'><strong>.</strong></span> <span class='ocrx_word' id='word_1_666' title='bbox 585 2809 593 2817; x_wconf 88' lang='lat'><strong>.</strong></span> <span class='ocrx_word' id='word_1_667' title='bbox 627 2786 673 2815; x_wconf 82' lang='lat' dir='ltr'><strong>At</strong></span> <span class='ocrx_word' id='word_1_668' title='bbox 698 2785 840 2826; x_wconf 89' lang='lat' dir='ltr'><strong>denique</strong></span> <span class='ocrx_word' id='word_1_669' title='bbox 863 2785 953 2815; x_wconf 84' lang='lat' dir='ltr'><strong>Deus</strong></span> <span class='ocrx_word' id='word_1_670' title='bbox 977 2783 1059 2814; x_wconf 88' lang='lat' dir='ltr'><strong>mihi</strong></span> <span class='ocrx_word' id='word_1_671' title='bbox 1083 2783 1217 2823; x_wconf 88' lang='lat' dir='ltr'><strong>melius,</strong></span> <span class='ocrx_word' id='word_1_672' title='bbox 1253 2791 1356 2823; x_wconf 89' lang='lat' dir='ltr'><strong>quam</strong></span> <span class='ocrx_word' id='word_1_673' title='bbox 1386 2786 1423 2813; x_wconf 93' lang='lat' dir='ltr'><strong>ut</strong></span> <span class='ocrx_word' id='word_1_674' title='bbox 1446 2783 1676 2822; x_wconf 78' lang='lat' dir='ltr'><strong>aspernatione</strong></span> <span class='ocrx_word' id='word_1_675' title='bbox 1704 2781 1926 2814; x_wconf 30' lang='lat' dir='ltr'><strong>etrdei&#39;orma-</strong></span> 
     </span>
     <span class='ocr_line' id='line_1_57' title="bbox 143 2825 1928 2871; baseline -0.002 -9"><span class='ocrx_word' id='word_1_676' title='bbox 143 2833 233 2864; x_wconf 84' lang='lat' dir='ltr'><strong>tione</strong></span> <span class='ocrx_word' id='word_1_677' title='bbox 257 2833 307 2863; x_wconf 92' lang='lat' dir='ltr'><strong>tui</strong></span> <span class='ocrx_word' id='word_1_678' title='bbox 333 2833 439 2871; x_wconf 80' lang='lat' dir='ltr'><strong>operis</strong></span> <span class='ocrx_word' id='word_1_679' title='bbox 465 2841 562 2871; x_wconf 75' lang='lat' dir='ltr'><strong>opera</strong></span> <span class='ocrx_word' id='word_1_680' title='bbox 595 2832 666 2871; x_wconf 81' lang='lat' dir='ltr'><strong>ipsa</strong></span> <span class='ocrx_word' id='word_1_681' title='bbox 691 2831 755 2862; x_wconf 83' lang='lat' dir='ltr'><strong>Dei</strong></span> <span class='ocrx_word' id='word_1_682' title='bbox 780 2830 1042 2862; x_wconf 87' lang='lat' dir='ltr'><strong>diuturnioribus</strong></span> <span class='ocrx_word' id='word_1_683' title='bbox 1067 2829 1273 2868; x_wconf 82' lang='lat' dir='ltr'><strong>ignorantiae</strong></span> <span class='ocrx_word' id='word_1_684' title='bbox 1296 2825 1457 2871; x_wconf 86' lang='lat' dir='ltr'><strong>tenebris,</strong></span> <span class='ocrx_word' id='word_1_685' title='bbox 1493 2832 1652 2867; x_wconf 81' lang='lat' dir='ltr'><strong>quantum</strong></span> <span class='ocrx_word' id='word_1_686' title='bbox 1683 2830 1720 2860; x_wconf 88' lang='lat' dir='ltr'><strong>in</strong></span> <span class='ocrx_word' id='word_1_687' title='bbox 1743 2837 1795 2860; x_wconf 88' lang='lat' dir='ltr'><strong>me</strong></span> <span class='ocrx_word' id='word_1_688' title='bbox 1818 2828 1928 2867; x_wconf 88' lang='lat' dir='ltr'><strong>situm,</strong></span> 
     </span>
     <span class='ocr_line' id='line_1_58' title="bbox 144 2873 1925 2920; baseline -0.001 -12"><span class='ocrx_word' id='word_1_689' title='bbox 144 2879 219 2909; x_wconf 87' lang='lat' dir='ltr'><strong>ideo</strong></span> <span class='ocrx_word' id='word_1_690' title='bbox 242 2879 420 2920; x_wconf 77' lang='lat' dir='ltr'><strong>involvam,</strong></span> <span class='ocrx_word' id='word_1_691' title='bbox 446 2879 525 2919; x_wconf 75' lang='lat' dir='ltr'><strong>quia</strong></span> <span class='ocrx_word' id='word_1_692' title='bbox 548 2877 767 2910; x_wconf 82' lang='lat' dir='ltr'><strong>Harmoniam</strong></span> <span class='ocrx_word' id='word_1_693' title='bbox 791 2877 932 2908; x_wconf 81' lang='lat' dir='ltr'><strong>Joannis</strong></span> <span class='ocrx_word' id='word_1_694' title='bbox 957 2874 1145 2915; x_wconf 84' lang='lat' dir='ltr'><strong>Chymaeris</strong></span> <span class='ocrx_word' id='word_1_695' title='bbox 1168 2875 1264 2905; x_wconf 85' lang='lat' dir='ltr'><strong>vanis</strong></span> <span class='ocrx_word' id='word_1_696' title='bbox 1284 2878 1317 2906; x_wconf 87' lang='lat' dir='ltr'><strong>et</strong></span> <span class='ocrx_word' id='word_1_697' title='bbox 1339 2875 1375 2910; x_wconf 82' lang='lat' dir='ltr'><strong>in</strong></span> <span class='ocrx_word' id='word_1_698' title='bbox 1399 2876 1471 2906; x_wconf 66' lang='lat' dir='ltr'><strong>aere</strong></span> <span class='ocrx_word' id='word_1_699' title='bbox 1491 2875 1743 2915; x_wconf 81' lang='lat' dir='ltr'><strong>repraesentatis</strong></span> <span class='ocrx_word' id='word_1_700' title='bbox 1767 2873 1925 2907; x_wconf 82' lang='lat' dir='ltr'><strong>assimilo.</strong></span> 
     </span>
     <span class='ocr_line' id='line_1_59' title="bbox 147 2921 1928 2962; baseline -0.002 -8"><span class='ocrx_word' id='word_1_701' title='bbox 147 2924 231 2955; x_wconf 85' lang='lat' dir='ltr'><strong>Nam</strong></span> <span class='ocrx_word' id='word_1_702' title='bbox 256 2929 293 2955; x_wconf 89' lang='lat' dir='ltr'><strong>ut</strong></span> <span class='ocrx_word' id='word_1_703' title='bbox 316 2924 474 2956; x_wconf 80' lang='lat' dir='ltr'><strong>interiora</strong></span> <span class='ocrx_word' id='word_1_704' title='bbox 499 2934 555 2956; x_wconf 86' lang='lat' dir='ltr'><strong>seu</strong></span> <span class='ocrx_word' id='word_1_705' title='bbox 580 2922 732 2955; x_wconf 73' lang='lat' dir='ltr'><strong>formalia</strong></span> <span class='ocrx_word' id='word_1_706' title='bbox 755 2927 833 2955; x_wconf 87' lang='lat' dir='ltr'><strong>sunt</strong></span> <span class='ocrx_word' id='word_1_707' title='bbox 856 2923 927 2953; x_wconf 88' lang='lat' dir='ltr'><strong>Deo</strong></span> <span class='ocrx_word' id='word_1_708' title='bbox 952 2923 1121 2962; x_wconf 77' lang='lat' dir='ltr'><strong>proxima,</strong></span> <span class='ocrx_word' id='word_1_709' title='bbox 1155 2925 1289 2952; x_wconf 77' lang='lat' dir='ltr'><strong>externa</strong></span> <span class='ocrx_word' id='word_1_710' title='bbox 1312 2931 1389 2952; x_wconf 76' lang='lat' dir='ltr'><strong>vero</strong></span> <span class='ocrx_word' id='word_1_711' title='bbox 1418 2925 1452 2952; x_wconf 88' lang='lat' dir='ltr'><strong>et</strong></span> <span class='ocrx_word' id='word_1_712' title='bbox 1475 2930 1628 2961; x_wconf 86' lang='lat' dir='ltr'><strong>corporea</strong></span> <span class='ocrx_word' id='word_1_713' title='bbox 1657 2931 1678 2952; x_wconf 79' lang='lat' dir='ltr'><strong>a</strong></span> <span class='ocrx_word' id='word_1_714' title='bbox 1701 2921 1772 2952; x_wconf 88' lang='lat' dir='ltr'><strong>Deo</strong></span> <span class='ocrx_word' id='word_1_715' title='bbox 1795 2922 1928 2958; x_wconf 76' lang='lat' dir='ltr'><strong>remota.</strong></span> 
     </span>
     <span class='ocr_line' id='line_1_60' title="bbox 144 2965 1929 3011; baseline -0.001 -12"><span class='ocrx_word' id='word_1_716' title='bbox 144 2970 194 3000; x_wconf 84' lang='lat' dir='ltr'><strong>ita</strong></span> <span class='ocrx_word' id='word_1_717' title='bbox 226 2972 322 3003; x_wconf 85' lang='lat' dir='ltr'><strong>etiam</strong></span> <span class='ocrx_word' id='word_1_718' title='bbox 349 2980 467 3011; x_wconf 87' lang='lat' dir='ltr'><strong>corpus</strong></span> <span class='ocrx_word' id='word_1_719' title='bbox 502 2972 639 3002; x_wconf 86' lang='lat' dir='ltr'><strong>umbrae</strong></span> <span class='ocrx_word' id='word_1_720' title='bbox 674 2974 707 3000; x_wconf 87' lang='lat' dir='ltr'><strong>ct</strong></span> <span class='ocrx_word' id='word_1_721' title='bbox 742 2970 884 3001; x_wconf 78' lang='lat' dir='ltr'><strong>tenebris</strong></span> <span class='ocrx_word' id='word_1_722' title='bbox 920 2967 1123 2999; x_wconf 82' lang='lat' dir='ltr'><strong>assimilatur</strong></span> <span class='ocrx_word' id='word_1_723' title='bbox 1152 2967 1237 2998; x_wconf 91' lang='lat' dir='ltr'><strong>illud</strong></span> <span class='ocrx_word' id='word_1_724' title='bbox 1262 2976 1447 3008; x_wconf 75' lang='lat' dir='ltr'><strong>apparens,.</strong></span> <span class='ocrx_word' id='word_1_725' title='bbox 1473 2967 1562 3007; x_wconf 83' lang='lat' dir='ltr'><strong>quod</strong></span> <span class='ocrx_word' id='word_1_726' title='bbox 1595 2976 1660 2998; x_wconf 91' lang='lat' dir='ltr'><strong>non</strong></span> <span class='ocrx_word' id='word_1_727' title='bbox 1691 2970 1740 2998; x_wconf 88' lang='lat' dir='ltr'><strong>est</strong></span> <span class='ocrx_word' id='word_1_728' title='bbox 1763 2969 1824 3000; x_wconf 85' lang='lat' dir='ltr'><strong>etc.</strong></span> <span class='ocrx_word' id='word_1_729' title='bbox 1871 2965 1929 2998; x_wconf 88' lang='lat' dir='ltr'><strong>Sic</strong></span> 
     </span>
     <span class='ocr_line' id='line_1_61' title="bbox 148 3011 1927 3056; baseline -0.001 -11"><span class='ocrx_word' id='word_1_730' title='bbox 148 3016 246 3046; x_wconf 85' lang='lat' dir='ltr'><strong>etiam</strong></span> <span class='ocrx_word' id='word_1_731' title='bbox 270 3022 438 3048; x_wconf 80' lang='lat' dir='ltr'><strong>externam</strong></span> <span class='ocrx_word' id='word_1_732' title='bbox 462 3017 603 3049; x_wconf 83' lang='lat' dir='ltr'><strong>Joannie</strong></span> <span class='ocrx_word' id='word_1_733' title='bbox 627 3017 806 3048; x_wconf 81' lang='lat' dir='ltr'><strong>doctrinam</strong></span> <span class='ocrx_word' id='word_1_734' title='bbox 833 3015 872 3047; x_wconf 87' lang='lat' dir='ltr'><strong>de</strong></span> <span class='ocrx_word' id='word_1_735' title='bbox 895 3014 1010 3046; x_wconf 89' lang='lat' dir='ltr'><strong>mundi</strong></span> <span class='ocrx_word' id='word_1_736' title='bbox 1034 3015 1205 3045; x_wconf 84' lang='lat' dir='ltr'><strong>harmonia</strong></span> <span class='ocrx_word' id='word_1_737' title='bbox 1229 3014 1299 3045; x_wconf 83' lang='lat' dir='ltr'><strong>dixi</strong></span> <span class='ocrx_word' id='word_1_738' title='bbox 1323 3014 1371 3045; x_wconf 84' lang='lat' dir='ltr'><strong>ita</strong></span> <span class='ocrx_word' id='word_1_739' title='bbox 1394 3023 1428 3045; x_wconf 90' lang='lat' dir='ltr'><strong>se</strong></span> <span class='ocrx_word' id='word_1_740' title='bbox 1451 3013 1590 3056; x_wconf 86' lang='lat' dir='ltr'><strong>habere,</strong></span> <span class='ocrx_word' id='word_1_741' title='bbox 1614 3016 1651 3044; x_wconf 86' lang='lat' dir='ltr'><strong>ut</strong></span> <span class='ocrx_word' id='word_1_742' title='bbox 1671 3013 1766 3045; x_wconf 75' lang='lat' dir='ltr'><strong>litera</strong></span> <span class='ocrx_word' id='word_1_743' title='bbox 1790 3011 1832 3043; x_wconf 80' lang='lat' dir='ltr'><strong>ad</strong></span> <span class='ocrx_word' id='word_1_744' title='bbox 1855 3013 1927 3053; x_wconf 88' lang='lat' dir='ltr'><strong>spi-</strong></span> 
     </span>
     <span class='ocr_line' id='line_1_62' title="bbox 146 3057 1927 3105; baseline -0.001 -12"><span class='ocrx_word' id='word_1_745' title='bbox 146 3061 247 3093; x_wconf 86' lang='lat' dir='ltr'><strong>ritum</strong></span> <span class='ocrx_word' id='word_1_746' title='bbox 272 3067 304 3095; x_wconf 89' lang='lat' dir='ltr'><strong>et</strong></span> <span class='ocrx_word' id='word_1_747' title='bbox 328 3065 440 3096; x_wconf 75' lang='lat' dir='ltr'><strong>mima</strong></span> <span class='ocrx_word' id='word_1_748' title='bbox 463 3064 507 3097; x_wconf 84' lang='lat' dir='ltr'><strong>ad</strong></span> <span class='ocrx_word' id='word_1_749' title='bbox 522 3073 651 3105; x_wconf 71' lang='lat' dir='ltr'><strong>corpus.</strong></span> <span class='ocrx_word' id='word_1_750' title='bbox 696 3062 767 3096; x_wconf 81' lang='lat' dir='ltr'><strong>-Nec</strong></span> <span class='ocrx_word' id='word_1_751' title='bbox 790 3066 902 3094; x_wconf 84' lang='lat' dir='ltr'><strong>tamen</strong></span> <span class='ocrx_word' id='word_1_752' title='bbox 924 3070 1044 3100; x_wconf 84' lang='lat' dir='ltr'><strong>negare</strong></span> <span class='ocrx_word' id='word_1_753' title='bbox 1060 3070 1206 3102; x_wconf 83' lang='lat' dir='ltr'><strong>possum,</strong></span> <span class='ocrx_word' id='word_1_754' title='bbox 1231 3060 1443 3093; x_wconf 77' lang='lat' dir='ltr'><strong>Harmoniam</strong></span> <span class='ocrx_word' id='word_1_755' title='bbox 1466 3069 1559 3093; x_wconf 71' lang='lat' dir='ltr'><strong>suem</strong></span> <span class='ocrx_word' id='word_1_756' title='bbox 1577 3057 1756 3099; x_wconf 74' lang='lat' dir='ltr'><strong>secundum</strong></span> <span class='ocrx_word' id='word_1_757' title='bbox 1771 3059 1927 3092; x_wconf 74' lang='lat' dir='ltr'><strong>mathesis</strong></span> 
     </span>
    </p>
   </div>
  </div>
 </body>
</html>
