<?xml version="1.0" encoding="UTF-8"?>
<!DOCTYPE html PUBLIC "-//W3C//DTD XHTML 1.0 Transitional//EN"
    "http://www.w3.org/TR/xhtml1/DTD/xhtml1-transitional.dtd">
<html xmlns="http://www.w3.org/1999/xhtml" xml:lang="en" lang="en">
 <head>
  <title>
</title>
<meta http-equiv="Content-Type" content="text/html;charset=utf-8" />
  <meta name='ocr-system' content='tesseract 3.04.00' />
  <meta name='ocr-capabilities' content='ocr_page ocr_carea ocr_par ocr_line ocrx_word'/>
</head>
<body>
  <div class='ocr_page' id='page_1' title='image "./operaomniaedidit05kepluoft_0447.png"; bbox 0 0 1994 3276; ppageno 0'>
   <div class='ocr_carea' id='block_1_1' title="bbox 0 2198 17 2566">
    <p class='ocr_par' dir='ltr' id='par_1_1' title="bbox 0 2198 17 2566">
     <span class='ocr_line' id='line_1_1' title="bbox 0 2198 17 2566; textangle 90"><span class='ocrx_word' id='word_1_1' title='bbox 0 2338 17 2566; x_wconf 49' lang='lat' dir='ltr'><strong>w—u-v--wq</strong></span> <span class='ocrx_word' id='word_1_2' title='bbox 0 2307 4 2327; x_wconf 63' lang='grc'><strong>-»</strong></span> <span class='ocrx_word' id='word_1_3' title='bbox 0 2277 4 2294; x_wconf 46' lang='grc' dir='ltr'>ψ</span> <span class='ocrx_word' id='word_1_4' title='bbox 0 2249 4 2257; x_wconf 51' lang='lat' dir='ltr'>v</span> <span class='ocrx_word' id='word_1_5' title='bbox 0 2198 5 2228; x_wconf 50' lang='lat'><strong>„-</strong></span> 
     </span>
    </p>
   </div>
   <div class='ocr_carea' id='block_1_2' title="bbox 766 82 1879 145">
    <p class='ocr_par' dir='ltr' id='par_1_2' title="bbox 766 82 1879 145">
     <span class='ocr_line' id='line_1_2' title="bbox 766 82 1879 145; baseline -0.005 -9"><span class='ocrx_word' id='word_1_6' title='bbox 766 96 790 145; x_wconf 81' lang='lat'><strong>.&#39;</strong></span> <span class='ocrx_word' id='word_1_7' title='bbox 894 82 1083 138; x_wconf 56' lang='lat' dir='ltr'><strong>Amben-</strong></span> <span class='ocrx_word' id='word_1_8' title='bbox 1795 90 1879 131; x_wconf 73' lang='lat'><strong>429</strong></span> 
     </span>
    </p>
   </div>
   <div class='ocr_carea' id='block_1_3' title="bbox 99 203 1881 322">
    <p class='ocr_par' dir='ltr' id='par_1_3' title="bbox 99 203 1881 322">
     <span class='ocr_line' id='line_1_3' title="bbox 101 203 1881 265; baseline -0.004 -15"><span class='ocrx_word' id='word_1_9' title='bbox 101 206 239 265; x_wconf 67' lang='lat' dir='ltr'><strong>norm</strong></span> <span class='ocrx_word' id='word_1_10' title='bbox 277 209 569 261; x_wconf 71' lang='lat' dir='ltr'><strong>fundamentum</strong></span> <span class='ocrx_word' id='word_1_11' title='bbox 607 221 695 260; x_wconf 76' lang='lat' dir='ltr'><strong>esse</strong></span> <span class='ocrx_word' id='word_1_12' title='bbox 729 213 929 258; x_wconf 67' lang='lat' dir='ltr'><strong>naturam,</strong></span> <span class='ocrx_word' id='word_1_13' title='bbox 971 209 1144 260; x_wconf 73' lang='lat' dir='ltr'><strong>inprimis</strong></span> <span class='ocrx_word' id='word_1_14' title='bbox 1185 209 1224 246; x_wconf 87' lang='lat' dir='ltr'><strong>in</strong></span> <span class='ocrx_word' id='word_1_15' title='bbox 1262 206 1549 261; x_wconf 75' lang='lat' dir='ltr'><strong>consonantiis,</strong></span> <span class='ocrx_word' id='word_1_16' title='bbox 1590 203 1732 255; x_wconf 86' lang='lat' dir='ltr'><strong>quibus</strong></span> <span class='ocrx_word' id='word_1_17' title='bbox 1761 205 1881 249; x_wconf 74' lang='lat' dir='ltr'><strong>utitur</strong></span> 
     </span>
     <span class='ocr_line' id='line_1_4' title="bbox 99 262 1880 322; baseline -0.004 -12"><span class='ocrx_word' id='word_1_18' title='bbox 99 264 262 322; x_wconf 67' lang='lat' dir='ltr'><strong>artifex,</strong></span> <span class='ocrx_word' id='word_1_19' title='bbox 291 279 372 311; x_wconf 82' lang='lat' dir='ltr'><strong>non</strong></span> <span class='ocrx_word' id='word_1_20' title='bbox 388 267 507 308; x_wconf 74' lang='lat' dir='ltr'><strong>&#39;aliud</strong></span> <span class='ocrx_word' id='word_1_21' title='bbox 536 268 675 318; x_wconf 83' lang='lat' dir='ltr'><strong>hujus,</strong></span> <span class='ocrx_word' id='word_1_22' title='bbox 703 265 810 308; x_wconf 77' lang='lat' dir='ltr'><strong>aliud</strong></span> <span class='ocrx_word' id='word_1_23' title='bbox 839 266 947 311; x_wconf 83' lang='lat' dir='ltr'><strong>illius</strong></span> <span class='ocrx_word' id='word_1_24' title='bbox 974 267 1134 306; x_wconf 87' lang='lat' dir='ltr'><strong>auribus</strong></span> <span class='ocrx_word' id='word_1_25' title='bbox 1162 265 1337 316; x_wconf 84' lang='lat' dir='ltr'><strong>placere,</strong></span> <span class='ocrx_word' id='word_1_26' title='bbox 1366 263 1436 306; x_wconf 83' lang='lat' dir='ltr'><strong>sed</strong></span> <span class='ocrx_word' id='word_1_27' title='bbox 1466 262 1632 304; x_wconf 84' lang='lat' dir='ltr'><strong>eundem</strong></span> <span class='ocrx_word' id='word_1_28' title='bbox 1661 272 1880 302; x_wconf 83' lang='lat' dir='ltr'><strong>consonan-</strong></span> 
     </span>
    </p>
   </div>
   <div class='ocr_carea' id='block_1_4' title="bbox 99 318 1946 375">
    <p class='ocr_par' dir='ltr' id='par_1_4' title="bbox 99 318 1946 375">
     <span class='ocr_line' id='line_1_5' title="bbox 99 318 1946 375; baseline -0.004 -8"><span class='ocrx_word' id='word_1_29' title='bbox 99 328 240 367; x_wconf 67' lang='lat' dir='ltr'><strong>aarum</strong></span> <span class='ocrx_word' id='word_1_30' title='bbox 276 322 478 369; x_wconf 75' lang='lat' dir='ltr'><strong>numerum</strong></span> <span class='ocrx_word' id='word_1_31' title='bbox 515 327 565 366; x_wconf 90' lang='lat' dir='ltr'><strong>ab</strong></span> <span class='ocrx_word' id='word_1_32' title='bbox 603 326 773 365; x_wconf 84' lang='lat' dir='ltr'><strong>omnium</strong></span> <span class='ocrx_word' id='word_1_33' title='bbox 789 324 1002 374; x_wconf 58' lang='lat' dir='ltr'><strong>,homiuum</strong></span> <span class='ocrx_word' id='word_1_34' title='bbox 1040 325 1199 364; x_wconf 80' lang='lat' dir='ltr'><strong>auribus</strong></span> <span class='ocrx_word' id='word_1_35' title='bbox 1228 323 1457 375; x_wconf 82' lang='lat' dir='ltr'><strong>approbari,</strong></span> <span class='ocrx_word' id='word_1_36' title='bbox 1497 320 1603 372; x_wconf 88' lang='lat' dir='ltr'><strong>quod</strong></span> <span class='ocrx_word' id='word_1_37' title='bbox 1634 319 1778 366; x_wconf 83' lang='lat' dir='ltr'><strong>indicio</strong></span> <span class='ocrx_word' id='word_1_38' title='bbox 1807 327 1881 371; x_wconf 84' lang='lat' dir='ltr'><strong>est,</strong></span> <span class='ocrx_word' id='word_1_39' title='bbox 1944 318 1946 321; x_wconf 75' lang='grc'>’</span> 
     </span>
    </p>
   </div>
   <div class='ocr_carea' id='block_1_5' title="bbox 97 377 1883 1017">
    <p class='ocr_par' dir='ltr' id='par_1_5' title="bbox 97 377 1883 1017">
     <span class='ocr_line' id='line_1_6' title="bbox 98 377 1882 437; baseline -0.003 -14"><span class='ocrx_word' id='word_1_40' title='bbox 98 389 262 425; x_wconf 75' lang='lat' dir='ltr'><strong>naturae</strong></span> <span class='ocrx_word' id='word_1_41' title='bbox 291 384 367 424; x_wconf 86' lang='lat' dir='ltr'><strong>boc</strong></span> <span class='ocrx_word' id='word_1_42' title='bbox 396 396 494 437; x_wconf 85' lang='lat' dir='ltr'><strong>opus</strong></span> <span class='ocrx_word' id='word_1_43' title='bbox 523 396 622 424; x_wconf 87' lang='lat' dir='ltr'><strong>esse.</strong></span> <span class='ocrx_word' id='word_1_44' title='bbox 681 383 741 422; x_wconf 85' lang='lat' dir='ltr'><strong>Ex</strong></span> <span class='ocrx_word' id='word_1_45' title='bbox 759 383 872 422; x_wconf 86' lang='lat' dir='ltr'><strong>libris</strong></span> <span class='ocrx_word' id='word_1_46' title='bbox 901 389 1102 423; x_wconf 86' lang='lat' dir='ltr'><strong>auctorum</strong></span> <span class='ocrx_word' id='word_1_47' title='bbox 1133 382 1314 433; x_wconf 84' lang='lat' dir='ltr'><strong>decerpta</strong></span> <span class='ocrx_word' id='word_1_48' title='bbox 1341 382 1421 419; x_wconf 88' lang='lat' dir='ltr'><strong>sint</strong></span> <span class='ocrx_word' id='word_1_49' title='bbox 1450 381 1580 433; x_wconf 86' lang='lat' dir='ltr'><strong>capita</strong></span> <span class='ocrx_word' id='word_1_50' title='bbox 1597 377 1719 427; x_wconf 74' lang='lat' dir='ltr'><strong>libri,</strong></span> <span class='ocrx_word' id='word_1_51' title='bbox 1750 390 1800 418; x_wconf 90' lang='lat' dir='ltr'><strong>an</strong></span> <span class='ocrx_word' id='word_1_52' title='bbox 1832 390 1882 425; x_wconf 79' lang='lat' dir='ltr'><strong>ex</strong></span> 
     </span>
     <span class='ocr_line' id='line_1_7' title="bbox 97 436 1879 495; baseline -0.003 -12"><span class='ocrx_word' id='word_1_53' title='bbox 97 443 265 495; x_wconf 79' lang='lat' dir='ltr'><strong>proprie,</strong></span> <span class='ocrx_word' id='word_1_54' title='bbox 295 454 373 482; x_wconf 89' lang='lat' dir='ltr'><strong>non</strong></span> <span class='ocrx_word' id='word_1_55' title='bbox 403 449 463 482; x_wconf 88' lang='lat' dir='ltr'><strong>est</strong></span> <span class='ocrx_word' id='word_1_56' title='bbox 491 445 643 483; x_wconf 84' lang='lat' dir='ltr'><strong>animus</strong></span> <span class='ocrx_word' id='word_1_57' title='bbox 672 452 745 482; x_wconf 88' lang='lat' dir='ltr'><strong>nec</strong></span> <span class='ocrx_word' id='word_1_58' title='bbox 771 440 884 480; x_wconf 87' lang='lat' dir='ltr'><strong>locus</strong></span> <span class='ocrx_word' id='word_1_59' title='bbox 911 447 1038 486; x_wconf 81' lang='lat' dir='ltr'><strong>tecum</strong></span> <span class='ocrx_word' id='word_1_60' title='bbox 1058 441 1231 491; x_wconf 75' lang='lat' dir='ltr'><strong>litigare,</strong></span> <span class='ocrx_word' id='word_1_61' title='bbox 1261 438 1416 487; x_wconf 79' lang='lat' dir='ltr'><strong>sufficit,</strong></span> <span class='ocrx_word' id='word_1_62' title='bbox 1448 437 1552 489; x_wconf 82' lang='lat' dir='ltr'><strong>quod</strong></span> <span class='ocrx_word' id='word_1_63' title='bbox 1571 449 1707 482; x_wconf 83' lang='lat' dir='ltr'><strong>verum</strong></span> <span class='ocrx_word' id='word_1_64' title='bbox 1735 436 1777 476; x_wconf 89' lang='lat' dir='ltr'><strong>id</strong></span> <span class='ocrx_word' id='word_1_65' title='bbox 1806 441 1879 487; x_wconf 77' lang='lat' dir='ltr'><strong>est,</strong></span> 
     </span>
     <span class='ocr_line' id='line_1_8' title="bbox 99 497 1880 553; baseline -0.003 -12"><span class='ocrx_word' id='word_1_66' title='bbox 99 499 206 553; x_wconf 82' lang='lat' dir='ltr'><strong>quod</strong></span> <span class='ocrx_word' id='word_1_67' title='bbox 234 501 275 540; x_wconf 87' lang='lat' dir='ltr'><strong>in</strong></span> <span class='ocrx_word' id='word_1_68' title='bbox 302 503 588 552; x_wconf 82' lang='lat' dir='ltr'><strong>comparatione</strong></span> <span class='ocrx_word' id='word_1_69' title='bbox 617 500 716 548; x_wconf 84' lang='lat' dir='ltr'><strong>dixi,</strong></span> <span class='ocrx_word' id='word_1_70' title='bbox 753 510 822 548; x_wconf 90' lang='lat' dir='ltr'><strong>ea,</strong></span> <span class='ocrx_word' id='word_1_71' title='bbox 864 511 964 549; x_wconf 85' lang='lat' dir='ltr'><strong>qnae</strong></span> <span class='ocrx_word' id='word_1_72' title='bbox 994 511 1019 538; x_wconf 91' lang='lat' dir='ltr'><strong>a</strong></span> <span class='ocrx_word' id='word_1_73' title='bbox 1049 499 1246 539; x_wconf 85' lang='lat' dir='ltr'><strong>veteribus</strong></span> <span class='ocrx_word' id='word_1_74' title='bbox 1285 502 1449 549; x_wconf 89' lang='lat' dir='ltr'><strong>possunt</strong></span> <span class='ocrx_word' id='word_1_75' title='bbox 1477 497 1700 543; x_wconf 87' lang='lat' dir='ltr'><strong>transsumi,</strong></span> <span class='ocrx_word' id='word_1_76' title='bbox 1741 506 1804 534; x_wconf 88' lang='lat' dir='ltr'><strong>me</strong></span> <span class='ocrx_word' id='word_1_77' title='bbox 1832 507 1880 535; x_wconf 82' lang='lat' dir='ltr'><strong>ex</strong></span> 
     </span>
     <span class='ocr_line' id='line_1_9' title="bbox 100 552 1881 608; baseline -0.004 -8"><span class='ocrx_word' id='word_1_78' title='bbox 100 569 227 600; x_wconf 78' lang='lat' dir='ltr'><strong>retum</strong></span> <span class='ocrx_word' id='word_1_79' title='bbox 255 564 396 598; x_wconf 88' lang='lat' dir='ltr'><strong>natura</strong></span> <span class='ocrx_word' id='word_1_80' title='bbox 426 571 570 599; x_wconf 88' lang='lat' dir='ltr'><strong>eruere.</strong></span> <span class='ocrx_word' id='word_1_81' title='bbox 629 557 905 598; x_wconf 81' lang='lat' dir='ltr'><strong>Definitionem</strong></span> <span class='ocrx_word' id='word_1_82' title='bbox 934 569 1008 608; x_wconf 87' lang='lat' dir='ltr'><strong>ego</strong></span> <span class='ocrx_word' id='word_1_83' title='bbox 1038 563 1183 596; x_wconf 86' lang='lat' dir='ltr'><strong>certam</strong></span> <span class='ocrx_word' id='word_1_84' title='bbox 1220 567 1324 606; x_wconf 92' lang='lat' dir='ltr'><strong>pono</strong></span> <span class='ocrx_word' id='word_1_85' title='bbox 1355 555 1706 594; x_wconf 74' lang='lat' dir='ltr'><strong>consonantiarum.</strong></span> <span class='ocrx_word' id='word_1_86' title='bbox 1765 552 1881 593; x_wconf 83' lang='lat' dir='ltr'><strong>Hanc</strong></span> 
     </span>
     <span class='ocr_line' id='line_1_10' title="bbox 100 610 1881 670; baseline -0.002 -15"><span class='ocrx_word' id='word_1_87' title='bbox 100 615 363 656; x_wconf 78' lang='lat' dir='ltr'><strong>definitionem</strong></span> <span class='ocrx_word' id='word_1_88' title='bbox 390 619 545 668; x_wconf 83' lang='lat' dir='ltr'>recipit,</span> <span class='ocrx_word' id='word_1_89' title='bbox 583 615 786 670; x_wconf 33' lang='lat' dir='ltr'><strong>quidquid·</strong></span> <span class='ocrx_word' id='word_1_90' title='bbox 801 616 960 655; x_wconf 89' lang='lat' dir='ltr'><strong>auribus</strong></span> <span class='ocrx_word' id='word_1_91' title='bbox 990 617 1174 667; x_wconf 86' lang='lat' dir='ltr'><strong>probatur</strong></span> <span class='ocrx_word' id='word_1_92' title='bbox 1204 621 1246 653; x_wconf 90' lang='lat' dir='ltr'><strong>ut</strong></span> <span class='ocrx_word' id='word_1_93' title='bbox 1275 625 1511 662; x_wconf 86' lang='lat' dir='ltr'><strong>consonum,</strong></span> <span class='ocrx_word' id='word_1_94' title='bbox 1555 613 1723 662; x_wconf 80' lang='lat' dir='ltr'>respuit,</span> <span class='ocrx_word' id='word_1_95' title='bbox 1763 610 1881 662; x_wconf 85' lang='lat' dir='ltr'><strong>quid-</strong></span> 
     </span>
     <span class='ocr_line' id='line_1_11' title="bbox 101 671 1883 727; baseline -0.003 -14"><span class='ocrx_word' id='word_1_96' title='bbox 101 674 195 727; x_wconf 86' lang='lat' dir='ltr'><strong>quid</strong></span> <span class='ocrx_word' id='word_1_97' title='bbox 223 686 336 715; x_wconf 85' lang='lat' dir='ltr'><strong>aures</strong></span> <span class='ocrx_word' id='word_1_98' title='bbox 365 682 552 727; x_wconf 87' lang='lat' dir='ltr'><strong>respuunt</strong></span> <span class='ocrx_word' id='word_1_99' title='bbox 590 679 636 714; x_wconf 85' lang='lat' dir='ltr'><strong>ut</strong></span> <span class='ocrx_word' id='word_1_100' title='bbox 665 674 875 713; x_wconf 89' lang='lat' dir='ltr'><strong>dissonum.</strong></span> <span class='ocrx_word' id='word_1_101' title='bbox 933 674 1083 713; x_wconf 84' lang='lat' dir='ltr'><strong>Horum</strong></span> <span class='ocrx_word' id='word_1_102' title='bbox 1119 673 1253 723; x_wconf 84' lang='lat' dir='ltr'><strong>aliqua</strong></span> <span class='ocrx_word' id='word_1_103' title='bbox 1289 674 1409 712; x_wconf 88' lang='lat' dir='ltr'><strong>etiam</strong></span> <span class='ocrx_word' id='word_1_104' title='bbox 1436 671 1681 722; x_wconf 79' lang='lat' dir='ltr'><strong>Pythagoras</strong></span> <span class='ocrx_word' id='word_1_105' title='bbox 1710 681 1883 709; x_wconf 85' lang='lat' dir='ltr'><strong>consona</strong></span> 
     </span>
     <span class='ocr_line' id='line_1_12' title="bbox 100 729 1881 784; baseline -0.004 -10"><span class='ocrx_word' id='word_1_106' title='bbox 100 731 220 781; x_wconf 79' lang='lat' dir='ltr'><strong>dixit,</strong></span> <span class='ocrx_word' id='word_1_107' title='bbox 256 732 389 784; x_wconf 81' lang='lat' dir='ltr'><strong>aliqua</strong></span> <span class='ocrx_word' id='word_1_108' title='bbox 419 745 589 773; x_wconf 88' lang='lat' dir='ltr'><strong>consona</strong></span> <span class='ocrx_word' id='word_1_109' title='bbox 626 734 710 784; x_wconf 86' lang='lat' dir='ltr'><strong>ipse</strong></span> <span class='ocrx_word' id='word_1_110' title='bbox 738 734 918 782; x_wconf 88' lang='lat' dir='ltr'><strong>negavit,</strong></span> <span class='ocrx_word' id='word_1_111' title='bbox 957 731 1207 772; x_wconf 75' lang='lat' dir='ltr'><strong>Ptolemaeus</strong></span> <span class='ocrx_word' id='word_1_112' title='bbox 1243 730 1462 770; x_wconf 85' lang='lat' dir='ltr'><strong>affirmavit.</strong></span> <span class='ocrx_word' id='word_1_113' title='bbox 1520 729 1609 769; x_wconf 85' lang='lat' dir='ltr'><strong>Nou</strong></span> <span class='ocrx_word' id='word_1_114' title='bbox 1650 734 1776 768; x_wconf 88' lang='lat' dir='ltr'><strong>tamen</strong></span> <span class='ocrx_word' id='word_1_115' title='bbox 1807 739 1881 779; x_wconf 78' lang='lat' dir='ltr'><strong>ego</strong></span> 
     </span>
     <span class='ocr_line' id='line_1_13' title="bbox 99 786 1883 842; baseline -0.003 -12"><span class='ocrx_word' id='word_1_116' title='bbox 99 802 226 841; x_wconf 89' lang='lat' dir='ltr'><strong>neque</strong></span> <span class='ocrx_word' id='word_1_117' title='bbox 255 788 324 830; x_wconf 86' lang='lat' dir='ltr'><strong>illa</strong></span> <span class='ocrx_word' id='word_1_118' title='bbox 353 803 479 842; x_wconf 89' lang='lat' dir='ltr'><strong>neque</strong></span> <span class='ocrx_word' id='word_1_119' title='bbox 510 793 585 830; x_wconf 87' lang='lat' dir='ltr'><strong>ista</strong></span> <span class='ocrx_word' id='word_1_120' title='bbox 614 791 758 842; x_wconf 57' lang='lat' dir='ltr'><strong>recipi-o</strong></span> <span class='ocrx_word' id='word_1_121' title='bbox 789 791 887 828; x_wconf 89' lang='lat' dir='ltr'><strong>inter</strong></span> <span class='ocrx_word' id='word_1_122' title='bbox 917 801 1100 839; x_wconf 86' lang='lat' dir='ltr'><strong>consona,</strong></span> <span class='ocrx_word' id='word_1_123' title='bbox 1130 791 1224 841; x_wconf 83' lang='lat' dir='ltr'><strong>quia</strong></span> <span class='ocrx_word' id='word_1_124' title='bbox 1251 789 1498 841; x_wconf 83' lang='lat' dir='ltr'><strong>Pythagoras</strong></span> <span class='ocrx_word' id='word_1_125' title='bbox 1526 793 1599 826; x_wconf 86' lang='lat' dir='ltr'><strong>aut</strong></span> <span class='ocrx_word' id='word_1_126' title='bbox 1625 787 1718 837; x_wconf 88' lang='lat' dir='ltr'><strong>quia</strong></span> <span class='ocrx_word' id='word_1_127' title='bbox 1746 786 1883 826; x_wconf 91' lang='lat' dir='ltr'><strong>Ptole-</strong></span> 
     </span>
     <span class='ocr_line' id='line_1_14' title="bbox 99 844 1882 900; baseline -0.002 -12"><span class='ocrx_word' id='word_1_128' title='bbox 99 860 235 894; x_wconf 71' lang='lat' dir='ltr'><strong>meus</strong></span> <span class='ocrx_word' id='word_1_129' title='bbox 263 848 314 888; x_wconf 80' lang='lat' dir='ltr'><strong>id</strong></span> <span class='ocrx_word' id='word_1_130' title='bbox 333 849 451 899; x_wconf 82' lang='lat' dir='ltr'>dixit,</span> <span class='ocrx_word' id='word_1_131' title='bbox 490 849 560 888; x_wconf 89' lang='lat' dir='ltr'><strong>sed</strong></span> <span class='ocrx_word' id='word_1_132' title='bbox 599 851 692 900; x_wconf 87' lang='lat' dir='ltr'><strong>quia</strong></span> <span class='ocrx_word' id='word_1_133' title='bbox 728 849 893 899; x_wconf 88' lang='lat' dir='ltr'><strong>primum</strong></span> <span class='ocrx_word' id='word_1_134' title='bbox 921 861 1056 897; x_wconf 83' lang='lat' dir='ltr'><strong>aures,</strong></span> <span class='ocrx_word' id='word_1_135' title='bbox 1098 847 1238 888; x_wconf 88' lang='lat' dir='ltr'><strong>deinde</strong></span> <span class='ocrx_word' id='word_1_136' title='bbox 1270 847 1443 886; x_wconf 86' lang='lat' dir='ltr'><strong>definitio</strong></span> <span class='ocrx_word' id='word_1_137' title='bbox 1473 858 1561 885; x_wconf 87' lang='lat' dir='ltr'><strong>mea</strong></span> <span class='ocrx_word' id='word_1_138' title='bbox 1595 846 1785 896; x_wconf 87' lang='lat' dir='ltr'><strong>recipiunt</strong></span> <span class='ocrx_word' id='word_1_139' title='bbox 1813 844 1882 884; x_wconf 92' lang='lat' dir='ltr'><strong>illa</strong></span> 
     </span>
     <span class='ocr_line' id='line_1_15' title="bbox 100 902 1881 958; baseline -0.002 -11"><span class='ocrx_word' id='word_1_140' title='bbox 100 908 200 947; x_wconf 80' lang='lat' dir='ltr'><strong>inter</strong></span> <span class='ocrx_word' id='word_1_141' title='bbox 228 918 412 946; x_wconf 87' lang='lat' dir='ltr'><strong>consona.</strong></span> <span class='ocrx_word' id='word_1_142' title='bbox 471 907 600 946; x_wconf 81' lang='lat' dir='ltr'><strong>Nolim</strong></span> <span class='ocrx_word' id='word_1_143' title='bbox 630 906 809 958; x_wconf 81' lang='lat' dir='ltr'><strong>equidem</strong></span> <span class='ocrx_word' id='word_1_144' title='bbox 838 918 980 946; x_wconf 89' lang='lat' dir='ltr'><strong>novam</strong></span> <span class='ocrx_word' id='word_1_145' title='bbox 1011 907 1170 946; x_wconf 89' lang='lat' dir='ltr'><strong>auribus</strong></span> <span class='ocrx_word' id='word_1_146' title='bbox 1198 906 1491 945; x_wconf 75' lang='lat' dir='ltr'><strong>consonantiam</strong></span> <span class='ocrx_word' id='word_1_147' title='bbox 1521 903 1655 942; x_wconf 88' lang='lat' dir='ltr'><strong>invitis</strong></span> <span class='ocrx_word' id='word_1_148' title='bbox 1675 902 1881 945; x_wconf 79' lang='lat' dir='ltr'><strong>obtrudere</strong></span> 
     </span>
     <span class='ocr_line' id='line_1_16' title="bbox 100 963 1881 1017; baseline -0.002 -13"><span class='ocrx_word' id='word_1_149' title='bbox 100 963 149 1004; x_wconf 88' lang='lat' dir='ltr'><strong>de</strong></span> <span class='ocrx_word' id='word_1_150' title='bbox 175 967 353 1017; x_wconf 88' lang='lat' dir='ltr'><strong>proprio,</strong></span> <span class='ocrx_word' id='word_1_151' title='bbox 395 977 591 1015; x_wconf 87' lang='lat' dir='ltr'><strong>nunquam</strong></span> <span class='ocrx_word' id='word_1_152' title='bbox 621 972 731 1004; x_wconf 86' lang='lat' dir='ltr'><strong>tanta</strong></span> <span class='ocrx_word' id='word_1_153' title='bbox 759 976 821 1003; x_wconf 90' lang='lat' dir='ltr'><strong>me</strong></span> <span class='ocrx_word' id='word_1_154' title='bbox 850 964 996 1016; x_wconf 84' lang='lat' dir='ltr'><strong>gloriae</strong></span> <span class='ocrx_word' id='word_1_155' title='bbox 1027 965 1217 1017; x_wconf 77' lang='lat' dir='ltr'><strong>cupiditas</strong></span> <span class='ocrx_word' id='word_1_156' title='bbox 1247 966 1423 1013; x_wconf 81' lang='lat' dir='ltr'><strong>incessit,</strong></span> <span class='ocrx_word' id='word_1_157' title='bbox 1458 968 1503 1001; x_wconf 90' lang='lat' dir='ltr'><strong>ut</strong></span> <span class='ocrx_word' id='word_1_158' title='bbox 1530 969 1693 1001; x_wconf 89' lang='lat' dir='ltr'><strong>naturae</strong></span> <span class='ocrx_word' id='word_1_159' title='bbox 1726 963 1881 1003; x_wconf 88' lang='lat' dir='ltr'><strong>obtrec-</strong></span> 
     </span>
    </p>
   </div>
   <div class='ocr_carea' id='block_1_6' title="bbox 99 1021 1946 1072">
    <p class='ocr_par' dir='ltr' id='par_1_6' title="bbox 99 1021 1946 1072">
     <span class='ocr_line' id='line_1_17' title="bbox 99 1021 1946 1072; baseline -0.003 -9"><span class='ocrx_word' id='word_1_160' title='bbox 99 1023 260 1063; x_wconf 76' lang='lat' dir='ltr'><strong>tandum</strong></span> <span class='ocrx_word' id='word_1_161' title='bbox 289 1025 523 1072; x_wconf 82' lang='lat' dir='ltr'><strong>censuerim,</strong></span> <span class='ocrx_word' id='word_1_162' title='bbox 561 1023 703 1063; x_wconf 83' lang='lat' dir='ltr'><strong>sufficit</strong></span> <span class='ocrx_word' id='word_1_163' title='bbox 732 1023 845 1071; x_wconf 89' lang='lat' dir='ltr'><strong>mihi,</strong></span> <span class='ocrx_word' id='word_1_164' title='bbox 886 1025 920 1062; x_wconf 90' lang='lat' dir='ltr'><strong>si</strong></span> <span class='ocrx_word' id='word_1_165' title='bbox 951 1035 1090 1063; x_wconf 78' lang='lat' dir='ltr'><strong>causas</strong></span> <span class='ocrx_word' id='word_1_166' title='bbox 1119 1034 1270 1069; x_wconf 86' lang='lat' dir='ltr'><strong>eorum,</strong></span> <span class='ocrx_word' id='word_1_167' title='bbox 1301 1033 1403 1072; x_wconf 88' lang='lat' dir='ltr'><strong>quae</strong></span> <span class='ocrx_word' id='word_1_168' title='bbox 1433 1028 1571 1061; x_wconf 84' lang='lat' dir='ltr'><strong>natura</strong></span> <span class='ocrx_word' id='word_1_169' title='bbox 1599 1026 1808 1069; x_wconf 88' lang='lat' dir='ltr'><strong>monstrat,</strong></span> <span class='ocrx_word' id='word_1_170' title='bbox 1841 1021 1880 1058; x_wconf 88' lang='lat' dir='ltr'><strong>in</strong></span> <span class='ocrx_word' id='word_1_171' title='bbox 1943 1029 1946 1031; x_wconf 83' lang='lat'>·</span> 
     </span>
    </p>
   </div>
   <div class='ocr_carea' id='block_1_7' title="bbox 101 1079 1882 1246">
    <p class='ocr_par' dir='ltr' id='par_1_7' title="bbox 101 1079 1882 1246">
     <span class='ocr_line' id='line_1_18' title="bbox 101 1079 1882 1133; baseline -0.002 -14"><span class='ocrx_word' id='word_1_172' title='bbox 101 1080 188 1120; x_wconf 83' lang='lat' dir='ltr'><strong>luce</strong></span> <span class='ocrx_word' id='word_1_173' title='bbox 223 1093 367 1132; x_wconf 88' lang='lat' dir='ltr'><strong>ponere</strong></span> <span class='ocrx_word' id='word_1_174' title='bbox 405 1083 574 1133; x_wconf 87' lang='lat' dir='ltr'><strong>possum.</strong></span> <span class='ocrx_word' id='word_1_175' title='bbox 631 1082 793 1120; x_wconf 87' lang='lat' dir='ltr'><strong>Fmstra</strong></span> <span class='ocrx_word' id='word_1_176' title='bbox 831 1093 923 1131; x_wconf 89' lang='lat' dir='ltr'><strong>ergo</strong></span> <span class='ocrx_word' id='word_1_177' title='bbox 962 1088 1004 1120; x_wconf 91' lang='lat' dir='ltr'><strong>tu</strong></span> <span class='ocrx_word' id='word_1_178' title='bbox 1033 1083 1127 1120; x_wconf 86' lang='lat' dir='ltr'><strong>mihi</strong></span> <span class='ocrx_word' id='word_1_179' title='bbox 1161 1081 1323 1129; x_wconf 80' lang='lat' dir='ltr'><strong>adimis,</strong></span> <span class='ocrx_word' id='word_1_180' title='bbox 1368 1079 1472 1130; x_wconf 91' lang='lat' dir='ltr'><strong>quod</strong></span> <span class='ocrx_word' id='word_1_181' title='bbox 1513 1079 1750 1130; x_wconf 87' lang='lat' dir='ltr'><strong>comparatio</strong></span> <span class='ocrx_word' id='word_1_182' title='bbox 1793 1090 1882 1117; x_wconf 87' lang='lat' dir='ltr'><strong>mea</strong></span> 
     </span>
     <span class='ocr_line' id='line_1_19' title="bbox 102 1137 1881 1190; baseline -0.003 -11"><span class='ocrx_word' id='word_1_183' title='bbox 102 1140 281 1190; x_wconf 78' lang='lat' dir='ltr'><strong>nuspiam</strong></span> <span class='ocrx_word' id='word_1_184' title='bbox 310 1141 518 1190; x_wconf 83' lang='lat' dir='ltr'><strong>arrogavit.</strong></span> <span class='ocrx_word' id='word_1_185' title='bbox 577 1139 727 1190; x_wconf 81' lang='lat' dir='ltr'><strong>Negas,</strong></span> <span class='ocrx_word' id='word_1_186' title='bbox 758 1150 819 1178; x_wconf 90' lang='lat' dir='ltr'><strong>me</strong></span> <span class='ocrx_word' id='word_1_187' title='bbox 849 1139 1072 1179; x_wconf 85' lang='lat' dir='ltr'><strong>harmoniae</strong></span> <span class='ocrx_word' id='word_1_188' title='bbox 1101 1151 1211 1180; x_wconf 88' lang='lat' dir='ltr'><strong>meae</strong></span> <span class='ocrx_word' id='word_1_189' title='bbox 1240 1140 1441 1179; x_wconf 76' lang='lat' dir='ltr'><strong>materiam</strong></span> <span class='ocrx_word' id='word_1_190' title='bbox 1471 1137 1684 1176; x_wconf 88' lang='lat' dir='ltr'><strong>secundum</strong></span> <span class='ocrx_word' id='word_1_191' title='bbox 1715 1138 1881 1187; x_wconf 80' lang='lat' dir='ltr'><strong>promis-</strong></span> 
     </span>
     <span class='ocr_line' id='line_1_20' title="bbox 101 1195 1879 1246; baseline -0.001 -11"><span class='ocrx_word' id='word_1_192' title='bbox 101 1208 187 1235; x_wconf 89' lang='lat' dir='ltr'><strong>sum</strong></span> <span class='ocrx_word' id='word_1_193' title='bbox 217 1209 238 1236; x_wconf 90' lang='lat' dir='ltr'><strong>e</strong></span> <span class='ocrx_word' id='word_1_194' title='bbox 268 1209 393 1237; x_wconf 89' lang='lat' dir='ltr'><strong>rerum</strong></span> <span class='ocrx_word' id='word_1_195' title='bbox 422 1206 560 1236; x_wconf 89' lang='lat' dir='ltr'><strong>natura</strong></span> <span class='ocrx_word' id='word_1_196' title='bbox 590 1199 752 1244; x_wconf 87' lang='lat' dir='ltr'><strong>eruisse,</strong></span> <span class='ocrx_word' id='word_1_197' title='bbox 784 1203 853 1236; x_wconf 88' lang='lat' dir='ltr'><strong>aut</strong></span> <span class='ocrx_word' id='word_1_198' title='bbox 880 1209 905 1236; x_wconf 89' lang='lat' dir='ltr'><strong>a</strong></span> <span class='ocrx_word' id='word_1_199' title='bbox 936 1198 1193 1238; x_wconf 77' lang='lat' dir='ltr'><strong>tundamentis</strong></span> <span class='ocrx_word' id='word_1_200' title='bbox 1223 1198 1468 1237; x_wconf 89' lang='lat' dir='ltr'><strong>constituere.</strong></span> <span class='ocrx_word' id='word_1_201' title='bbox 1527 1195 1732 1234; x_wconf 82' lang='lat' dir='ltr'><strong>Materiam</strong></span> <span class='ocrx_word' id='word_1_202' title='bbox 1762 1207 1879 1246; x_wconf 86' lang='lat' dir='ltr'><strong>quam</strong></span> 
     </span>
    </p>
   </div>
   <div class='ocr_carea' id='block_1_8' title="bbox 99 1252 1959 1309">
    <p class='ocr_par' dir='ltr' id='par_1_8' title="bbox 99 1252 1959 1309">
     <span class='ocr_line' id='line_1_21' title="bbox 99 1252 1959 1309; baseline -0.002 -14"><span class='ocrx_word' id='word_1_203' title='bbox 99 1260 143 1295; x_wconf 86' lang='lat' dir='ltr'><strong>tu</strong></span> <span class='ocrx_word' id='word_1_204' title='bbox 170 1254 277 1305; x_wconf 72' lang='lat' dir='ltr'><strong>dicas</strong></span> <span class='ocrx_word' id='word_1_205' title='bbox 305 1256 529 1295; x_wconf 84' lang='lat' dir='ltr'><strong>harmoniae</strong></span> <span class='ocrx_word' id='word_1_206' title='bbox 558 1267 631 1306; x_wconf 85' lang='lat' dir='ltr'><strong>ego</strong></span> <span class='ocrx_word' id='word_1_207' title='bbox 663 1256 953 1309; x_wconf 52' lang='lat' dir='ltr'><strong>nonconjicio,</strong></span> <span class='ocrx_word' id='word_1_208' title='bbox 985 1268 1111 1307; x_wconf 89' lang='lat' dir='ltr'><strong>neque</strong></span> <span class='ocrx_word' id='word_1_209' title='bbox 1142 1257 1189 1295; x_wconf 89' lang='lat' dir='ltr'><strong>dc</strong></span> <span class='ocrx_word' id='word_1_210' title='bbox 1218 1256 1443 1302; x_wconf 75' lang='lat' dir='ltr'><strong>harmoniae</strong></span> <span class='ocrx_word' id='word_1_211' title='bbox 1474 1255 1637 1294; x_wconf 78' lang='lat' dir='ltr'><strong>materia</strong></span> <span class='ocrx_word' id='word_1_212' title='bbox 1665 1252 1880 1304; x_wconf 87' lang='lat' dir='ltr'><strong>quidquam</strong></span> <span class='ocrx_word' id='word_1_213' title='bbox 1944 1258 1959 1270; x_wconf 86' lang='lat'><strong>·</strong></span> 
     </span>
    </p>
   </div>
   <div class='ocr_carea' id='block_1_9' title="bbox 103 1309 1885 1539">
    <p class='ocr_par' dir='ltr' id='par_1_9' title="bbox 103 1309 1885 1539">
     <span class='ocr_line' id='line_1_22' title="bbox 106 1309 1879 1366; baseline 0 -16"><span class='ocrx_word' id='word_1_214' title='bbox 106 1312 225 1364; x_wconf 72' lang='lat' dir='ltr'><strong>huJus</strong></span> <span class='ocrx_word' id='word_1_215' title='bbox 253 1325 326 1364; x_wconf 84' lang='lat' dir='ltr'><strong>ego</strong></span> <span class='ocrx_word' id='word_1_216' title='bbox 345 1309 527 1364; x_wconf 84' lang='lat' dir='ltr'><strong>promisi,</strong></span> <span class='ocrx_word' id='word_1_217' title='bbox 571 1313 641 1354; x_wconf 87' lang='lat' dir='ltr'><strong>sed</strong></span> <span class='ocrx_word' id='word_1_218' title='bbox 670 1314 744 1353; x_wconf 89' lang='lat' dir='ltr'><strong>hoc</strong></span> <span class='ocrx_word' id='word_1_219' title='bbox 774 1326 835 1352; x_wconf 88' lang='lat' dir='ltr'><strong>me</strong></span> <span class='ocrx_word' id='word_1_220' title='bbox 865 1314 1034 1354; x_wconf 87' lang='lat' dir='ltr'><strong>voluisse</strong></span> <span class='ocrx_word' id='word_1_221' title='bbox 1063 1315 1162 1354; x_wconf 88' lang='lat' dir='ltr'><strong>liber</strong></span> <span class='ocrx_word' id='word_1_222' title='bbox 1191 1316 1275 1366; x_wconf 88' lang='lat' dir='ltr'><strong>ipse</strong></span> <span class='ocrx_word' id='word_1_223' title='bbox 1304 1315 1440 1353; x_wconf 87' lang='lat' dir='ltr'><strong>tertius</strong></span> <span class='ocrx_word' id='word_1_224' title='bbox 1470 1319 1656 1360; x_wconf 88' lang='lat' dir='ltr'><strong>testatur,</strong></span> <span class='ocrx_word' id='word_1_225' title='bbox 1692 1323 1753 1350; x_wconf 90' lang='lat' dir='ltr'><strong>me</strong></span> <span class='ocrx_word' id='word_1_226' title='bbox 1784 1323 1879 1350; x_wconf 92' lang='lat' dir='ltr'><strong>cau-</strong></span> 
     </span>
     <span class='ocr_line' id='line_1_23' title="bbox 105 1369 1885 1422; baseline -0.001 -12"><span class='ocrx_word' id='word_1_227' title='bbox 105 1382 195 1419; x_wconf 79' lang='lat' dir='ltr'><strong>sas,</strong></span> <span class='ocrx_word' id='word_1_228' title='bbox 232 1382 300 1410; x_wconf 89' lang='lat' dir='ltr'><strong>cur</strong></span> <span class='ocrx_word' id='word_1_229' title='bbox 328 1378 516 1412; x_wconf 88' lang='lat' dir='ltr'><strong>certarum</strong></span> <span class='ocrx_word' id='word_1_230' title='bbox 546 1374 806 1422; x_wconf 84' lang='lat' dir='ltr'><strong>quantitatum</strong></span> <span class='ocrx_word' id='word_1_231' title='bbox 836 1373 999 1420; x_wconf 83' lang='lat' dir='ltr'><strong>termini,</strong></span> <span class='ocrx_word' id='word_1_232' title='bbox 1029 1375 1068 1411; x_wconf 92' lang='lat' dir='ltr'><strong>in</strong></span> <span class='ocrx_word' id='word_1_233' title='bbox 1099 1384 1215 1412; x_wconf 87' lang='lat' dir='ltr'><strong>voces</strong></span> <span class='ocrx_word' id='word_1_234' title='bbox 1244 1371 1441 1411; x_wconf 84' lang='lat' dir='ltr'><strong>naturales</strong></span> <span class='ocrx_word' id='word_1_235' title='bbox 1470 1370 1697 1418; x_wconf 87' lang='lat' dir='ltr'><strong>introducti,</strong></span> <span class='ocrx_word' id='word_1_236' title='bbox 1738 1369 1885 1409; x_wconf 77' lang='lat' dir='ltr'><strong>faciant</strong></span> 
     </span>
     <span class='ocr_line' id='line_1_24' title="bbox 103 1427 1883 1482; baseline 0 -15"><span class='ocrx_word' id='word_1_237' title='bbox 103 1440 172 1468; x_wconf 88' lang='lat' dir='ltr'><strong>cas</strong></span> <span class='ocrx_word' id='word_1_238' title='bbox 200 1440 432 1482; x_wconf 85' lang='lat' dir='ltr'><strong>consonare,</strong></span> <span class='ocrx_word' id='word_1_239' title='bbox 473 1431 637 1470; x_wconf 89' lang='lat' dir='ltr'><strong>aliarum</strong></span> <span class='ocrx_word' id='word_1_240' title='bbox 674 1432 934 1480; x_wconf 81' lang='lat' dir='ltr'><strong>quantitatum</strong></span> <span class='ocrx_word' id='word_1_241' title='bbox 977 1432 1126 1470; x_wconf 87' lang='lat' dir='ltr'><strong>termini</strong></span> <span class='ocrx_word' id='word_1_242' title='bbox 1165 1431 1240 1470; x_wconf 90' lang='lat' dir='ltr'><strong>hoc</strong></span> <span class='ocrx_word' id='word_1_243' title='bbox 1267 1442 1345 1472; x_wconf 86' lang='grc'><strong>11011</strong></span> <span class='ocrx_word' id='word_1_244' title='bbox 1374 1430 1540 1477; x_wconf 86' lang='lat' dir='ltr'><strong>saciant,</strong></span> <span class='ocrx_word' id='word_1_245' title='bbox 1579 1427 1696 1478; x_wconf 88' lang='lat' dir='ltr'><strong>hujus</strong></span> <span class='ocrx_word' id='word_1_246' title='bbox 1726 1429 1883 1478; x_wconf 88' lang='lat' dir='ltr'><strong>inquam</strong></span> 
     </span>
     <span class='ocr_line' id='line_1_25' title="bbox 103 1486 1885 1539; baseline 0.001 -15"><span class='ocrx_word' id='word_1_247' title='bbox 103 1487 158 1525; x_wconf 90' lang='lat' dir='ltr'><strong>rei</strong></span> <span class='ocrx_word' id='word_1_248' title='bbox 188 1498 327 1527; x_wconf 80' lang='lat' dir='ltr'><strong>causas</strong></span> <span class='ocrx_word' id='word_1_249' title='bbox 369 1501 430 1527; x_wconf 92' lang='lat' dir='ltr'><strong>me</strong></span> <span class='ocrx_word' id='word_1_250' title='bbox 468 1501 488 1528; x_wconf 93' lang='lat' dir='ltr'><strong>e</strong></span> <span class='ocrx_word' id='word_1_251' title='bbox 518 1500 644 1527; x_wconf 87' lang='lat' dir='ltr'><strong>rerum</strong></span> <span class='ocrx_word' id='word_1_252' title='bbox 682 1494 822 1527; x_wconf 88' lang='lat' dir='ltr'><strong>natura</strong></span> <span class='ocrx_word' id='word_1_253' title='bbox 858 1491 1015 1530; x_wconf 84' lang='lat' dir='ltr'><strong>eruisse.</strong></span> <span class='ocrx_word' id='word_1_254' title='bbox 1072 1488 1163 1527; x_wconf 88' lang='lat' dir='ltr'><strong>Vin‘</strong></span> <span class='ocrx_word' id='word_1_255' title='bbox 1192 1491 1309 1539; x_wconf 86' lang='lat' dir='ltr'><strong>igitur</strong></span> <span class='ocrx_word' id='word_1_256' title='bbox 1346 1493 1389 1526; x_wconf 87' lang='lat' dir='ltr'><strong>tu</strong></span> <span class='ocrx_word' id='word_1_257' title='bbox 1426 1488 1546 1534; x_wconf 87' lang='lat' dir='ltr'><strong>scire,</strong></span> <span class='ocrx_word' id='word_1_258' title='bbox 1579 1497 1691 1535; x_wconf 11' lang='lat' dir='ltr'><strong>*quae</strong></span> <span class='ocrx_word' id='word_1_259' title='bbox 1726 1487 1777 1524; x_wconf 86' lang='lat' dir='ltr'><strong>sit</strong></span> <span class='ocrx_word' id='word_1_260' title='bbox 1817 1486 1885 1526; x_wconf 88' lang='lat' dir='ltr'><strong>illa</strong></span> 
     </span>
    </p>
   </div>
   <div class='ocr_carea' id='block_1_10' title="bbox 102 1543 1882 1599">
    <p class='ocr_par' dir='ltr' id='par_1_10' title="bbox 38 1543 1882 1599">
     <span class='ocr_line' id='line_1_26' title="bbox 102 1543 1882 1599; baseline -0.001 -15.035"><span class='ocrx_word' id='word_1_261' title='bbox 102 1555 230 1599; x_wconf 79' lang='lat' dir='ltr'><strong>rerum</strong></span> <span class='ocrx_word' id='word_1_262' title='bbox 258 1546 424 1586; x_wconf 77' lang='lat' dir='ltr'><strong>natura?</strong></span> <span class='ocrx_word' id='word_1_263' title='bbox 483 1547 625 1584; x_wconf 83' lang='lat' dir='ltr'><strong>Anima</strong></span> <span class='ocrx_word' id='word_1_264' title='bbox 664 1547 836 1586; x_wconf 81' lang='lat' dir='ltr'><strong>humana</strong></span> <span class='ocrx_word' id='word_1_265' title='bbox 870 1558 960 1596; x_wconf 87' lang='lat' dir='ltr'><strong>pars</strong></span> <span class='ocrx_word' id='word_1_266' title='bbox 995 1552 1054 1586; x_wconf 87' lang='lat' dir='ltr'><strong>est</strong></span> <span class='ocrx_word' id='word_1_267' title='bbox 1084 1553 1262 1594; x_wconf 90' lang='lat' dir='ltr'><strong>naturae,</strong></span> <span class='ocrx_word' id='word_1_268' title='bbox 1305 1548 1343 1584; x_wconf 92' lang='lat' dir='ltr'><strong>in</strong></span> <span class='ocrx_word' id='word_1_269' title='bbox 1374 1547 1505 1584; x_wconf 90' lang='lat' dir='ltr'><strong>anima</strong></span> <span class='ocrx_word' id='word_1_270' title='bbox 1543 1543 1690 1583; x_wconf 82' lang='lat' dir='ltr'><strong>relucet</strong></span> <span class='ocrx_word' id='word_1_271' title='bbox 1717 1543 1882 1594; x_wconf 80' lang='lat' dir='ltr'><strong>circulus</strong></span> 
     </span>
    </p>
   </div>
   <div class='ocr_carea' id='block_1_11' title="bbox 102 1603 1885 1828">
    <p class='ocr_par' dir='ltr' id='par_1_11' title="bbox 102 1603 1885 1828">
     <span class='ocr_line' id='line_1_27' title="bbox 105 1603 1884 1656; baseline 0 -16"><span class='ocrx_word' id='word_1_272' title='bbox 105 1603 189 1641; x_wconf 81' lang='lat' dir='ltr'><strong>cu&#39;m</strong></span> <span class='ocrx_word' id='word_1_273' title='bbox 218 1605 300 1643; x_wconf 85' lang='lat' dir='ltr'><strong>suis</strong></span> <span class='ocrx_word' id='word_1_274' title='bbox 330 1603 584 1643; x_wconf 84' lang='lat' dir='ltr'><strong>divisionibus</strong></span> <span class='ocrx_word' id='word_1_275' title='bbox 614 1616 681 1654; x_wconf 91' lang='lat' dir='ltr'><strong>per</strong></span> <span class='ocrx_word' id='word_1_276' title='bbox 710 1605 903 1654; x_wconf 88' lang='lat' dir='ltr'><strong>regularia</strong></span> <span class='ocrx_word' id='word_1_277' title='bbox 930 1605 1071 1654; x_wconf 84' lang='lat' dir='ltr'><strong>plana,</strong></span> <span class='ocrx_word' id='word_1_278' title='bbox 1115 1612 1319 1656; x_wconf 85' lang='lat' dir='ltr'><strong>propterea</strong></span> <span class='ocrx_word' id='word_1_279' title='bbox 1360 1605 1453 1653; x_wconf 85' lang='lat' dir='ltr'><strong>quia</strong></span> <span class='ocrx_word' id='word_1_280' title='bbox 1482 1604 1633 1641; x_wconf 87' lang='lat' dir='ltr'><strong>animus</strong></span> <span class='ocrx_word' id='word_1_281' title='bbox 1667 1607 1726 1640; x_wconf 89' lang='lat' dir='ltr'><strong>est</strong></span> <span class='ocrx_word' id='word_1_282' title='bbox 1754 1603 1884 1652; x_wconf 84' lang='lat' dir='ltr'><strong>imago</strong></span> 
     </span>
     <span class='ocr_line' id='line_1_28' title="bbox 102 1659 1885 1713; baseline 0.001 -15"><span class='ocrx_word' id='word_1_283' title='bbox 102 1659 281 1710; x_wconf 65' lang='lat' dir='ltr'><strong>Dei;„ex</strong></span> <span class='ocrx_word' id='word_1_284' title='bbox 311 1661 501 1701; x_wconf 82' lang='lat' dir='ltr'><strong>divisione</strong></span> <span class='ocrx_word' id='word_1_285' title='bbox 531 1662 683 1710; x_wconf 89' lang='lat' dir='ltr'><strong>circuli,</strong></span> <span class='ocrx_word' id='word_1_286' title='bbox 725 1674 826 1712; x_wconf 82' lang='lat' dir='ltr'><strong>quae</strong></span> <span class='ocrx_word' id='word_1_287' title='bbox 855 1663 899 1700; x_wconf 87' lang='lat' dir='ltr'><strong>fit</strong></span> <span class='ocrx_word' id='word_1_288' title='bbox 928 1665 966 1700; x_wconf 91' lang='lat' dir='ltr'><strong>in</strong></span> <span class='ocrx_word' id='word_1_289' title='bbox 996 1666 1117 1713; x_wconf 88' lang='lat' dir='ltr'><strong>ipsius</strong></span> <span class='ocrx_word' id='word_1_290' title='bbox 1148 1665 1299 1701; x_wconf 90' lang='lat' dir='ltr'><strong>animae</strong></span> <span class='ocrx_word' id='word_1_291' title='bbox 1338 1662 1507 1700; x_wconf 83' lang='lat' dir='ltr'><strong>essentia</strong></span> <span class='ocrx_word' id='word_1_292' title='bbox 1542 1659 1755 1699; x_wconf 88' lang='lat' dir='ltr'><strong>secundum</strong></span> <span class='ocrx_word' id='word_1_293' title='bbox 1786 1659 1885 1699; x_wconf 90' lang='lat' dir='ltr'><strong>Pro-</strong></span> 
     </span>
     <span class='ocr_line' id='line_1_29' title="bbox 103 1717 1884 1770; baseline 0.001 -14"><span class='ocrx_word' id='word_1_294' title='bbox 103 1717 222 1767; x_wconf 89' lang='lat' dir='ltr'><strong>clum,</strong></span> <span class='ocrx_word' id='word_1_295' title='bbox 266 1721 324 1758; x_wconf 87' lang='lat' dir='ltr'><strong>tui</strong></span> <span class='ocrx_word' id='word_1_296' title='bbox 351 1719 563 1759; x_wconf 88' lang='lat' dir='ltr'><strong>Jamblicbi</strong></span> <span class='ocrx_word' id='word_1_297' title='bbox 596 1720 847 1770; x_wconf 85' lang='lat' dir='ltr'><strong>discipulum,</strong></span> <span class='ocrx_word' id='word_1_298' title='bbox 886 1722 1170 1760; x_wconf 89' lang='lat' dir='ltr'><strong>constituuntur</strong></span> <span class='ocrx_word' id='word_1_299' title='bbox 1200 1721 1350 1759; x_wconf 86' lang='lat' dir='ltr'><strong>termini</strong></span> <span class='ocrx_word' id='word_1_300' title='bbox 1380 1719 1668 1757; x_wconf 86' lang='lat' dir='ltr'><strong>harmoniarum</strong></span> <span class='ocrx_word' id='word_1_301' title='bbox 1708 1718 1884 1757; x_wconf 88' lang='lat' dir='ltr'><strong>intellec-</strong></span> 
     </span>
     <span class='ocr_line' id='line_1_30' title="bbox 103 1775 1883 1828; baseline -0.001 -13"><span class='ocrx_word' id='word_1_302' title='bbox 103 1775 268 1826; x_wconf 83' lang='lat' dir='ltr'><strong>tualium</strong></span> <span class='ocrx_word' id='word_1_303' title='bbox 296 1779 336 1815; x_wconf 91' lang='lat' dir='ltr'><strong>in</strong></span> <span class='ocrx_word' id='word_1_304' title='bbox 364 1778 521 1826; x_wconf 90' lang='lat' dir='ltr'><strong>mundo,</strong></span> <span class='ocrx_word' id='word_1_305' title='bbox 555 1784 596 1816; x_wconf 88' lang='lat' dir='ltr'><strong>ut</strong></span> <span class='ocrx_word' id='word_1_306' title='bbox 625 1784 715 1816; x_wconf 92' lang='lat' dir='ltr'><strong>tuus</strong></span> <span class='ocrx_word' id='word_1_307' title='bbox 745 1777 1001 1826; x_wconf 87' lang='lat' dir='ltr'><strong>Jambliehus,</strong></span> <span class='ocrx_word' id='word_1_308' title='bbox 1035 1778 1286 1828; x_wconf 87' lang='lat' dir='ltr'><strong>intelligibili,</strong></span> <span class='ocrx_word' id='word_1_309' title='bbox 1318 1783 1360 1816; x_wconf 88' lang='lat' dir='ltr'><strong>ut</strong></span> <span class='ocrx_word' id='word_1_310' title='bbox 1390 1788 1475 1827; x_wconf 87' lang='lat' dir='ltr'><strong>ego,</strong></span> <span class='ocrx_word' id='word_1_311' title='bbox 1511 1778 1549 1814; x_wconf 91' lang='lat' dir='ltr'><strong>in</strong></span> <span class='ocrx_word' id='word_1_312' title='bbox 1579 1781 1706 1814; x_wconf 89' lang='lat' dir='ltr'><strong>mente</strong></span> <span class='ocrx_word' id='word_1_313' title='bbox 1737 1775 1883 1825; x_wconf 77' lang='lat' dir='ltr'><strong>divina,</strong></span> 
     </span>
    </p>
   </div>
   <div class='ocr_carea' id='block_1_12' title="bbox 84 1834 1884 1888">
    <p class='ocr_par' dir='ltr' id='par_1_12' title="bbox 84 1834 1884 1888">
     <span class='ocr_line' id='line_1_31' title="bbox 84 1834 1884 1888; baseline 0.001 -16"><span class='ocrx_word' id='word_1_314' title='bbox 84 1834 216 1885; x_wconf 68' lang='lat' dir='ltr'><strong>‘cujus</strong></span> <span class='ocrx_word' id='word_1_315' title='bbox 256 1836 450 1888; x_wconf 85' lang='lat' dir='ltr'><strong>exemplar</strong></span> <span class='ocrx_word' id='word_1_316' title='bbox 488 1836 552 1875; x_wconf 79' lang='lat' dir='ltr'><strong>hic</strong></span> <span class='ocrx_word' id='word_1_317' title='bbox 581 1843 640 1874; x_wconf 89' lang='lat' dir='ltr'><strong>est</strong></span> <span class='ocrx_word' id='word_1_318' title='bbox 668 1836 857 1884; x_wconf 87' lang='lat' dir='ltr'><strong>humana,</strong></span> <span class='ocrx_word' id='word_1_319' title='bbox 899 1836 1156 1876; x_wconf 86' lang='lat' dir='ltr'><strong>characterem</strong></span> <span class='ocrx_word' id='word_1_320' title='bbox 1193 1848 1317 1875; x_wconf 89' lang='lat' dir='ltr'><strong>rerum</strong></span> <span class='ocrx_word' id='word_1_321' title='bbox 1356 1835 1675 1885; x_wconf 88' lang='lat' dir='ltr'><strong>geometricarum</strong></span> <span class='ocrx_word' id='word_1_322' title='bbox 1714 1834 1804 1872; x_wconf 91' lang='lat' dir='ltr'><strong>iude</strong></span> <span class='ocrx_word' id='word_1_323' title='bbox 1833 1834 1884 1873; x_wconf 89' lang='lat' dir='ltr'><strong>ab</strong></span> 
     </span>
    </p>
   </div>
   <div class='ocr_carea' id='block_1_13' title="bbox 105 1892 1887 2464">
    <p class='ocr_par' dir='ltr' id='par_1_13' title="bbox 105 1892 1887 2464">
     <span class='ocr_line' id='line_1_32' title="bbox 106 1892 1885 1945; baseline 0 -14"><span class='ocrx_word' id='word_1_324' title='bbox 106 1897 191 1931; x_wconf 83' lang='lat' dir='ltr'><strong>ortu</strong></span> <span class='ocrx_word' id='word_1_325' title='bbox 218 1892 386 1932; x_wconf 86' lang='lat' dir='ltr'><strong>hominis</strong></span> <span class='ocrx_word' id='word_1_326' title='bbox 415 1907 462 1933; x_wconf 85' lang='lat' dir='ltr'><strong>ex</strong></span> <span class='ocrx_word' id='word_1_327' title='bbox 491 1894 703 1945; x_wconf 80' lang='lat' dir='ltr'><strong>archetypo</strong></span> <span class='ocrx_word' id='word_1_328' title='bbox 747 1906 818 1932; x_wconf 88' lang='lat' dir='ltr'><strong>suo</strong></span> <span class='ocrx_word' id='word_1_329' title='bbox 848 1896 1028 1933; x_wconf 84' lang='lat' dir='ltr'><strong>retinens.</strong></span> <span class='ocrx_word' id='word_1_330' title='bbox 1089 1894 1284 1945; x_wconf 85' lang='lat' dir='ltr'><strong>Amplius:</strong></span> <span class='ocrx_word' id='word_1_331' title='bbox 1324 1892 1480 1932; x_wconf 88' lang='lat' dir='ltr'><strong>auditus</strong></span> <span class='ocrx_word' id='word_1_332' title='bbox 1517 1904 1606 1943; x_wconf 91' lang='lat' dir='ltr'><strong>pars</strong></span> <span class='ocrx_word' id='word_1_333' title='bbox 1643 1897 1702 1930; x_wconf 88' lang='lat' dir='ltr'><strong>est</strong></span> <span class='ocrx_word' id='word_1_334' title='bbox 1730 1893 1885 1931; x_wconf 91' lang='lat' dir='ltr'><strong>animae</strong></span> 
     </span>
     <span class='ocr_line' id='line_1_33' title="bbox 105 1952 1884 2002; baseline 0.001 -13"><span class='ocrx_word' id='word_1_335' title='bbox 105 1955 344 2001; x_wconf 76' lang='lat' dir='ltr'><strong>testaturque</strong></span> <span class='ocrx_word' id='word_1_336' title='bbox 374 1955 406 1990; x_wconf 93' lang='lat' dir='ltr'><strong>is</strong></span> <span class='ocrx_word' id='word_1_337' title='bbox 436 1952 484 1991; x_wconf 92' lang='lat' dir='ltr'><strong>de</strong></span> <span class='ocrx_word' id='word_1_338' title='bbox 514 1955 619 1991; x_wconf 87' lang='lat' dir='ltr'><strong>sonis</strong></span> <span class='ocrx_word' id='word_1_339' title='bbox 648 1964 856 2002; x_wconf 86' lang='lat' dir='ltr'><strong>eorumque</strong></span> <span class='ocrx_word' id='word_1_340' title='bbox 886 1954 1179 2002; x_wconf 85' lang='lat' dir='ltr'><strong>quantitatibus,</strong></span> <span class='ocrx_word' id='word_1_341' title='bbox 1212 1964 1309 2002; x_wconf 86' lang='lat' dir='ltr'><strong>quas</strong></span> <span class='ocrx_word' id='word_1_342' title='bbox 1328 1963 1464 1990; x_wconf 90' lang='lat' dir='ltr'><strong>sensus</strong></span> <span class='ocrx_word' id='word_1_343' title='bbox 1485 1952 1697 1989; x_wconf 88' lang='lat' dir='ltr'><strong>communis</strong></span> <span class='ocrx_word' id='word_1_344' title='bbox 1727 1961 1884 2001; x_wconf 86' lang='lat' dir='ltr'><strong>reprae-</strong></span> 
     </span>
     <span class='ocr_line' id='line_1_34' title="bbox 108 2008 1885 2062; baseline 0.001 -16"><span class='ocrx_word' id='word_1_345' title='bbox 108 2013 236 2047; x_wconf 83' lang='lat' dir='ltr'><strong>sentat</strong></span> <span class='ocrx_word' id='word_1_346' title='bbox 264 2010 489 2049; x_wconf 90' lang='lat' dir='ltr'><strong>intellectui.</strong></span> <span class='ocrx_word' id='word_1_347' title='bbox 548 2011 593 2048; x_wconf 92' lang='lat' dir='ltr'><strong>In</strong></span> <span class='ocrx_word' id='word_1_348' title='bbox 623 2010 684 2048; x_wconf 87' lang='lat' dir='ltr'><strong>his</strong></span> <span class='ocrx_word' id='word_1_349' title='bbox 714 2012 747 2049; x_wconf 88' lang='lat' dir='ltr'><strong>si</strong></span> <span class='ocrx_word' id='word_1_350' title='bbox 778 2012 970 2049; x_wconf 80' lang='lat' dir='ltr'><strong>invenitur</strong></span> <span class='ocrx_word' id='word_1_351' title='bbox 997 2012 1234 2062; x_wconf 79' lang='lat' dir='ltr'><strong>proportio,&#39;</strong></span> <span class='ocrx_word' id='word_1_352' title='bbox 1252 2013 1290 2048; x_wconf 91' lang='lat' dir='ltr'><strong>in</strong></span> <span class='ocrx_word' id='word_1_353' title='bbox 1320 2008 1518 2058; x_wconf 88' lang='lat' dir='ltr'><strong>intellectu</strong></span> <span class='ocrx_word' id='word_1_354' title='bbox 1543 2009 1626 2058; x_wconf 91' lang='lat' dir='ltr'><strong>jam</strong></span> <span class='ocrx_word' id='word_1_355' title='bbox 1656 2009 1706 2046; x_wconf 86' lang='lat' dir='ltr'><strong>ab</strong></span> <span class='ocrx_word' id='word_1_356' title='bbox 1737 2010 1885 2058; x_wconf 89' lang='lat' dir='ltr'><strong>origine</strong></span> 
     </span>
     <span class='ocr_line' id='line_1_35' title="bbox 108 2065 1887 2116; baseline 0.002 -13"><span class='ocrx_word' id='word_1_357' title='bbox 108 2065 301 2115; x_wconf 86' lang='lat' dir='ltr'><strong>relucens,</strong></span> <span class='ocrx_word' id='word_1_358' title='bbox 339 2070 424 2107; x_wconf 88' lang='lat' dir='ltr'><strong>soni</strong></span> <span class='ocrx_word' id='word_1_359' title='bbox 454 2068 494 2106; x_wconf 90' lang='lat' dir='ltr'><strong>hi</strong></span> <span class='ocrx_word' id='word_1_360' title='bbox 525 2075 727 2107; x_wconf 82' lang='lat' dir='ltr'><strong>censentur</strong></span> <span class='ocrx_word' id='word_1_361' title='bbox 766 2068 1000 2116; x_wconf 88' lang='lat' dir='ltr'><strong>harmonici,</strong></span> <span class='ocrx_word' id='word_1_362' title='bbox 1040 2069 1131 2109; x_wconf 87' lang='lat' dir='ltr'><strong>hinc</strong></span> <span class='ocrx_word' id='word_1_363' title='bbox 1173 2071 1291 2108; x_wconf 88' lang='lat' dir='ltr'><strong>oritur</strong></span> <span class='ocrx_word' id='word_1_364' title='bbox 1319 2068 1524 2106; x_wconf 85' lang='lat' dir='ltr'><strong>delectatio</strong></span> <span class='ocrx_word' id='word_1_365' title='bbox 1561 2067 1623 2105; x_wconf 90' lang='lat' dir='ltr'><strong>ab.</strong></span> <span class='ocrx_word' id='word_1_366' title='bbox 1654 2068 1712 2105; x_wconf 88' lang='lat' dir='ltr'><strong>iis.</strong></span> <span class='ocrx_word' id='word_1_367' title='bbox 1775 2065 1887 2106; x_wconf 89' lang='lat' dir='ltr'><strong>Haec</strong></span> 
     </span>
     <span class='ocr_line' id='line_1_36' title="bbox 107 2124 1886 2177; baseline 0 -16"><span class='ocrx_word' id='word_1_368' title='bbox 107 2124 164 2163; x_wconf 85' lang='lat' dir='ltr'><strong>sic</strong></span> <span class='ocrx_word' id='word_1_369' title='bbox 192 2125 232 2162; x_wconf 86' lang='lat' dir='ltr'><strong>in</strong></span> <span class='ocrx_word' id='word_1_370' title='bbox 260 2137 412 2175; x_wconf 87' lang='lat' dir='ltr'><strong>genere.</strong></span> <span class='ocrx_word' id='word_1_371' title='bbox 471 2125 564 2165; x_wconf 85' lang='lat' dir='ltr'><strong>Jam</strong></span> <span class='ocrx_word' id='word_1_372' title='bbox 596 2129 635 2164; x_wconf 92' lang='lat' dir='ltr'><strong>in</strong></span> <span class='ocrx_word' id='word_1_373' title='bbox 664 2128 805 2176; x_wconf 87' lang='lat' dir='ltr'><strong>specie,</strong></span> <span class='ocrx_word' id='word_1_374' title='bbox 836 2138 925 2177; x_wconf 86' lang='lat' dir='ltr'><strong>pars</strong></span> <span class='ocrx_word' id='word_1_375' title='bbox 954 2133 1115 2166; x_wconf 88' lang='lat' dir='ltr'><strong>naturae</strong></span> <span class='ocrx_word' id='word_1_376' title='bbox 1145 2139 1269 2166; x_wconf 86' lang='lat' dir='ltr'><strong>rerum</strong></span> <span class='ocrx_word' id='word_1_377' title='bbox 1290 2125 1591 2175; x_wconf 85' lang='lat' dir='ltr'><strong>intelligibilium</strong></span> <span class='ocrx_word' id='word_1_378' title='bbox 1622 2132 1680 2162; x_wconf 87' lang='lat' dir='ltr'><strong>est</strong></span> <span class='ocrx_word' id='word_1_379' title='bbox 1710 2125 1886 2174; x_wconf 88' lang='lat' dir='ltr'><strong>triangu-</strong></span> 
     </span>
     <span class='ocr_line' id='line_1_37' title="bbox 107 2181 1885 2235; baseline 0 -15"><span class='ocrx_word' id='word_1_380' title='bbox 107 2181 200 2230; x_wconf 88' lang='lat' dir='ltr'><strong>lum,</strong></span> <span class='ocrx_word' id='word_1_381' title='bbox 229 2194 319 2232; x_wconf 88' lang='lat' dir='ltr'><strong>pars</strong></span> <span class='ocrx_word' id='word_1_382' title='bbox 349 2183 659 2234; x_wconf 86' lang='lat' dir='ltr'><strong>quadrangulum</strong></span> <span class='ocrx_word' id='word_1_383' title='bbox 687 2190 727 2223; x_wconf 89' lang='lat' dir='ltr'><strong>et</strong></span> <span class='ocrx_word' id='word_1_384' title='bbox 754 2186 810 2223; x_wconf 91' lang='lat' dir='ltr'><strong>sic</strong></span> <span class='ocrx_word' id='word_1_385' title='bbox 839 2184 887 2223; x_wconf 86' lang='lat' dir='ltr'><strong>de</strong></span> <span class='ocrx_word' id='word_1_386' title='bbox 917 2187 1071 2232; x_wconf 87' lang='lat' dir='ltr'><strong>ceteris,</strong></span> <span class='ocrx_word' id='word_1_387' title='bbox 1104 2192 1143 2224; x_wconf 90' lang='lat' dir='ltr'><strong>et</strong></span> <span class='ocrx_word' id='word_1_388' title='bbox 1172 2185 1371 2235; x_wconf 89' lang='lat' dir='ltr'><strong>quodlibet</strong></span> <span class='ocrx_word' id='word_1_389' title='bbox 1401 2183 1603 2232; x_wconf 88' lang='lat' dir='ltr'><strong>distinguit</strong></span> <span class='ocrx_word' id='word_1_390' title='bbox 1633 2181 1816 2220; x_wconf 88' lang='lat' dir='ltr'><strong>circulum</strong></span> <span class='ocrx_word' id='word_1_391' title='bbox 1846 2184 1885 2220; x_wconf 90' lang='lat' dir='ltr'><strong>in</strong></span> 
     </span>
     <span class='ocr_line' id='line_1_38' title="bbox 109 2239 1886 2292; baseline 0.002 -16"><span class='ocrx_word' id='word_1_392' title='bbox 109 2244 250 2290; x_wconf 87' lang='lat' dir='ltr'><strong>partes,</strong></span> <span class='ocrx_word' id='word_1_393' title='bbox 282 2252 382 2290; x_wconf 90' lang='lat' dir='ltr'><strong>quae</strong></span> <span class='ocrx_word' id='word_1_394' title='bbox 412 2241 508 2280; x_wconf 89' lang='lat' dir='ltr'><strong>fiunt</strong></span> <span class='ocrx_word' id='word_1_395' title='bbox 538 2244 752 2292; x_wconf 87' lang='lat' dir='ltr'><strong>quantitate</strong></span> <span class='ocrx_word' id='word_1_396' title='bbox 782 2255 851 2281; x_wconf 88' lang='lat' dir='ltr'><strong>seu</strong></span> <span class='ocrx_word' id='word_1_397' title='bbox 880 2243 1122 2292; x_wconf 87' lang='lat' dir='ltr'><strong>longitudine</strong></span> <span class='ocrx_word' id='word_1_398' title='bbox 1152 2256 1223 2282; x_wconf 88' lang='lat' dir='ltr'><strong>sua</strong></span> <span class='ocrx_word' id='word_1_399' title='bbox 1252 2243 1403 2281; x_wconf 88' lang='lat' dir='ltr'><strong>termini</strong></span> <span class='ocrx_word' id='word_1_400' title='bbox 1432 2242 1691 2292; x_wconf 82' lang='lat' dir='ltr'><strong>proportionis</strong></span> <span class='ocrx_word' id='word_1_401' title='bbox 1720 2239 1886 2289; x_wconf 85' lang='lat' dir='ltr'><strong>alicujus</strong></span> 
     </span>
     <span class='ocr_line' id='line_1_39' title="bbox 108 2296 1884 2348; baseline 0.001 -13"><span class='ocrx_word' id='word_1_402' title='bbox 108 2296 366 2337; x_wconf 79' lang='lat' dir='ltr'><strong>harmonicae.</strong></span> <span class='ocrx_word' id='word_1_403' title='bbox 426 2299 488 2338; x_wconf 86' lang='lat' dir='ltr'><strong>Ad</strong></span> <span class='ocrx_word' id='word_1_404' title='bbox 517 2312 715 2339; x_wconf 90' lang='lat' dir='ltr'><strong>numerum</strong></span> <span class='ocrx_word' id='word_1_405' title='bbox 747 2303 1085 2339; x_wconf 84' lang='lat' dir='ltr'><strong>consonantiarum</strong></span> <span class='ocrx_word' id='word_1_406' title='bbox 1112 2303 1169 2339; x_wconf 87' lang='lat' dir='ltr'><strong>sic</strong></span> <span class='ocrx_word' id='word_1_407' title='bbox 1199 2302 1450 2339; x_wconf 87' lang='lat' dir='ltr'><strong>constitutum</strong></span> <span class='ocrx_word' id='word_1_408' title='bbox 1482 2303 1694 2348; x_wconf 87' lang='lat' dir='ltr'><strong>sequuntur</strong></span> <span class='ocrx_word' id='word_1_409' title='bbox 1722 2297 1884 2347; x_wconf 89' lang='lat' dir='ltr'><strong>reliqua,</strong></span> 
     </span>
     <span class='ocr_line' id='line_1_40' title="bbox 110 2356 1886 2410; baseline 0 -17"><span class='ocrx_word' id='word_1_410' title='bbox 110 2365 211 2404; x_wconf 84' lang='lat' dir='ltr'><strong>quae</strong></span> <span class='ocrx_word' id='word_1_411' title='bbox 235 2356 370 2394; x_wconf 84' lang='lat' dir='ltr'><strong>insunt</strong></span> <span class='ocrx_word' id='word_1_412' title='bbox 406 2357 445 2397; x_wconf 87' lang='lat' dir='ltr'><strong>in</strong></span> <span class='ocrx_word' id='word_1_413' title='bbox 476 2364 590 2396; x_wconf 89' lang='lat' dir='ltr'><strong>cantu</strong></span> <span class='ocrx_word' id='word_1_414' title='bbox 621 2358 810 2396; x_wconf 84' lang='lat' dir='ltr'><strong>artificiali</strong></span> <span class='ocrx_word' id='word_1_415' title='bbox 840 2359 1043 2397; x_wconf 86' lang='lat' dir='ltr'><strong>naturalia.</strong></span> <span class='ocrx_word' id='word_1_416' title='bbox 1056 2357 1108 2410; x_wconf 79' lang='lat'><strong>⁴⁷)</strong></span> <span class='ocrx_word' id='word_1_417' title='bbox 1165 2359 1256 2397; x_wconf 83' lang='lat' dir='ltr'><strong>Jam</strong></span> <span class='ocrx_word' id='word_1_418' title='bbox 1294 2358 1349 2395; x_wconf 92' lang='lat' dir='ltr'><strong>ito</strong></span> <span class='ocrx_word' id='word_1_419' title='bbox 1380 2363 1442 2404; x_wconf 91' lang='lat' dir='ltr'><strong>tu,</strong></span> <span class='ocrx_word' id='word_1_420' title='bbox 1483 2356 1671 2403; x_wconf 87' lang='lat' dir='ltr'><strong>Roberte‚</strong></span> <span class='ocrx_word' id='word_1_421' title='bbox 1712 2361 1751 2393; x_wconf 90' lang='lat' dir='ltr'><strong>et</strong></span> <span class='ocrx_word' id='word_1_422' title='bbox 1779 2357 1886 2406; x_wconf 89' lang='lat' dir='ltr'><strong>prius</strong></span> 
     </span>
     <span class='ocr_line' id='line_1_41' title="bbox 110 2414 1885 2464; baseline 0.001 -14"><span class='ocrx_word' id='word_1_423' title='bbox 110 2419 239 2451; x_wconf 80' lang='lat' dir='ltr'><strong>everte</strong></span> <span class='ocrx_word' id='word_1_424' title='bbox 268 2414 340 2452; x_wconf 88' lang='lat' dir='ltr'><strong>has</strong></span> <span class='ocrx_word' id='word_1_425' title='bbox 369 2420 497 2464; x_wconf 86' lang='lat' dir='ltr'><strong>partes</strong></span> <span class='ocrx_word' id='word_1_426' title='bbox 528 2422 707 2464; x_wconf 88' lang='lat' dir='ltr'><strong>naturae,</strong></span> <span class='ocrx_word' id='word_1_427' title='bbox 748 2417 890 2455; x_wconf 88' lang='lat' dir='ltr'><strong>subrue</strong></span> <span class='ocrx_word' id='word_1_428' title='bbox 928 2417 1025 2454; x_wconf 87' lang='lat' dir='ltr'><strong>haec</strong></span> <span class='ocrx_word' id='word_1_429' title='bbox 1062 2416 1331 2462; x_wconf 84' lang='lat' dir='ltr'><strong>fundamenta,</strong></span> <span class='ocrx_word' id='word_1_430' title='bbox 1372 2420 1453 2452; x_wconf 90' lang='lat' dir='ltr'><strong>tum</strong></span> <span class='ocrx_word' id='word_1_431' title='bbox 1483 2414 1636 2452; x_wconf 89' lang='lat' dir='ltr'><strong>demum</strong></span> <span class='ocrx_word' id='word_1_432' title='bbox 1666 2424 1783 2462; x_wconf 88' lang='lat' dir='ltr'><strong>nega,</strong></span> <span class='ocrx_word' id='word_1_433' title='bbox 1823 2425 1885 2452; x_wconf 90' lang='lat' dir='ltr'><strong>me</strong></span> 
     </span>
    </p>
   </div>
   <div class='ocr_carea' id='block_1_14' title="bbox 90 2471 1884 2523">
    <p class='ocr_par' dir='ltr' id='par_1_14' title="bbox 90 2471 1884 2523">
     <span class='ocr_line' id='line_1_42' title="bbox 90 2471 1884 2523; baseline 0.001 -15"><span class='ocrx_word' id='word_1_434' title='bbox 90 2472 335 2519; x_wconf 24' lang='lat' dir='ltr'><strong>,promissum</strong></span> <span class='ocrx_word' id='word_1_435' title='bbox 364 2473 565 2522; x_wconf 83' lang='lat' dir='ltr'><strong>implesse,</strong></span> <span class='ocrx_word' id='word_1_436' title='bbox 595 2474 820 2512; x_wconf 86' lang='lat' dir='ltr'><strong>naturaliter</strong></span> <span class='ocrx_word' id='word_1_437' title='bbox 849 2476 1095 2523; x_wconf 85' lang='lat' dir='ltr'><strong>processisse.</strong></span> <span class='ocrx_word' id='word_1_438' title='bbox 1155 2474 1296 2523; x_wconf 40' lang='lat' dir='ltr'><strong>Negas</strong></span> <span class='ocrx_word' id='word_1_439' title='bbox 1327 2484 1388 2511; x_wconf 89' lang='lat' dir='ltr'><strong>me</strong></span> <span class='ocrx_word' id='word_1_440' title='bbox 1420 2471 1631 2521; x_wconf 82' lang='lat' dir='ltr'><strong>quidquam</strong></span> <span class='ocrx_word' id='word_1_441' title='bbox 1653 2471 1703 2509; x_wconf 86' lang='lat' dir='ltr'><strong>ad</strong></span> <span class='ocrx_word' id='word_1_442' title='bbox 1723 2477 1884 2510; x_wconf 88' lang='lat' dir='ltr'><strong>naturae</strong></span> 
     </span>
    </p>
   </div>
   <div class='ocr_carea' id='block_1_15' title="bbox 108 2527 1902 2639">
    <p class='ocr_par' dir='ltr' id='par_1_15' title="bbox 108 2527 1902 2639">
     <span class='ocr_line' id='line_1_43' title="bbox 110 2527 1902 2580; baseline 0 -12"><span class='ocrx_word' id='word_1_443' title='bbox 110 2527 222 2577; x_wconf 74' lang='lat' dir='ltr'><strong>leges</strong></span> <span class='ocrx_word' id='word_1_444' title='bbox 257 2529 500 2579; x_wconf 87' lang='lat' dir='ltr'><strong>emendasse,</strong></span> <span class='ocrx_word' id='word_1_445' title='bbox 540 2532 804 2570; x_wconf 82' lang='lat' dir='ltr'><strong>confusionem</strong></span> <span class='ocrx_word' id='word_1_446' title='bbox 840 2533 1028 2570; x_wconf 87' lang='lat' dir='ltr'><strong>evitasse:</strong></span> <span class='ocrx_word' id='word_1_447' title='bbox 1068 2543 1145 2570; x_wconf 90' lang='lat' dir='ltr'><strong>non</strong></span> <span class='ocrx_word' id='word_1_448' title='bbox 1185 2539 1287 2570; x_wconf 90' lang='lat' dir='ltr'><strong>recte</strong></span> <span class='ocrx_word' id='word_1_449' title='bbox 1327 2542 1458 2580; x_wconf 87' lang='lat' dir='ltr'><strong>negas.</strong></span> <span class='ocrx_word' id='word_1_450' title='bbox 1532 2528 1607 2578; x_wconf 88' lang='lat' dir='ltr'><strong>Qui</strong></span> <span class='ocrx_word' id='word_1_451' title='bbox 1647 2530 1902 2578; x_wconf 60' lang='lat' dir='ltr'><strong>quantitates*</strong></span> 
     </span>
     <span class='ocr_line' id='line_1_44' title="bbox 108 2587 1884 2639; baseline 0.001 -16"><span class='ocrx_word' id='word_1_452' title='bbox 108 2588 443 2626; x_wconf 88' lang='lat' dir='ltr'><strong>consonantiarum</strong></span> <span class='ocrx_word' id='word_1_453' title='bbox 474 2591 823 2639; x_wconf 81' lang='lat' dir='ltr'><strong>concinnerumque</strong></span> <span class='ocrx_word' id='word_1_454' title='bbox 855 2590 1036 2628; x_wconf 85' lang='lat' dir='ltr'><strong>exscribit</strong></span> <span class='ocrx_word' id='word_1_455' title='bbox 1066 2602 1114 2629; x_wconf 77' lang='lat' dir='ltr'><strong>ex</strong></span> <span class='ocrx_word' id='word_1_456' title='bbox 1145 2590 1351 2635; x_wconf 90' lang='lat' dir='ltr'><strong>veteribus,</strong></span> <span class='ocrx_word' id='word_1_457' title='bbox 1388 2590 1421 2626; x_wconf 88' lang='lat' dir='ltr'><strong>is</strong></span> <span class='ocrx_word' id='word_1_458' title='bbox 1452 2587 1643 2626; x_wconf 88' lang='lat' dir='ltr'><strong>interdum</strong></span> <span class='ocrx_word' id='word_1_459' title='bbox 1674 2587 1793 2624; x_wconf 87' lang='lat' dir='ltr'><strong>aliam</strong></span> <span class='ocrx_word' id='word_1_460' title='bbox 1824 2588 1884 2625; x_wconf 89' lang='lat' dir='ltr'><strong>in-</strong></span> 
     </span>
    </p>
   </div>
   <div class='ocr_carea' id='block_1_16' title="bbox 111 2644 1959 2693">
    <p class='ocr_par' dir='ltr' id='par_1_16' title="bbox 111 2644 1959 2693">
     <span class='ocr_line' id='line_1_45' title="bbox 111 2644 1959 2693; baseline 0.003 -14"><span class='ocrx_word' id='word_1_461' title='bbox 111 2644 218 2681; x_wconf 89' lang='lat' dir='ltr'><strong>venit</strong></span> <span class='ocrx_word' id='word_1_462' title='bbox 257 2646 535 2693; x_wconf 86' lang='lat' dir='ltr'><strong>quantitatem,</strong></span> <span class='ocrx_word' id='word_1_463' title='bbox 577 2648 683 2685; x_wconf 88' lang='lat' dir='ltr'><strong>verbi</strong></span> <span class='ocrx_word' id='word_1_464' title='bbox 723 2658 843 2686; x_wconf 89' lang='lat' dir='ltr'><strong>causa</strong></span> <span class='ocrx_word' id='word_1_465' title='bbox 882 2650 1074 2686; x_wconf 84' lang='lat' dir='ltr'><strong>semitonii</strong></span> <span class='ocrx_word' id='word_1_466' title='bbox 1112 2650 1149 2686; x_wconf 90' lang='lat' dir='ltr'><strong>in</strong></span> <span class='ocrx_word' id='word_1_467' title='bbox 1190 2648 1374 2693; x_wconf 89' lang='lat' dir='ltr'><strong>Platone,</strong></span> <span class='ocrx_word' id='word_1_468' title='bbox 1414 2645 1530 2684; x_wconf 89' lang='lat' dir='ltr'><strong>aliam</strong></span> <span class='ocrx_word' id='word_1_469' title='bbox 1570 2647 1607 2682; x_wconf 88' lang='lat' dir='ltr'><strong>in</strong></span> <span class='ocrx_word' id='word_1_470' title='bbox 1644 2644 1885 2684; x_wconf 89' lang='lat' dir='ltr'><strong>Ptolemaeo.</strong></span> <span class='ocrx_word' id='word_1_471' title='bbox 1956 2647 1959 2650; x_wconf 83' lang='lat'><em>&#39;</em></span> 
     </span>
    </p>
   </div>
   <div class='ocr_carea' id='block_1_17' title="bbox 110 2699 1887 3100">
    <p class='ocr_par' dir='ltr' id='par_1_17' title="bbox 110 2699 1887 3100">
     <span class='ocr_line' id='line_1_46' title="bbox 110 2699 1883 2757; baseline 0.001 -19"><span class='ocrx_word' id='word_1_472' title='bbox 110 2699 212 2749; x_wconf 88' lang='lat' dir='ltr'><strong>Ergo</strong></span> <span class='ocrx_word' id='word_1_473' title='bbox 242 2701 316 2740; x_wconf 86' lang='lat' dir='ltr'><strong>hoc</strong></span> <span class='ocrx_word' id='word_1_474' title='bbox 359 2703 569 2741; x_wconf 87' lang='lat' dir='ltr'><strong>observans</strong></span> <span class='ocrx_word' id='word_1_475' title='bbox 608 2706 815 2754; x_wconf 85' lang='lat' dir='ltr'><strong>exscriptor</strong></span> <span class='ocrx_word' id='word_1_476' title='bbox 855 2705 998 2755; x_wconf 82' lang='lat' dir='ltr'><strong>duplex</strong></span> <span class='ocrx_word' id='word_1_477' title='bbox 1027 2707 1083 2744; x_wconf 88' lang='lat' dir='ltr'><strong>ait</strong></span> <span class='ocrx_word' id='word_1_478' title='bbox 1125 2717 1209 2744; x_wconf 89' lang='lat' dir='ltr'><strong>esse</strong></span> <span class='ocrx_word' id='word_1_479' title='bbox 1239 2705 1499 2750; x_wconf 85' lang='lat' dir='ltr'><strong>semitonium,</strong></span> <span class='ocrx_word' id='word_1_480' title='bbox 1530 2701 1694 2740; x_wconf 87' lang='lat' dir='ltr'><strong>alterum</strong></span> <span class='ocrx_word' id='word_1_481' title='bbox 1723 2699 1883 2757; x_wconf 57' lang='lat' dir='ltr'><strong>²⁴³s25ffl</strong></span> 
     </span>
     <span class='ocr_line' id='line_1_47' title="bbox 110 2756 1887 2814; baseline 0.003 -19"><span class='ocrx_word' id='word_1_482' title='bbox 110 2757 273 2796; x_wconf 89' lang='lat' dir='ltr'><strong>alterum</strong></span> <span class='ocrx_word' id='word_1_483' title='bbox 308 2756 421 2814; x_wconf 51' lang='grc' dir='ltr'><strong>ΗΛΘ.</strong></span> <span class='ocrx_word' id='word_1_484' title='bbox 480 2760 542 2798; x_wconf 85' lang='lat' dir='ltr'><strong>Ita</strong></span> <span class='ocrx_word' id='word_1_485' title='bbox 580 2764 747 2799; x_wconf 89' lang='lat' dir='ltr'><strong>nascitur</strong></span> <span class='ocrx_word' id='word_1_486' title='bbox 790 2764 920 2813; x_wconf 89' lang='lat' dir='ltr'><strong>opinio</strong></span> <span class='ocrx_word' id='word_1_487' title='bbox 963 2763 1081 2811; x_wconf 79' lang='lat' dir='ltr'><strong>falsa,</strong></span> <span class='ocrx_word' id='word_1_488' title='bbox 1126 2765 1238 2813; x_wconf 90' lang='lat' dir='ltr'><strong>quasi</strong></span> <span class='ocrx_word' id='word_1_489' title='bbox 1267 2768 1405 2800; x_wconf 88' lang='lat' dir='ltr'><strong>natura</strong></span> <span class='ocrx_word' id='word_1_490' title='bbox 1440 2760 1579 2799; x_wconf 85' lang='lat' dir='ltr'><strong>doceat</strong></span> <span class='ocrx_word' id='word_1_491' title='bbox 1620 2765 1660 2797; x_wconf 88' lang='lat' dir='ltr'><strong>et</strong></span> <span class='ocrx_word' id='word_1_492' title='bbox 1700 2767 1887 2800; x_wconf 88' lang='lat' dir='ltr'><strong>monstret</strong></span> 
     </span>
     <span class='ocr_line' id='line_1_48' title="bbox 110 2817 1883 2869; baseline 0.003 -16"><span class='ocrx_word' id='word_1_493' title='bbox 110 2820 326 2865; x_wconf 82' lang='lat' dir='ltr'><strong>utrumque,</strong></span> <span class='ocrx_word' id='word_1_494' title='bbox 344 2823 424 2856; x_wconf 77' lang='lat' dir='ltr'><strong>—aut</strong></span> <span class='ocrx_word' id='word_1_495' title='bbox 453 2819 565 2866; x_wconf 87' lang='lat' dir='ltr'><strong>quasi</strong></span> <span class='ocrx_word' id='word_1_496' title='bbox 594 2824 696 2857; x_wconf 87' lang='lat' dir='ltr'><strong>recte</strong></span> <span class='ocrx_word' id='word_1_497' title='bbox 724 2822 943 2869; x_wconf 87' lang='lat' dir='ltr'><strong>promiscuo</strong></span> <span class='ocrx_word' id='word_1_498' title='bbox 974 2834 1047 2860; x_wconf 89' lang='lat' dir='ltr'><strong>usu</strong></span> <span class='ocrx_word' id='word_1_499' title='bbox 1080 2822 1141 2860; x_wconf 85' lang='lat' dir='ltr'><strong>vel</strong></span> <span class='ocrx_word' id='word_1_500' title='bbox 1171 2821 1245 2859; x_wconf 89' lang='lat' dir='ltr'><strong>hoc</strong></span> <span class='ocrx_word' id='word_1_501' title='bbox 1275 2819 1336 2858; x_wconf 87' lang='lat' dir='ltr'><strong>vel</strong></span> <span class='ocrx_word' id='word_1_502' title='bbox 1358 2818 1452 2856; x_wconf 90' lang='lat' dir='ltr'><strong>illud</strong></span> <span class='ocrx_word' id='word_1_503' title='bbox 1474 2817 1713 2856; x_wconf 87' lang='lat' dir='ltr'><strong>adhibeatur.</strong></span> <span class='ocrx_word' id='word_1_504' title='bbox 1772 2817 1883 2858; x_wconf 85' lang='lat' dir='ltr'><strong>Haec</strong></span> 
     </span>
     <span class='ocr_line' id='line_1_49' title="bbox 111 2873 1881 2925; baseline 0.004 -17"><span class='ocrx_word' id='word_1_505' title='bbox 111 2873 242 2923; x_wconf 84' lang='lat' dir='ltr'><strong>itaque</strong></span> <span class='ocrx_word' id='word_1_506' title='bbox 274 2874 445 2912; x_wconf 77' lang='lat' dir='ltr'><strong>contusio</strong></span> <span class='ocrx_word' id='word_1_507' title='bbox 476 2875 666 2924; x_wconf 81' lang='lat' dir='ltr'><strong>quaedam</strong></span> <span class='ocrx_word' id='word_1_508' title='bbox 697 2882 755 2914; x_wconf 87' lang='lat' dir='ltr'><strong>est</strong></span> <span class='ocrx_word' id='word_1_509' title='bbox 782 2877 974 2916; x_wconf 88' lang='lat' dir='ltr'><strong>Platonici</strong></span> <span class='ocrx_word' id='word_1_510' title='bbox 1005 2880 1197 2918; x_wconf 88' lang='lat' dir='ltr'><strong>semitonii</strong></span> <span class='ocrx_word' id='word_1_511' title='bbox 1223 2879 1314 2916; x_wconf 76' lang='lat' dir='ltr'><strong>vcum</strong></span> <span class='ocrx_word' id='word_1_512' title='bbox 1334 2875 1511 2922; x_wconf 89' lang='lat' dir='ltr'><strong>naturali,</strong></span> <span class='ocrx_word' id='word_1_513' title='bbox 1544 2886 1643 2924; x_wconf 87' lang='lat' dir='ltr'><strong>quae</strong></span> <span class='ocrx_word' id='word_1_514' title='bbox 1674 2875 1798 2925; x_wconf 87' lang='lat' dir='ltr'><strong>major</strong></span> <span class='ocrx_word' id='word_1_515' title='bbox 1826 2876 1881 2925; x_wconf 76' lang='lat' dir='ltr'><strong>fit,</strong></span> 
     </span>
     <span class='ocr_line' id='line_1_50' title="bbox 111 2930 1881 2986; baseline 0.004 -20"><span class='ocrx_word' id='word_1_516' title='bbox 111 2931 146 2966; x_wconf 89' lang='lat' dir='ltr'><strong>si</strong></span> <span class='ocrx_word' id='word_1_517' title='bbox 174 2933 290 2970; x_wconf 89' lang='lat' dir='ltr'><strong>etiam</strong></span> <span class='ocrx_word' id='word_1_518' title='bbox 320 2931 357 2969; x_wconf 93' lang='lat' dir='ltr'><strong>id</strong></span> <span class='ocrx_word' id='word_1_519' title='bbox 387 2932 630 2982; x_wconf 85' lang='lat' dir='ltr'><strong>adjungatur,</strong></span> <span class='ocrx_word' id='word_1_520' title='bbox 662 2933 765 2982; x_wconf 92' lang='lat' dir='ltr'><strong>quod</strong></span> <span class='ocrx_word' id='word_1_521' title='bbox 794 2934 1020 2984; x_wconf 86' lang='lat' dir='ltr'><strong>relinquitur</strong></span> <span class='ocrx_word' id='word_1_522' title='bbox 1050 2938 1221 2975; x_wconf 82' lang='lat' dir='ltr'><strong>abscisso</strong></span> <span class='ocrx_word' id='word_1_523' title='bbox 1251 2933 1416 2972; x_wconf 88' lang='lat' dir='ltr'><strong>naturali</strong></span> <span class='ocrx_word' id='word_1_524' title='bbox 1449 2930 1536 2986; x_wconf 64' lang='lat' dir='ltr'><strong>¹⁵lffi</strong></span> <span class='ocrx_word' id='word_1_525' title='bbox 1566 2944 1591 2971; x_wconf 86' lang='lat' dir='ltr'><strong>a</strong></span> <span class='ocrx_word' id='word_1_526' title='bbox 1620 2938 1713 2971; x_wconf 88' lang='lat' dir='ltr'><strong>tono</strong></span> <span class='ocrx_word' id='word_1_527' title='bbox 1741 2935 1881 2984; x_wconf 85' lang='lat' dir='ltr'><strong>maj0ri</strong></span> 
     </span>
     <span class='ocr_line' id='line_1_51' title="bbox 111 2982 1882 3044; baseline 0.003 -18"><span class='ocrx_word' id='word_1_528' title='bbox 111 2982 186 3041; x_wconf 66' lang='lat' dir='ltr'><strong>Sl„</strong></span> <span class='ocrx_word' id='word_1_529' title='bbox 216 2989 444 3038; x_wconf 87' lang='lat' dir='ltr'><strong>relinquitur</strong></span> <span class='ocrx_word' id='word_1_530' title='bbox 473 2993 573 3030; x_wconf 89' lang='lat' dir='ltr'><strong>enim</strong></span> <span class='ocrx_word' id='word_1_531' title='bbox 610 2987 760 3044; x_wconf 64' lang='lat' dir='ltr'><strong>¹²³J135‚</strong></span> <span class='ocrx_word' id='word_1_532' title='bbox 791 2994 1035 3032; x_wconf 89' lang='lat' dir='ltr'><strong>semitonium</strong></span> <span class='ocrx_word' id='word_1_533' title='bbox 1054 2997 1179 3032; x_wconf 88' lang='lat' dir='ltr'><strong>minus</strong></span> <span class='ocrx_word' id='word_1_534' title='bbox 1210 3004 1280 3030; x_wconf 84' lang='lat' dir='ltr'><strong>seu</strong></span> <span class='ocrx_word' id='word_1_535' title='bbox 1310 2992 1424 3029; x_wconf 88' lang='lat' dir='ltr'><strong>diesis</strong></span> <span class='ocrx_word' id='word_1_536' title='bbox 1454 2990 1588 3039; x_wconf 77' lang='lat' dir='ltr'><strong>maJor,</strong></span> <span class='ocrx_word' id='word_1_537' title='bbox 1619 2990 1725 3040; x_wconf 88' lang='lat' dir='ltr'><strong>quod</strong></span> <span class='ocrx_word' id='word_1_538' title='bbox 1752 2997 1882 3032; x_wconf 81' lang='lat' dir='ltr'><strong>tamen</strong></span> 
     </span>
     <span class='ocr_line' id='line_1_52' title="bbox 114 3045 1881 3100; baseline 0.003 -16"><span class='ocrx_word' id='word_1_539' title='bbox 114 3054 186 3095; x_wconf 83' lang='lat' dir='ltr'><strong>ego</strong></span> <span class='ocrx_word' id='word_1_540' title='bbox 216 3045 471 3086; x_wconf 84' lang='lat' dir='ltr'><strong>distinctionis</strong></span> <span class='ocrx_word' id='word_1_541' title='bbox 501 3060 620 3088; x_wconf 89' lang='lat' dir='ltr'><strong>causa</strong></span> <span class='ocrx_word' id='word_1_542' title='bbox 649 3054 689 3088; x_wconf 87' lang='lat' dir='ltr'><strong>et</strong></span> <span class='ocrx_word' id='word_1_543' title='bbox 718 3054 761 3088; x_wconf 87' lang='lat' dir='ltr'><strong>ut</strong></span> <span class='ocrx_word' id='word_1_544' title='bbox 789 3050 962 3089; x_wconf 79' lang='lat' dir='ltr'><strong>confusio</strong></span> <span class='ocrx_word' id='word_1_545' title='bbox 990 3053 1133 3091; x_wconf 86' lang='lat' dir='ltr'><strong>vitetur</strong></span> <span class='ocrx_word' id='word_1_546' title='bbox 1170 3054 1311 3089; x_wconf 88' lang='lat' dir='ltr'><strong>lemma</strong></span> <span class='ocrx_word' id='word_1_547' title='bbox 1340 3048 1459 3087; x_wconf 88' lang='lat' dir='ltr'><strong>malui</strong></span> <span class='ocrx_word' id='word_1_548' title='bbox 1490 3047 1698 3100; x_wconf 85' lang='lat' dir='ltr'><strong>appellare.</strong></span> <span class='ocrx_word' id='word_1_549' title='bbox 1749 3048 1881 3100; x_wconf 82' lang='lat' dir='ltr'><strong>Quae-</strong></span> 
     </span>
    </p>
   </div>
   <div class='ocr_carea' id='block_1_18' title="bbox 1574 3212 1594 3230">
    <p class='ocr_par' dir='ltr' id='par_1_18' title="bbox 1574 3212 1594 3230">
     <span class='ocr_line' id='line_1_53' title="bbox 1574 3212 1594 3230; baseline 0 0"><span class='ocrx_word' id='word_1_550' title='bbox 1574 3212 1594 3230; x_wconf 69' lang='grc' dir='ltr'><em>Ι</em></span> 
     </span>
    </p>
   </div>
  </div>
 </body>
</html>
