1994 3276
167 131 246 170 188
863 131 919 167 De
943 124 1242 178 Proportionibus

163 248 307 286 tionem
337 249 454 287 maris
488 252 526 287 et
554 248 744 288 feminae:
787 250 880 300 quid
910 252 1050 290 mirum
1082 253 1223 302 igitur,
1263 254 1295 291 si
1327 255 1446 293 etiam
1474 254 1630 294 soboles
1660 254 1957 307 quinquanguli,

163 306 276 344 tertia
307 306 402 344 dura
440 317 512 345 seu
543 304 594 359 ⁴l5
634 312 673 346 et
701 309 830 348 mollis
871 307 918 362 Ἃ
957 316 1116 349 moveat
1146 312 1316 359 animos,
1356 312 1430 351 Dei
1460 314 1665 364 imagines,
1712 312 1763 352 ad
1795 314 1956 352 affectus

164 366 425 414 generationis
455 366 614 414 negotio
645 368 954 418 comparandos?
1014 367 1092 408 Ubi
1116 369 1366 420 repetendum
1396 382 1445 410 ex
1466 372 1592 422 capite
1610 374 1646 419 3,
1678 370 1784 421 quod
1816 383 1956 421 quam-

165 424 225 461 vis
262 418 312 475 ¹1¹⁶
341 423 392 461 sit
421 434 469 461 ex
499 425 726 474 sexangulo,
757 426 953 464 residuum
973 432 1102 465 tamen
1123 424 1180 481 ¹76
1201 439 1278 466 non
1300 435 1486 468 consonet
1509 435 1665 481 propter
1685 430 1955 482 sexangulum,

162 479 231 519 sed
261 486 415 532 propter
446 481 724 523 derivationem
755 495 802 523 ex
832 485 953 523 tribus
984 485 1114 524 circuli
1147 485 1317 534 decimis,
1349 498 1417 537 per
1436 489 1685 526 terminorum
1717 486 1954 538 duplicatio-

164 550 252 578 nem
283 544 322 578 et
355 539 679 589 dimidiationem3
710 543 844 592 itaque
875 545 992 582 etiam
1022 543 1220 582 residuum
1248 544 1324 583 hoc
1354 544 1517 595 ejusque
1538 545 1705 592 soboles,
1737 547 1851 584 tertia
1880 547 1956 584 mi·-

162 608 244 646 nor,
276 602 336 636 est
363 609 411 637 ex
432 600 758 649 quinquangulari
779 600 987 650 figurarum
1003 601 1140 642 classe,
1200 601 1288 641 Hoc
1307 604 1426 653 igitur
1447 603 1631 652 stabilito,
1663 603 1768 653 quod
1788 605 1954 643 societas

163 654 324 694 duarum
354 658 552 695 tertiarum
580 664 843 709 repraesentet
872 661 1101 699 societatem
1129 662 1247 699 maris
1279 667 1317 700 et
1342 661 1528 711 feminae,
1559 661 1666 701 nullo
1691 662 1776 711 jam
1797 663 1954 712 negotio

164 715 304 764 cuique
334 716 443 754 sexui
481 727 553 755 sua
589 718 809 767 assignatur
839 719 964 757 tertia.
1026 718 1155 768 Major
1185 720 1288 757 enim
1329 721 1442 758 tertia
1471 719 1594 758 virilis
1629 719 1790 771 evadet,
1832 721 1956 761 minor

162 773 348 821 feminea,
381 785 468 812 cum
497 774 634 814 eadem
663 777 713 814 sit
743 777 915 826 ipsorum
947 777 1064 814 etiam
1086 788 1290 828 corporum
1313 779 1529 829 viriumque
1548 783 1629 817 tam
1649 779 1818 829 corporis
1838 789 1955 828 quam

163 832 286 870 animis
320 834 528 882 proportio.
589 833 764 884 Cumque
802 835 926 884 major
964 836 1015 873 sit
1057 847 1104 873 ex
1145 835 1432 886 imparilatera,
1471 848 1525 875 sc.
1567 847 1613 875 ex
1647 836 1954 887 quinquangulo,

163 890 288 928 minor
317 901 410 929 vero
443 891 678 941 originaliter
707 904 755 931 ex
784 893 994 942 parilatera
1022 892 1258 945 decangula,
1298 899 1601 934 consentaneum
1638 901 1696 934 est
1727 896 1842 933 etiam
1873 894 1955 946 Py-

163 948 349 997 thagorae
379 947 543 998 placitis,
573 951 641 1000 qui
670 962 850 989 numeros
880 952 1046 1002 impares
1076 963 1202 990 mares
1233 952 1341 1000 dixit,
1372 963 1486 1003 pares
1514 953 1678 992 feminas
1709 949 1837 1006 (quod
1858 964 1954 992 con-

163 1006 334 1045 firmatur
364 1007 431 1045 illa
462 1019 686 1047 excessuum
719 1015 757 1048 et
779 1009 998 1047 defectuum
1028 1010 1308 1060 speculatione,
1341 1021 1427 1049 cum
1448 1012 1573 1062 impar
1594 1012 1643 1049 sit
1670 1016 1709 1050 et
1729 1007 1954 1065 excedens),

164 1071 207 1103 ut
236 1064 303 1103 illa
333 1065 535 1104 masculini
566 1079 681 1105 sexus
713 1067 924 1116 habeatur,
955 1067 1054 1106 haec
1082 1068 1250 1107 feminei.

278 1123 450 1163 Accedat
488 1124 547 1162 his
587 1126 800 1164 rationibus
845 1127 963 1164 etiam
1002 1126 1295 1165 intervallorum
1339 1127 1616 1166 continuorum
1665 1127 1952 1178 contemplatio,

163 1192 326 1231 quorum
355 1184 554 1221 minimum
583 1188 642 1222 est
671 1185 940 1233 semitonium3
970 1195 1122 1235 semper
1151 1186 1254 1224 enim
1283 1187 1532 1224 semitonium
1562 1185 1780 1225 succedens
1812 1186 1953 1225 invitat

165 1251 300 1279 vocem
331 1240 382 1279 ad
412 1253 454 1279 se
485 1242 743 1292 superandum
774 1243 824 1281 ob
855 1243 1107 1294 parvitatem,
1162 1248 1221 1282 est
1251 1245 1353 1282 enim
1382 1244 1504 1339 inffiar
1528 1243 1617 1294 jugi
1647 1244 1687 1282 in
1717 1243 1822 1282 clivo
1852 1243 1954 1283 mol-

162 1298 342 1338 lescente.
402 1299 452 1337 Et
480 1301 631 1349 quoties
660 1302 908 1340 semitonium
939 1312 1074 1339 versus
1105 1302 1303 1351 superiora
1325 1312 1419 1340 occu
1473 1307 1499 1350 t,
1534 1301 1602 1340 illa
1622 1301 1816 1351 quaedam
1841 1304 1953 1351 quasi

161 1362 265 1396 meta
293 1362 429 1396 cantus
459 1357 635 1406 habetur,
665 1359 716 1397 ad
747 1371 863 1409 quam
892 1358 1027 1397 tendat
1056 1358 1223 1409 indeque
1255 1359 1376 1399 veluti
1402 1360 1499 1410 jugo
1530 1365 1713 1411 superato
1753 1359 1953 1399 confecto-

162 1426 238 1464 que
277 1421 417 1454 conatu
457 1418 596 1455 reverti
637 1418 769 1456 crebro
807 1417 907 1455 solet
936 1416 987 1455 ad
1017 1416 1207 1456 inferiora.
1269 1417 1400 1466 Certe,
1443 1419 1475 1456 si
1511 1429 1694 1456 canamus
1726 1417 1826 1466 RE,
1869 1416 1953 1465 Ml,

159 1484 235 1511 non
266 1475 429 1513 satiatur
457 1474 623 1523 auditus,
654 1475 724 1514 sed
753 1480 954 1526 exspectat
983 1480 1026 1513 ut
1056 1480 1095 1513 et
1112 1474 1186 1513 ΡΑ
1215 1475 1390 1514 addatur.
1453 1475 1551 1514 Cum
1571 1477 1688 1526 igitur
1707 1477 1819 1515 tertia
1840 1475 1954 1527 dura,

163 1543 263 1581 quae
294 1532 413 1571 habet
442 1534 561 1571 imum
590 1533 718 1572 locum
748 1535 787 1571 in
817 1540 910 1572 tono
941 1539 1105 1580 octav0,
1138 1539 1268 1572 careat
1297 1535 1520 1582 semitonio,
1562 1534 1667 1584 quod
1696 1534 1850 1573 demum
1879 1545 1948 1573 ac-

162 1589 264 1628 cedit
300 1590 349 1629 ad
389 1591 659 1642 complendum
697 1592 954 1638 diatessaron,
999 1593 1136 1637 merito
1175 1592 1341 1630 habetur
1381 1603 1449 1642 pro
1477 1597 1642 1632 actuosa
1670 1598 1710 1631 et
1739 1597 1949 1632 conatuum

163 1648 288 1698 plena,
322 1649 431 1699 cujus
462 1651 521 1689 vis
551 1656 762 1702 yovmoglet
791 1649 892 1700 ἀκμη
923 1646 1101 1702 ιέσχετος,
1141 1662 1330 1700 quaerens
1364 1650 1480 1688 finem
1510 1662 1643 1699 suum,
1684 1649 1833 1690 scilieet
1863 1649 1952 1689 dia·-

163 1711 355 1755 tessaron‚
397 1708 507 1757 cujus
546 1710 791 1747 semitonium
832 1714 890 1747 est
929 1710 964 1747 ei
1004 1709 1118 1758 quasi
1147 1706 1312 1761 ἔκχυσις,
1354 1713 1437 1747 toto
1474 1714 1616 1747 conatu
1646 1710 1836 1758 quaesita.
1899 1708 1952 1747 At

162 1767 275 1804 tertia
303 1767 428 1804 minor
458 1767 533 1805 imo
564 1766 650 1806 loco
682 1768 762 1806 toni
793 1768 903 1817 primi
934 1768 1169 1814 consistens,
1201 1779 1289 1806 cum
1318 1768 1565 1814 semitonium
1595 1767 1798 1818 complexa
1824 1766 1898 1815 sit,
1931 1779 1956 1806 a

164 1835 242 1872 quo
274 1830 455 1875 superato
497 1824 597 1864 solet
626 1826 708 1864 fieri
737 1826 927 1873 reversio,
969 1826 1083 1875 quasi
1122 1837 1165 1863 se
1196 1826 1281 1875 ipsa
1317 1830 1499 1864 contenta
1541 1836 1691 1875 suaque
1726 1829 1867 1864 natura
1904 1824 1956 1863 ad

164 1884 450 1932 superationem
472 1887 510 1921 et
529 1885 750 1933 passionem
768 1883 890 1931 facta,
920 1895 1071 1934 semper
1089 1894 1144 1931 se,
1176 1883 1299 1922 veluti
1318 1883 1477 1933 gallina,
1509 1884 1645 1922 sternit
1671 1883 1790 1931 bumi,
1821 1893 1953 1934 prom—

163 1945 242 1978 tam
273 1941 455 1980 insessori
486 1941 602 1991 gallo.
664 1943 711 1980 Et
746 1953 836 1980 ecce
875 1953 1014 1980 causas
1045 1941 1252 1980 affectuum
1291 1943 1328 1978 in
1360 1942 1566 1991 generibus
1605 1942 1722 1991 inque
1753 1942 1855 1980 tonis
1884 1953 1954 1992 sy-

164 2000 338 2037 stematis
368 2000 560 2049 primarii,
593 2012 638 2038 ex
675 1999 711 2039 G
740 2001 944 2048 surgentis.

278 2056 389 2095 Nunc
419 2057 582 2096 eundem
613 2059 807 2096 semitonii
836 2059 952 2095 situm
983 2056 1285 2107 contemplemur
1316 2057 1431 2096 etiam
1456 2060 1634 2107 respectu
1654 2060 1834 2094 tonorum
1862 2067 1955 2106 pro-

165 2115 309 2153 miscue
350 2117 543 2166 omnium,
585 2116 652 2154 ubi
689 2116 954 2166 attemperabo
993 2117 1228 2163 orationem,
1270 2120 1313 2152 ut
1355 2114 1543 2153 hactenus
1578 2115 1716 2166 etiam,
1755 2113 1805 2152 ad
1843 2120 1958 2152 tonos

166 2173 364 2223 vulgares,
405 2175 462 2212 uti
493 2185 559 2212 eos
601 2185 648 2212 ex
676 2176 772 2212 meis
803 2174 998 2223 principiis
1030 2172 1198 2210 distinxi.
1258 2172 1359 2211 Nam
1396 2172 1443 2211 de
1474 2172 1633 2221 reliquis
1673 2173 1724 2210 10
1754 2172 1957 2222 speciebus

167 2238 345 2274 octavae,
376 2244 474 2282 quas
505 2231 635 2271 addidi
667 2232 966 2283 comparationis
998 2242 1134 2278 causa,
1166 2242 1215 2269 an
1248 2232 1329 2269 toni
1360 2230 1435 2269 dici
1466 2235 1696 2279 mereantur,
1725 2230 1958 2269 musicorum

166 2291 238 2329 erit
264 2289 468 2340 judicium.
1463 2315 1471 2325 .

282 2348 408 2399 Saepe
447 2348 609 2396 dictum,
652 2348 879 2387 naturaliter
919 2345 1076 2396 quidem
1120 2357 1167 2384 ex
1208 2347 1402 2384 concinnis
1442 2345 1658 2386 intervallis
1698 2345 1848 2395 majora
1883 2345 1959 2384 sibi

166 2406 364 2458 postulare
394 2407 524 2446 locum
555 2407 671 2445 imum
704 2407 796 2455 dari,
829 2410 872 2443 ut
902 2416 1044 2454 magna
1073 2406 1223 2452 magnis
1254 2405 1504 2443 associentur.
1564 2403 1666 2442 Nam
1695 2408 1734 2443 et
1751 2404 1837 2443 soni
1866 2415 1957 2453 gra-

168 2477 251 2517 ves,
282 2466 348 2514 qui
378 2471 468 2503 sunt
498 2464 629 2503 itidem
660 2465 768 2512 infra,
799 2462 1064 2513 magnitudine
1094 2462 1239 2511 aliqua,
1269 2463 1309 2500 id
1341 2468 1400 2501 est
1428 2462 1556 2512 longis
1593 2461 1745 2500 chordis
1776 2461 1958 2508 determi—

167 2529 318 2571 nantur,
349 2525 454 2561 acuti
485 2523 679 2569 brevibus,
711 2535 779 2561 seu
811 2521 915 2571 quod
947 2520 1049 2559 idem
1080 2526 1148 2566 est,
1180 2532 1298 2558 sonus
1329 2521 1459 2570 gravis
1488 2531 1630 2570 magno
1661 2525 1700 2558 et
1721 2519 1829 2558 tardo
1850 2525 1958 2558 motu

168 2581 304 2628 editur,
336 2586 472 2620 acutus
503 2592 623 2631 parvo
654 2586 693 2618 et
722 2580 846 2619 celeri.
896 2578 1102 2617 ,Naturalis
1135 2579 1250 2626 igitur
1279 2580 1398 2617 series
1428 2583 1498 2627 est,
1531 2590 1620 2617 cum
1647 2579 1687 2615 in
1711 2577 1956 2616 tetrachordo

167 2639 337 2690 perfecto
368 2640 490 2690 primo
520 2638 605 2676 loco
637 2643 696 2676 est
726 2644 839 2676 tonus
869 2636 1014 2686 major,
1046 2636 1216 2674 secundo
1247 2637 1382 2683 minor,
1414 2638 1528 2675 tertio
1561 2641 1599 2675 et
1628 2646 1807 2686 supremo
1836 2636 1957 2674 semi-

168 2698 329 2736 tonium.
388 2697 509 2746 Atqui
540 2708 626 2734 cum
656 2697 786 2735 omnia
815 2694 1024 2733 secundum
1055 2699 1233 2732 naturam
1253 2694 1409 2742 habent,
1441 2695 1533 2733 laeti
1561 2705 1719 2743 sumus,
1750 2694 1844 2732 laeti
1866 2705 1957 2743 ergo

170 2757 248 2794 toni
279 2760 379 2803 sunt,
412 2756 477 2804 qui
509 2754 794 2793 tetrachordum
823 2754 979 2791 inferius
1010 2753 1066 2790 sic
1098 2751 1263 2789 divisum
1295 2752 1458 2801 habent3
1499 2752 1644 2791 habent
1673 2756 1803 2790 autem
1833 2753 1956 2801 septi-

169 2826 254 2852 mus
296 2820 334 2853 et
366 2818 546 2860 octavus,
588 2824 686 2862 quos
717 2813 813 2850 mira
843 2811 1101 2848 inconstantia
1139 2821 1240 2848 nuuc
1271 2810 1484 2861 Phrygios,
1521 2820 1623 2847 nunc
1652 2808 1890 2859 Mixolydios
1931 2820 1956 2846 a

171 2873 366 2910 veteribus
396 2871 613 2921 appellatos
644 2875 802 2921 putant,
841 2871 1076 2918 quamquam
1108 2879 1180 2916 ego
1214 2870 1337 2917 magis
1376 2868 1536 2913 inclino,
1576 2872 1619 2905 ut
1649 2866 1796 2917 Lydios
1827 2867 1957 2917 potius

170 2931 365 2968 veteribus
397 2929 520 2968 dictos
552 2928 724 2977 credam,
758 2928 850 2977 quia
879 2931 1068 2965 testantur
1099 2925 1146 2963 de
1176 2938 1246 2964 suo
1279 2925 1424 2977 Lydio,
1466 2924 1569 2975 quod
1608 2924 1767 2975 impleat
1806 2927 1957 2964 animos

171 2987 296 3026 furore
338 2988 491 3033 divino,
534 2987 572 3024 id
610 2991 669 3025 est
706 2986 904 3025 alacritate
943 2988 979 3022 et
1009 2983 1209 3034 spiritibus
1250 2985 1497 3032 militaribus;
1544 2983 1678 3032 quales
1708 2987 1798 3021 sunt
1836 2983 1956 3020 nostri

173 3047 359 3095 septimus
391 3051 430 3085 et
460 3050 636 3085 octavus.

289 3103 385 3141 Cum
415 3104 534 3152 igitur
563 3113 700 3142 eversa
731 3106 790 3141 est
817 3101 928 3146 ratio,
961 3104 1003 3136 ut
1030 3099 1107 3136 imo
1138 3099 1224 3137 loco
1246 3101 1296 3137 sit
1316 3099 1572 3146 semitonium,
1603 3097 1706 3148 quod
1724 3097 1767 3136 fit
1785 3098 1824 3135 in
1843 3097 1955 3136 tertio
