1994 3276
119 81 205 121 460
744 78 965 126 Appendicis
987 80 1285 117 Harmonicorum

122 199 294 237 tionibus
333 198 518 249 legitimis
561 199 756 249 explicare
796 211 872 239 non
912 201 1007 242 vult.
1065 201 1147 240 Nec
1177 212 1349 250 unquam
1389 200 1537 238 crimini
1577 198 1686 247 dedi,
1728 197 1915 250 mysteria

122 256 294 306 tradere3
336 269 455 307 quare
485 269 562 296 non
594 263 670 305 est,
714 269 781 296 cur
812 258 965 298 doleam
995 261 1216 310 exprobrari
1248 259 1342 297 mihi
1373 258 1547 297 libellum
1577 269 1706 297 meum
1749 258 1914 309 primum

122 315 199 354 hoc
239 315 353 354 titulo
385 317 581 367 scriptum.
644 316 896 356 Futilitatem
934 318 1040 356 illius
1070 319 1193 357 libelli
1232 319 1586 367 tunc'agnoscam‚
1628 317 1695 355 ubi
1735 321 1776 354 tu
1806 315 1915 356 illam

123 373 328 413 detexeris.
392 374 512 413 Lucis
541 380 578 414 et
607 375 866 414 tenebrarum
897 377 1055 427 effectus
1083 376 1291 416 nonnullos
1318 377 1496 425 ignorare
1516 378 1687 426 possum,
1720 374 1915 424 abnegavi

123 444 324 482 nunquam
356 443 422 471 ore
451 433 558 474 duro,
619 433 814 472 Mathesin
846 436 880 472 si
917 441 959 473 tu
990 435 1108 473 aliam
1137 436 1238 474 nosti
1272 436 1444 484 (praeter
1476 434 1678 484 vulgarem
1718 432 1847 480 illam,
1892 443 1917 471 a

123 502 202 540 qua
233 490 472 530 denominati
513 492 685 540 suerunt,
727 497 920 542 quotquot
961 493 1148 532 hactenus
1179 493 1442 532 mathematici
1485 488 1770 544 celebrantur),
1815 501 1916 540 quae

125 549 275 588 scilicet
305 551 357 588 sit
385 551 592 589 naturalis
620 555 658 588 et
683 551 895 601 formalis,
937 563 1023 590 eam
1056 564 1129 601 ego
1171 553 1294 590 fateor
1333 562 1551 601 uunquam
1591 550 1796 598 delibasse,
1842 549 1916 586 nisi

122 607 173 646 ad
213 608 544 658 generalissimam
586 610 692 647 vocis
735 610 923 659 originem
964 609 1224 660 confugimus,
1268 609 1437 647 dimissis
1481 608 1779 659 quantitatibus.
1853 607 1914 645 De

122 666 191 704 illa
221 667 339 715 igitur
376 668 474 705 scito
515 679 576 706 me
617 667 681 706 hic
722 678 798 705 non
838 671 923 707 esse
955 669 1149 718 locutum3
1191 669 1340 706 habeas
1382 668 1451 706 tibi
1482 666 1653 705 Roberte
1690 664 1847 704 laudem
1878 670 1916 703 et

125 724 229 762 illius
261 730 299 763 et
331 725 704 765 demonstrationum
735 727 774 763 in
795 726 875 774 illa,
908 738 1009 776 quae
1029 739 1145 776 quam
1178 729 1255 765 sint
1275 731 1492 772 accuratae,
1524 736 1641 775 quam
1661 729 1803 772 certae,
1833 727 1922 762 tute-

123 789 251 821 tecum
278 783 476 834 Judicabis
515 786 599 824 sine
629 796 690 822 me
722 785 878 823 arbitro.
940 784 1072 823 Motus
1111 797 1184 836 ego
1227 786 1355 835 cogito
1387 783 1567 823 visibiles
1606 793 1801 832 sensuque
1831 783 1917 832 ipso

125 841 452 889 determinabiles‚
483 847 525 880 tu
557 848 671 881 actus
699 844 878 882 internos
908 844 1160 884 considerato
1191 844 1316 893 deque
1345 843 1392 880 iis
1421 843 1461 880 in
1493 840 1638 892 gradus
1673 840 1918 890 distinguen-

124 900 183 938 dis
214 900 418 949 laborat03
449 900 624 940 caudam
655 912 724 950 eqo
743 906 855 940 teneo
884 901 952 941 sed
974 914 1102 950 manu,
1136 907 1177 941 tu
1198 907 1322 951 caput
1350 901 1607 951 amplectaris
1628 904 1768 944 mente,
1802 898 1917 936 modo

123 971 171 996 ne
204 960 428 1008 somnians3
473 971 546 1008 ego
583 966 788 998 contentus
819 971 902 998 sum
934 961 1077 1010 effectis
1116 973 1185 999 seu
1217 960 1460 1012 planetarum
1498 959 1693 1005 motibus,
1729 962 1778 996 'tu
1815 957 1850 994 si
1879 957 1919 993 in

123 1018 221 1068 ipsis
254 1019 382 1056 causis
415 1019 595 1056 invenisti
625 1018 847 1057 harmonias
886 1018 984 1056 adeo
1015 1019 1205 1069 liquidas,
1248 1031 1363 1069 quam
1395 1023 1486 1056 sunt
1521 1028 1632 1056 meae
1663 1017 1702 1053 in
1731 1016 1914 1060 motibus,
1969 1042 1974 1044 -

124 1087 294 1125 aequum
326 1078 419 1124 erit,
459 1083 501 1115 ut
532 1087 604 1125 ego
635 1082 674 1116 et
704 1077 776 1114 tibi
817 1076 864 1115 de
895 1078 1119 1116 inventione
1160 1082 1198 1116 et
1228 1078 1321 1115 mihi
1362 1076 1409 1115 de
1445 1076 1694 1127 perceptione
1730 1073 1918 1124 gratuler,

124 1135 190 1172 ubi
221 1137 388 1184 primum
419 1136 616 1186 percipere
647 1139 795 1186 potero.

240 1193 452 1232 Inhaerere
483 1206 560 1240 me,
593 1194 710 1241 dicis,
751 1205 871 1232 coeno
901 1198 938 1232 et
966 1194 1051 1233 luto
1081 1194 1409 1243 impossibilitatis
1437 1204 1550 1231 meac
1580 1191 1807 1240 doctrinan
1843 1200 1920 1228 non

98 1263 208 1294 ¹sum
240 1251 356 1301 hujus
386 1252 654 1302 perplexitatis
685 1252 778 1290 mihi
810 1253 1002 1299 conscius,
1035 1264 1121 1302 age,
1153 1264 1214 1290 me
1246 1251 1385 1290 doceto
1409 1250 1456 1289 de
1477 1251 1538 1289 his
1558 1247 1921 1300 angustiis‚'fidelis

123 1311 310 1358 monitor,
354 1310 415 1348 die
447 1312 531 1357 ubi,
577 1310 694 1362 quid,
738 1310 934 1360 quomodo
967 1310 1272 1360 inexplicabile?
1337 1310 1505 1359 Obliyar
1536 1309 1708 1347 vinculis
1741 1307 1921 1346 obscuri-

122 1370 216 1406 tatis
242 1369 588 1417 perplexissimis?
647 1369 790 1407 Verum
823 1370 965 1408 crimen
996 1371 1150 1418 arguis,
1189 1370 1222 1406 si
1252 1369 1440 1413 materiae
1470 1367 1718 1406 insolentiam
1760 1366 1920 1404 novita—

122 1432 292 1478 temque,
324 1428 355 1464 si
389 1439 514 1465 mores
546 1426 663 1477 hujus
694 1427 833 1473 seculi,
882 1429 914 1464 si
953 1427 1176 1476 neglectum
1205 1427 1507 1472 mathematum,
1549 1427 1583 1463 si
1626 1430 1823 1474 stuporem
1853 1425 1920 1460 in—

124 1486 327 1534 geniorum
359 1487 596 1535 respicimus.
659 1485 744 1523 Non
778 1485 813 1522 id
849 1491 976 1523 tamen
997 1487 1193 1535 privatum
1214 1497 1341 1523 meum
1374 1486 1516 1522 crimen
1539 1489 1609 1531 est,
1641 1484 1770 1521 socios
1791 1481 1919 1520 habeo

130 1543 333 1595 Pappum,
367 1543 575 1591 Serenum,
610 1543 863 1594 Apollonium
895 1550 932 1582 et
964 1541 1054 1597 (pro
1086 1550 1125 1582 te
1155 1543 1331 1593 quidem,
1375 1542 1623 1581 obscuritatis
1649 1536 1920 1592 aestimatore)

124 1603 250 1651 ipsum
281 1602 379 1640 adeo
412 1599 626 1642 Euclidem.
686 1602 746 1640 Tu
777 1614 869 1640 vero
901 1602 996 1641 cedo
1028 1602 1119 1640 mihi
1153 1602 1397 1648 cathedram,
1443 1599 1540 1640 cedo
1571 1599 1808 1638 auditorium
1838 1598 1917 1636 fre-

125 1672 266 1709 quens,
309 1661 508 1715 assiduum
539 1666 576 1698 et
607 1665 817 1709 attentum,
860 1661 954 1699 cedo
981 1661 1228 1711 juventutem
1260 1659 1534 1711 philosophiae
1573 1663 1818 1708 operantem:
1861 1656 1921 1695 ef-

124 1719 250 1757 ficiam
292 1730 378 1757 cum
411 1720 496 1758 Deo
535 1720 635 1757 intra
676 1724 882 1766 semestre,
929 1725 972 1757 ut
1013 1719 1072 1756 illi
1102 1717 1238 1771 (tuque
1279 1718 1378 1757 adeo
1418 1719 1503 1768 ipse
1542 1718 1640 1755 inter
1670 1720 1841 1763 ceteros,
1886 1715 1919 1752 si

124 1775 317 1828 volueris)
356 1789 404 1816 ex
433 1779 587 1828 laqueis
616 1778 701 1816 istis
734 1777 1105 1827 difficultatibusque
1138 1777 1377 1822 liberemini,
1419 1787 1497 1815 non
1528 1777 1656 1813 minus
1687 1779 1805 1823 atque
1835 1774 1919 1822 ipse

127 1841 394 1874 consummato
432 1836 531 1874 libro
573 1847 682 1874 meae
712 1835 967 1874 Harmonices
1010 1835 1166 1873 tandem
1199 1837 1350 1874 emersi.
1411 1834 1568 1873 Interim
1605 1833 1694 1871 dum
1735 1833 1775 1869 in
1805 1833 1921 1879 igno-

131 1896 280 1932 rantiae
313 1896 464 1943 gurgite
508 1899 616 1932 natat
647 1893 906 1944 pulcherrima
948 1894 1145 1941 doctrina,
1190 1893 1284 1931 nihil
1315 1904 1389 1942 ego
1420 1892 1467 1930 dc
1493 1892 1621 1930 salute
1651 1891 1813 1928 honoris
1839 1891 1918 1927 mei
1978 1936 1983 1945 .

130 1964 215 1990 sum
248 1952 453 2003 sollicitus,
484 1955 550 2002 qui
581 1964 642 1989 me
673 1954 753 1990 scio
789 1953 861 1991 Dei
893 1954 1075 1991 creatoris
1107 1952 1244 1990 honori
1278 1949 1518 2001 propalando
1550 1948 1787 1987 destinatum
1818 1958 1918 1985 esse.

246 2011 311 2048 Ad
345 2010 524 2049 XXVII.
565 2022 647 2049 seu
682 2011 1082 2060 complementum
1121 2011 1299 2066 numeri
1339 2008 1623 2058 analyseon.
1684 2006 1760 2044 Per
1791 2005 1918 2044 Deum

129 2069 383 2107 immortalem
416 2074 452 2107 te
482 2080 589 2118 rogo,
623 2069 821 2106 abstineas
852 2081 1008 2107 manum
1040 2081 1062 2106 a
1084 2070 1292 2105 summario
1316 2068 1442 2117 operis
1464 2068 1537 2105 mei
1565 2064 1780 2110 scribendo,
1813 2063 1919 2113 quod
1964 2107 1973 2116 Ι

131 2129 261 2165 mitius
301 2127 433 2165 dixero
465 2132 504 2166 te
541 2139 618 2164 non
653 2127 885 2175 intelligere,
927 2138 1042 2176 quam
1074 2127 1105 2164 si
1139 2126 1264 2164 dicam
1295 2131 1333 2163 te
1364 2124 1492 2162 studio
1523 2128 1759 2174 pervertere.
1820 2121 1918 2159 Mihi

132 2198 207 2223 non
241 2191 299 2223 est
330 2185 437 2223 aliud
467 2179 706 2223 harmoniae
735 2185 976 2232 subjectum,
1018 2196 1134 2232 quam
1166 2185 1246 2222 bini
1279 2184 1466 2232 quusque
1497 2182 1722 2220 harmoniae
1753 2181 1917 2218 termini.

128 2245 234 2282 Situs
265 2255 358 2282 vero
386 2243 631 2293 planetarum
662 2244 700 2280 in
733 2243 841 2281 coelo
873 2255 948 2280 non
980 2247 1070 2279 sunt
1100 2242 1387 2279 harmoniarum
1417 2252 1588 2279 mearum
1621 2239 1793 2285 termini,
1838 2249 1915 2275 non

130 2304 244 2351 igitur
286 2301 463 2351 suchcta
500 2302 798 2340 harmoniarum.
867 2301 907 2339 Si
946 2311 1039 2338 vero
1089 2300 1137 2338 de
1179 2300 1267 2338 libri
1310 2300 1386 2337 mei
1423 2300 1551 2348 'quinti
1595 2298 1917 2336 Harmonicorum

129 2356 318 2410 subjecte,
351 2360 390 2397 id
422 2365 481 2398 est
512 2361 673 2398 materia
703 2371 771 2397 seu
803 2360 995 2410 capitibus
1027 2357 1189 2406 intelligi
1223 2359 1292 2403 vis,
1327 2357 1488 2406 loquere
1510 2358 1627 2406 igitur
1648 2355 1841 2398 distincte,
1875 2361 1918 2392 ut

130 2431 177 2456 ne
210 2421 246 2455 in
280 2418 453 2456 fraudem
483 2430 610 2456 meam
642 2417 871 2467 intelligaris
901 2429 924 2455 a
954 2416 1176 2455 lectoribus.
1237 2415 1392 2453 Partem
1422 2417 1522 2454 enim
1556 2415 1727 2464 aliquam
1760 2413 1847 2450 libri
1868 2411 1918 2450 V.

132 2478 225 2515 facit
255 2477 324 2514 illa
355 2477 574 2515 distributio
607 2477 722 2526 spatii
752 2476 884 2513 mundi
917 2475 1070 2513 mobilis
1101 2476 1200 2512 inter
1228 2473 1418 2523 planetas,
1450 2473 1554 2512 faeta
1585 2470 1796 2511 secundum
1822 2482 1918 2520 pro-

129 2537 346 2585 portionem
390 2535 540 2572 orbium
577 2534 795 2583 figuralium
835 2534 1168 2582 geometricorum,
1229 2532 1364 2581 Neque
1401 2532 1495 2569 mihi
1532 2532 1734 2570 collocatio
1771 2528 1918 2567 Terrae

130 2596 234 2631 inter
272 2593 403 2630 sidera
444 2593 775 2640 complementum
821 2598 876 2629 est
902 2592 1140 2629 harmoniae
1175 2591 1315 2637 ipsius,
1361 2590 1428 2628 sed
1459 2591 1558 2628 bene
1601 2589 1759 2626 extremi
1789 2590 1917 2624 motus

130 2652 296 2688 Telluris
328 2657 418 2688 sunt
449 2650 771 2700 complementum
809 2651 956 2687 numeri
988 2649 1253 2695 terminorum,
1297 2648 1438 2697 quibus
1481 2648 1725 2686 continentur
1755 2655 1918 2695 propor-

131 2711 257 2748 tiones
290 2709 538 2747 harmonicae
567 2708 770 2746 eoelestes.
830 2707 871 2744 In
915 2706 1054 2744 sitibus
1083 2705 1326 2754 planetarum
1356 2707 1452 2755 ipsis
1492 2705 1618 2757 nullas
1658 2708 1788 2742 statuo
1819 2713 1916 2741 con-

132 2769 343 2814 sonantias,
377 2767 517 2804 frustra
548 2767 649 2805 enim
680 2767 754 2812 fui,
796 2775 881 2803 cum
911 2765 950 2801 in
982 2764 1059 2801 illis
1090 2764 1159 2802 has
1192 2776 1430 2814 quaererem.
1492 2764 1627 2812 Neque
1658 2760 1914 2812 philosopho-

131 2837 213 2863 rum
255 2825 359 2864 dicta
398 2830 583 2873 torqueo,
632 2837 718 2863 cum
761 2823 908 2862 voculis
948 2826 1034 2859 utar
1076 2822 1303 2860 dubitativis
1345 2823 1466 2872 forte,
1513 2821 1653 2871 quibus
1697 2819 1820 2858 omnis
1857 2819 1915 2854 vis

132 2888 407 2922 tormentorum
439 2888 646 2921 enervatur
677 2887 715 2921 et
744 2882 959 2920 remittitur.
1024 2879 1111 2918 Tibi
1143 2891 1309 2929 namque
1341 2883 1557 2928 ceterisque
1578 2878 1785 2916 lectoribus
1813 2875 1915 2913 libe-

131 2953 215 2978 rum
245 2941 432 2990 relinquo,
466 2940 558 2989 quid
589 2940 724 2979 credas
755 2938 1035 2990 Pythagoricos
1066 2939 1260 2976 insinuare
1292 2937 1474 2975 voluisse.
1535 2937 1617 2974 Nec
1650 2938 1915 2974 me-contem-

134 2999 327 3047 plationes
356 2999 604 3037 harmonicae
637 2999 790 3036 demum
820 2996 1068 3043 induxerunt,
1112 3000 1155 3034 ut
1185 2996 1343 3034 Terram
1374 2996 1473 3032 inter
1504 2994 1632 3032 sidera
1661 3002 1912 3039 numerarem,

131 3056 214 3106 jam
255 3056 399 3094 dudum
438 3056 512 3095 hoc
550 3056 692 3106 dogma.
734 3056 883 3106 magnis
927 3055 1122 3103 magistris
1167 3059 1369 3103 acceptum
1410 3052 1515 3101 fer03
1570 3050 1805 3090 astronomia
1843 3053 1911 3098 est,
