1994 3276
134 106 215 147 622
629 106 671 143 In
695 105 985 144 stereometriam
1007 85 1196 146 Doliorum
1219 107 1422 155 Appendix.

249 219 292 255 In
315 220 520 257 inventione
544 221 729 260 Romanae
752 235 941 261 mensurae
965 224 1060 261 idem
1084 225 1210 271 procul
1236 225 1343 262 dubio
1377 231 1571 271 processus
1601 225 1673 261 fuit
1707 225 1929 261 observatus.

135 270 280 315 Alioqui
305 273 336 307 si
358 272 578 309 liberrimum
600 274 669 310 fuit
692 276 888 314 inventoris
913 278 1110 323 arbitrium,
1138 289 1246 313 causa
1270 278 1369 313 nulla
1393 278 1477 324 fuit,
1511 290 1575 315 cur
1596 279 1712 318 librae
1734 278 1856 324 potius
1885 279 1927 314 18

135 322 268 358 solidos
293 324 442 369 pollices
466 325 637 362 fontanae
661 329 849 372 tribueret,
876 341 983 375 quam
1011 331 1051 366 16
1076 331 1133 365 vel
1158 331 1213 366 12.
1261 330 1429 366 Notabile
1453 331 1595 367 interim
1619 335 1656 366 et
1672 331 1753 376 hoc,
1779 331 1928 368 eandem

132 376 248 412 fuisse
273 379 541 424 proportionem
567 381 736 426 ponderis
762 381 955 428 amphorae
991 383 1036 419 ad
1071 383 1224 429 libram,
1261 392 1354 427 quae
1387 383 1501 420 librae
1524 383 1571 420 ad
1596 384 1811 421 drachmam.
1860 384 1932 421 Sed

132 434 219 474 puto
243 429 337 466 hanc
360 432 616 476 aequalitatem
641 433 736 470 ultro
761 440 892 481 ortam,
917 446 990 471 non
1015 436 1226 480 quaesitam.
1275 436 1364 472 Cum
1398 437 1492 472 enim
1516 432 1814 484 deprehendisset
1835 438 1932 474 illius

136 484 365 527 aequationis
389 489 526 532 auctor,
552 486 666 532 pedis,
680 487 904 523 usitatissimi
927 489 1058 524 cubum
1083 499 1237 534 aqueum
1263 489 1422 534 pendere
1441 490 1518 527 fere
1542 491 1654 528 libras
1678 491 1932 528 usitatissimas

132 534 187 581 96,
214 541 250 571 et
274 538 523 584 perpenderet,
549 540 702 576 eundem
727 550 807 576 esse
834 551 1021 575 numerum
1046 540 1296 576 drachmarum
1327 541 1364 576 in
1396 542 1489 578 libra
1520 543 1736 589 antiquitus:
1775 549 1931 582 contem-

131 588 317 634 peratione
342 591 447 637 pedis.
469 597 506 628 et
529 591 641 628 librae
657 601 733 628 rem
751 603 773 627 a
789 594 1058 640 propinquitate
1082 594 1128 630 ad
1144 594 1262 640 ipsum
1279 599 1453 640 punctum
1478 594 1638 640 adduxit,
1663 606 1734 631 non
1751 597 1932 632 electurus

131 640 228 677 hunc
252 653 440 680 numerum
465 644 510 681 96
534 644 717 690 librarum,
743 645 773 681 si
798 656 819 681 a
852 650 1079 692 receptarum
1115 646 1287 682 librarum
1325 659 1473 683 numero
1507 649 1710 684 immaniter
1747 648 1931 685 abfuisset.

131 694 211 731 Hoc
235 695 343 741 igitur
367 697 398 734 si
423 703 459 734 et
482 709 548 734 nos
574 697 755 734 imitemur
770 725 779 743 ‚
820 699 973 735 satisfiet
1009 700 1172 745 proxime
1208 701 1324 736 tribus
1361 700 1430 736 illis
1465 701 1665 737 rationibus
1701 702 1738 736 in
1762 701 1931 738 methodo

132 746 307 794 allegatis,
333 749 524 787 drachmae
549 761 616 786 sua
637 751 864 796 relinquetur
888 747 1106 798 auctoritas,
1145 759 1317 798 quantum
1350 764 1499 790 necesse
1523 757 1579 790 est
1602 759 1638 789 et
1664 757 1836 800 quantum
1859 765 1932 798 me·

132 810 252 851 retur;
280 800 483 850 drachmae,
508 803 646 849 unciae,
671 814 812 840 marcae
837 805 1051 841 retinebitur
1073 806 1351 852 nomenclatura,
1377 816 1519 852 unaque
1545 810 1583 842 et
1598 806 1784 843 octonaria
1808 806 1931 843 solidis

131 857 410 895 familiarissima
434 857 655 904 progressio.

870 966 939 1005 Ad
970 965 1126 1016 Caput
1156 966 1206 1006 V.

254 1069 450 1106 Processus
474 1067 669 1105 reducendi
693 1067 845 1103 solidum
871 1067 1215 1114 parallelepipedum
1241 1069 1488 1115 rectangulum
1523 1071 1560 1106 in
1583 1069 1736 1115 figuram
1759 1070 1931 1113 cubicam,

135 1122 302 1169 equidem
325 1133 490 1168 magnam
517 1120 675 1157 ostendit
699 1121 930 1166 diligentiam.
976 1120 1111 1156 Tribus
1147 1121 1240 1157 enim
1273 1122 1388 1158 modis
1424 1123 1460 1158 in
1497 1135 1607 1160 unum
1643 1123 1932 1169 conspirantibus

136 1181 294 1213 constat:
313 1187 472 1221 numero,
490 1176 702 1222 capacitate,
720 1174 895 1221 pondere3
922 1184 988 1218 ego
1016 1178 1182 1219 quartum
1206 1174 1351 1211 modum
1366 1174 1461 1211 infra
1478 1176 1604 1212 dicam.
1647 1177 1807 1221 Cumque
1824 1176 1933 1212 Scho-

138 1241 248 1266 nerus
273 1234 310 1265 et
332 1229 500 1265 Stevinus
526 1228 748 1273 quotientem
772 1227 858 1263 lima
882 1226 1059 1262 subtiliori
1086 1227 1345 1273 expoliverint,
1384 1227 1474 1264 nihil
1506 1228 1593 1264 mihi
1622 1229 1846 1274 reliquerunt
1868 1227 1930 1262 ad—

137 1282 304 1318 dendum.
336 1281 504 1317 Numeris
530 1285 650 1316 autem
674 1290 816 1325 semper
831 1279 945 1315 tutius
971 1284 1026 1314 est
1043 1279 1105 1324 uti,
1132 1290 1239 1324 quam
1265 1280 1380 1326 lineis,
1406 1291 1471 1326 per
1486 1282 1662 1318 mesolabi
1678 1281 1932 1318 aberrationes.

136 1335 220 1370 Non
239 1339 342 1381 putat
358 1334 428 1370 hoc
446 1333 651 1369 Schonerus
678 1333 803 1368 decere
828 1337 1066 1377 geometram:
1093 1337 1131 1367 at
1155 1332 1192 1367 in
1216 1333 1286 1369 hoc
1310 1334 1491 1378 praesenti
1516 1344 1602 1370 casu
1620 1335 1716 1370 omni
1733 1333 1933 1374 subtilitate

135 1387 376 1432 operandum,
412 1397 480 1422 nec
514 1386 653 1431 ignosci
688 1389 810 1431 potest
845 1384 1027 1421 mesolabo
1065 1386 1238 1430 peccanti.
1297 1387 1493 1431 Egregium
1529 1385 1619 1422 alias
1655 1388 1932 1422 instrumentum

134 1439 352 1485 mesolab‘us,
378 1438 522 1483 egregia
553 1437 784 1483 exercitatio,
823 1448 915 1482 quae
952 1448 1016 1482 pro
1048 1437 1186 1473 calculo
1219 1449 1295 1474 rem
1324 1439 1440 1483 ipsam
1471 1438 1538 1473 sub
1570 1449 1698 1475 manus
1731 1439 1857 1483 sumit3
1895 1442 1934 1473 at

136 1491 298 1538 profecto
323 1503 395 1527 non
420 1504 651 1536 γεωμετρητον
675 1491 755 1535 hoc,
783 1491 844 1527 sed
869 1504 1066 1536 μηχανικον,
1093 1496 1128 1525 et
1153 1501 1237 1526 vere
1267 1489 1339 1526 tale
1363 1496 1447 1526 ‘non
1473 1491 1551 1526 sola
1573 1491 1797 1535 ignoratione
1820 1490 1932 1526 homi-

136 1556 232 1591 num,
259 1545 355 1590 quod
381 1550 485 1591 putat
510 1545 690 1581 Stevinus.
737 1544 823 1590 Ipsa
847 1553 967 1579 rerum
992 1542 1293 1588 geometricarum
1323 1549 1453 1579 natura
1481 1555 1554 1579 non
1587 1544 1658 1580 fert
1682 1544 1772 1580 duas
1798 1544 1932 1580 medias

139 1598 254 1642 aliter,
279 1599 349 1634 nisi
366 1609 432 1645 per
454 1599 553 1643 ipsos
581 1597 693 1634 cubos
719 1607 804 1632 suos
830 1595 1070 1632 determinari.
1108 1595 1157 1630 At
1175 1606 1247 1630 non
1266 1596 1395 1632 dantur
1413 1596 1495 1632 cubi
1512 1595 1603 1632 alter
1626 1595 1775 1632 alterius
1799 1596 1932 1643 duplus

140 1661 179 1686 re
211 1651 299 1697 ipsa.
347 1652 439 1687 Nam
464 1651 495 1687 si
519 1650 705 1696 darentur,
727 1653 791 1685 aut
815 1659 835 1684 a
859 1653 992 1683 natura
1016 1649 1187 1683 darentur
1204 1653 1267 1684 aut
1284 1649 1329 1684 ab
1346 1649 1508 1694 homine3
1537 1650 1706 1694 utrinque
1723 1660 1787 1696 per
1804 1654 1934 1694 ortum,

137 1715 266 1750 nempe
290 1715 356 1749 per
380 1705 477 1740 latus
503 1715 617 1746 suum,
643 1715 692 1740 sc.
717 1714 783 1748 per
805 1701 943 1738 medias
968 1701 1279 1748 proportionales,
1319 1713 1408 1746 quas
1443 1703 1517 1748 ‚iam
1554 1703 1708 1739 diximus
1743 1704 1780 1739 in
1804 1702 1933 1748 'planis

135 1759 234 1795 nullo
251 1764 359 1804 pacto
384 1759 554 1795 constitui
568 1758 797 1804 geometrice,
823 1767 941 1801 neque
966 1756 1049 1791 sciri
1073 1767 1241 1802 unquam,
1268 1767 1378 1801 quare
1404 1768 1470 1793 nec
1494 1758 1532 1793 in
1548 1761 1667 1792 mente
1693 1759 1775 1791 actu
1799 1755 1933 1791 insunt.

134 1811 262 1857 Itaque
287 1812 389 1847 cubis
413 1811 655 1858 proportionis
679 1810 809 1855 duplae
835 1809 1011 1854 denegato
1038 1815 1118 1845 ortu
1143 1809 1236 1853 (cum
1261 1815 1360 1844 recta
1384 1820 1456 1844 non
1481 1814 1562 1846 ante
1586 1809 1802 1854 consistant,
1827 1819 1935 1853 quam

137 1865 312 1906 oriantur,
336 1876 382 1901 ne
405 1865 442 1900 in
467 1867 587 1900 mente
613 1863 786 1907 quidem),
811 1867 965 1908 negatur
978 1863 1083 1898 etiam
1110 1862 1343 1899 subsistentia
1361 1872 1424 1897 seu
1441 1862 1535 1901 intra
1552 1872 1615 1897 seu
1640 1866 1744 1897 extra
1766 1866 1933 1897 mentem.

135 1915 214 1952 Hoc
238 1917 377 1952 imitata
399 1926 519 1952 rerum
544 1921 684 1961 natura,
712 1916 869 1951 rationes
894 1915 1138 1958 harmonicas,
1173 1916 1367 1951 intercluso
1392 1916 1588 1952 mediarum
1611 1913 1934 1961 proportionalium

136 1969 302 2014 transitu,
325 1969 420 2005 intra
443 1980 631 2006 numerum
656 1968 877 2004 octonarium
901 1969 1092 2004 terminare
1117 1973 1242 2004 coacta
1267 1973 1330 2004 est.
1621 1964 1624 1966 ’
1811 1984 1816 1990 ·
1853 1990 1857 1993 -

251 2024 380 2067 Itaque
417 2022 525 2067 hujus
558 2023 730 2058 instinctu
762 2023 839 2066 jam
873 2022 954 2058 vilis
998 2023 1103 2058 etiam
1140 2023 1298 2068 agricola
1333 2033 1461 2058 vocum
1498 2024 1768 2068 proportionem
1804 2021 1908 2058 δι’ὲπτ

138 2074 283 2111 damnat
308 2080 344 2111 et
370 2080 567 2121 aversatur,
594 2075 679 2120 quia
695 2075 741 2111 ad
754 2075 854 2110 illam
878 2087 950 2110 non
974 2080 1097 2120 potest
1122 2076 1337 2121 geometrice
1362 2075 1549 2121 perveniri,
1576 2074 1644 2111 nisi
1667 2086 1732 2120 per
1747 2075 1769 2111 2
1786 2074 1932 2119 medias,

139 2138 231 2173 quae
255 2130 338 2164 actu
362 2129 529 2173 nuspiam
555 2133 650 2171 sunt,
675 2139 742 2164 nec
767 2128 805 2163 in
828 2132 948 2164 mente
972 2128 1204 2164 adumbratae
1229 2139 1296 2164 nec
1319 2128 1356 2163 in
1380 2128 1514 2163 mundo
1541 2138 1764 2177 expressae·

252 2180 408 2226 Objiciat
444 2182 573 2228 aliquis
607 2186 732 2218 contra
767 2176 1161 2227 hanc'philosophiam,
1188 2192 1234 2217 an
1259 2193 1331 2217 non
1349 2182 1463 2218 cubus
1486 2182 1508 2219 2
1526 2181 1658 2226 duplus
1676 2181 1723 2216 sit
1739 2180 1786 2216 ad
1802 2180 1934 2217 cubum

137 2234 183 2269 1?
208 2234 436 2281 Respondeo,
461 2235 612 2280 perinde
635 2235 706 2271 hoc
731 2245 871 2279 sonare,
909 2245 951 2270 ac
976 2234 1007 2270 si
1031 2235 1110 2279 quis
1135 2235 1204 2270 hoc
1230 2235 1370 2271 dicendi
1396 2245 1526 2279 genere
1555 2238 1740 2279 uteretur,
1757 2248 1759 2251 ¹
1778 2244 1824 2269 an
1859 2243 1934 2268 non

140 2288 253 2323 cubus
279 2288 410 2333 duplus
437 2288 484 2323 ad
507 2288 675 2333 simplum
700 2288 832 2333 duplus
857 2289 940 2324 est?
986 2288 1135 2323 Numeri
1161 2288 1254 2323 enim
1279 2293 1362 2323 sunt
1387 2298 1503 2322 sermo
1528 2290 1808 2331 geometrarum,
1844 2283 1933 2320 nihil

138 2344 332 2386 praetera„
366 2340 540 2386 Suntque,
566 2345 607 2377 ut
632 2345 829 2386 conceptus
854 2341 1005 2384 mentis,
1042 2340 1277 2385 applicabiles
1312 2345 1400 2376 tam>
1416 2340 1508 2375 veris
1533 2336 1640 2384 quam
1665 2337 1930 2382 conditionatis‚

141 2392 296 2437 denique
319 2391 412 2428 fictis
439 2399 476 2429 et
499 2393 606 2438 plane
630 2392 912 2439 impossibilibus
938 2392 1094 2435 entibus,
1121 2393 1156 2428 h.
1183 2403 1214 2428 e.
1239 2404 1311 2428 non
1336 2393 1478 2428 entibus
1503 2396 1567 2427 aut
1580 2392 1790 2427 'chimaeris

255 2445 370 2481 Aliter
395 2446 555 2492 objicias,
582 2457 628 2482 an
652 2458 725 2482 non
748 2446 864 2491 possit
888 2445 1038 2491 cogitari
1069 2447 1182 2482 cubus
1218 2445 1308 2481 alter
1331 2445 1480 2480 alterius
1507 2444 1659 2489 duplus,
1695 2443 1757 2479 ubi
1792 2443 1934 2479 videtur

139 2508 198 2535 res
222 2499 312 2535 haec
336 2499 373 2534 in
398 2504 516 2537 mente
541 2500 765 2536 subsistere?
790 2499 1007 2544 Respondeo
1028 2499 1209 2543 similiter3
1228 2499 1384 2542 cogitare
1407 2498 1498 2533 enim
1515 2502 1631 2542 potes,
1655 2495 1934 2532 contradictoria

140 2551 246 2587 simul
271 2561 351 2587 esse
373 2562 469 2597 vera,
496 2553 594 2596 quod
618 2557 738 2588 tamen
761 2556 817 2597 est
841 2551 1072 2596 impossibile.
1122 2552 1223 2586 Haec
1247 2551 1355 2595 igitur
1378 2551 1501 2585 insunt
1526 2549 1645 2584 verius
1669 2548 1706 2583 in
1729 2547 1932 2592 phantasia,

140 2614 366 2649 nequaquam
392 2605 429 2639 in
453 2609 584 2640 mente.
630 2605 722 2640 Nam
747 2604 808 2649 qui
836 2604 887 2639 sic
912 2603 1056 2648 cogitat,
1082 2603 1131 2638 nil
1155 2603 1222 2638 nisi
1246 2604 1356 2638 verba
1373 2603 1507 2647 cogitat
1527 2606 1562 2636 et
1581 2611 1699 2646 sonos,
1724 2611 1769 2636 ex
1793 2600 1941 2642 aurium,

140 2656 347 2692 resonantia
371 2667 436 2702 per
459 2657 615 2701 speciem
639 2656 855 2701 phantasiae
881 2655 964 2691 olim
989 2660 1280 2701 repraesentatos
1312 2656 1482 2699 varieque
1513 2655 1608 2690 inter
1638 2663 1679 2689 se
1702 2652 1931 2698 compositos,

141 2708 314 2745 dianoeae
347 2709 491 2754 quidem
526 2720 651 2755 opera,
690 2709 755 2746 sed
788 2720 860 2744 non
891 2709 991 2753 justo
1023 2719 1089 2744 nec
1119 2709 1187 2743 nisi
1219 2707 1402 2742 imitativo
1424 2717 1608 2752 processu.
1658 2706 1758 2750 Quae
1788 2704 1933 2742 veroin

140 2766 270 2806 mente,
297 2773 340 2798 ea
364 2773 429 2807 per
454 2773 582 2799 causas
608 2773 691 2798 suas
716 2763 858 2806 insunt,
896 2772 968 2797 non
1003 2771 1068 2805 per
1100 2761 1197 2796 nuda
1234 2760 1392 2795 nomina.
1441 2759 1668 2802 Intelligatur
1689 2757 1795 2800 igitur
1819 2756 1930 2793 cubus

145 2813 237 2850 alter
260 2813 407 2851 alterius
433 2815 577 2860 duplus,
602 2815 638 2851 h.
664 2826 694 2851 e.
719 2824 785 2860 per
809 2823 954 2850 causam
979 2823 1079 2849 suam
1105 2812 1426 2858 comprehendatur
1454 2815 1497 2846 -et
1530 2809 1790 2846 concedamssin
1812 2810 1930 2844 mente

140 2865 272 2902 inesse.
319 2866 412 2902 Nam
435 2877 535 2902 mens
560 2866 607 2903 ad
630 2877 758 2903 causas
782 2865 931 2901 remissa
946 2865 1148 2902 revolvetur
1165 2866 1211 2901 ad
1226 2865 1362 2900 medias
1379 2861 1677 2909 proportionales,
1705 2873 1797 2907 quae
1813 2865 1931 2896 ortum

143 2919 236 2964 cubi,
261 2923 302 2955 ut
324 2920 431 2955 tertio
456 2924 540 2956 actu
567 2920 737 2966 generati,
761 2920 860 2964 ipsae
884 2918 998 2962 primo
1023 2923 1123 2962 actu,
1155 2930 1188 2954 n.
1216 2918 1342 2963 puncti
1365 2916 1483 2962 fluxu,
1509 2915 1750 2960 generandae,
1787 2922 1931 2958 praece-

144 2969 230 3006 dant
245 2981 394 3007 necesse
413 2977 479 3009 est.
510 2973 586 3009 Has
610 2983 694 3008 vero
719 2982 791 3008 non
807 2966 942 3007 invenit
966 2981 1065 3006 mens
1090 2971 1184 3006 intra
1201 2980 1251 3015 se,
1276 2970 1312 3004 h.
1338 2979 1367 3004 e.
1391 2969 1429 3003 in
1453 2967 1636 3004 scibilibus
1661 2963 1928 3011 quantitatibus.

143 3022 192 3057 Ut
214 3023 346 3060 rectius
371 3024 431 3061 hic
455 3025 616 3061 defectus
642 3024 792 3060 duarum
815 3023 1013 3059 mediarum
1037 3022 1274 3067 intelligatur,
1308 3020 1552 3065 perpendatur
1577 3017 1808 3058 'subsistentia
1830 3026 1928 3051 men-

144 3073 225 3111 talis
249 3075 355 3112 unius
379 3077 527 3114 mediae.
574 3077 679 3113 Datis
703 3076 845 3113 duabus
870 3075 1144 3120 quibuscunque
1166 3074 1282 3118 lineis,
1319 3072 1425 3108 datur
1446 3071 1612 3116 circulus,
1637 3070 1740 3115 cujus
1757 3068 1929 3105 diameter
