1988 3276
801 121 1074 162 neumenia
1774 122 1828 162 31

52 249 247 301 potuisse,
283 251 331 287 nt
359 257 439 287 ‘nec
476 244 695 297 Porphyrii.
752 243 854 284 Eece
882 243 945 283 Tu
972 243 1069 295 ipse·
1094 239 1192 281 mihi
1229 239 1371 280 librum
1406 243 1500 280 ante
1533 238 1678 279 multos
1706 249 1831 280 annos

51 306 316 356 nansi-inisti,
358 309 448 345 sunt
487 309 616 344 antem
654 302 896 342 Aristoxenis
934 300 1259 341 Harmonicorum
1299 298 1577 339 elementorum
1612 297 1702 338 libri
1739 302 1830 347 tres,

52 365 266 405 Ptolemaei
291 362 613 403 Harmonicorum
639 361 730 400 lihri
750 362 788 410 3,
819 360 1040 400 Aristotelis
1068 359 1117 399 de
1145 357 1383 399 audibilibus
1413 363 1453 397 et
1479 355 1744 408 Porphyrii
1774 355 1831 395 dc

53 423 215 463 decem
240 421 686 470 Praedicamentis,
715 420 887 459 Antonio
918 418 1124 469 Gogavino
1145 416 1351 456 Graviensi
1378 417 1598 466 interprete.
1647 413 1829 455 DePor-

51 481 190 533 phyrio
219 491 297 520 non
325 481 483 520 memini
510 479 788 520 Harmonicum
816 477 911 528 quid
939 483 1103 517 exstare.
1152 475 1253 516 Sunt
1280 480 1319 515 et
1347 473 1519 513 Euclidis
1548 478 1588 513 et
1613 472 1831 513 Ptolemaei

52 539 287 583 Harmonica
322 540 582 590 manuscripta
618 536 765 577 Graece
803 538 843 575 in
881 535 1117 575 bibliotheca
1154 532 1321 573 Conradi
1357 531 1595 584 Dasypodii,
1632 537 1723 572 ante
1751 535 1834 572 tres

52 608 174 638 annos
201 599 353 647 mortui,
393 599 638 647 feranturque
668 595 826 635 venales
855 595 946 634 iisse
976 594 1079 633 illius
1106 593 1194 633 libri
1223 593 1263 632 in
1291 592 1417 631 forum
1444 591 1684 630 scrutarium.
1727 589 1830 630 Dedi

50 657 250 708 negotium
278 657 412 696 amicis
443 656 693 707 Argentinam
720 654 913 704 profectis,
944 658 987 691 ut
1017 651 1064 692 de
1093 653 1142 691 iis
1170 661 1232 690 me
1265 651 1463 690 certiorem
1491 649 1666 699 reddant,
1697 659 1832 688 verum

51 716 225 765 responsi
260 714 358 754 nihil
392 715 552 765 accipio.
611 713 802 763 Equidem
837 713 920 752 sine
960 710 1109 750 Graeco
1147 708 1356 760 exemplari
1396 708 1557 759 despero
1587 707 1831 748 Aristoxenis

51 778 91 812 et
125 772 341 812 Ptolemaei
384 778 552 812 mentem
596 783 644 811 ex
692 770 889 821 Gogavini
932 771 1270 820 interpretamento
1324 769 1521 818 percipere
1569 765 1831 816 undiquaque.

50 830 94 871 Si
122 830 178 870 Μ.
207 830 254 870 Τ.
282 831 377 870 mihi
405 831 643 883 prospexerit
672 829 720 869 de
748 829 908 869 Graecis
938 830 1052 867 trium
1082 827 1269 867 dictorum
1297 831 1497 866 auctorum
1533 824 1829 876 exemplaribus,

49 890 276 940 praesertim
303 889 537 939 Ptolemaei,
580 889 648 938 qui
685 887 811 928 editus
847 898 932 927 esse
966 886 1188 938 perhibetur
1224 886 1266 924 in
1299 883 1434 934 Italia,
1472 888 1567 935 puto
1597 881 1734 923 Urbini
1763 887 1831 922 aut

50 947 278 988 vincentiae
321 954 390 988 aut
425 948 665 996 Florentiae,
714 951 753 986 et
795 946 905 996 cujus
952 945 1181 997 Gogavinus
1221 943 1372 994 aliquot
1417 941 1652 993 exemplaria
1694 941 1833 981 habuit

51 1017 100 1046 ex
142 1006 376 1047 bibliotheca
415 1006 627 1047 Vaticana:
670 1004 877 1060 ponioeor„
917 1004 1003 1044 Deo
1045 1004 1305 1055 permittente,
1352 1001 1628 1042 commentaria
1663 1001 1705 1039 in
1741 1011 1830 1040 eum

48 1066 263 1116 perspicua.
1154 1100 1159 1106 .

186 1122 428 1174 Scripseram
468 1122 516 1162 de
555 1121 800 1161 Harmonicis
837 1120 1025 1160 Boethius
1064 1125 1103 1160 et
1141 1117 1365 1159 Jornandus
1408 1129 1532 1168 exque
1569 1118 1617 1156 iis
1653 1115 1830 1157 Jacobus

50 1181 178 1220 Faber
206 1181 466 1232 stapulensis,
508 1191 621 1231 quem
657 1180 796 1219 habeo.
870 1180 964 1219 Vidi
993 1183 1033 1219 et
1060 1180 1266 1227 musicam,
1305 1182 1347 1216 ut
1374 1181 1491 1227 puto,
1530 1175 1639 1216 Sethi
1669 1175 1831 1215 Calvisii

51 1241 218 1279 cantoris
245 1239 471 1291 Lipsiensis,
503 1241 569 1289 qui
601 1244 773 1278 veterum
800 1240 989 1278 rationem
1018 1239 1153 1289 tangit.
1211 1236 1352 1276 Habeo
1382 1241 1422 1275 et
1450 1236 1599 1274 Artusii
1626 1234 1718 1274 Itali
1748 1232 1831 1272 dis-

51 1309 185 1338 cursus
214 1297 371 1339 Italicos
392 1298 440 1337 de
459 1298 744 1348 imperfectione
773 1297 982 1337 hodiernae
1011 1299 1200 1336 musicae:
1227 1294 1299 1334 sed
1326 1293 1423 1333 nihil
1452 1293 1545 1332 dum
1572 1292 1664 1344 legi.
1722 1291 1829 1331 Har-

50 1357 203 1396 monice
242 1369 331 1396 mea
370 1368 447 1407 quo
487 1356 575 1395 loco
618 1356 713 1405 sint,
756 1357 892 1406 scripsi
928 1362 1019 1395 ante
1057 1355 1208 1405 aliquot
1235 1364 1370 1393 annos.
1430 1351 1639 1403 Cuperem,
1679 1352 1714 1390 si
1741 1350 1829 1390 Deo

51 1416 179 1454 visum
206 1415 339 1465 fuerit,
379 1417 488 1466 prius
524 1414 728 1454 absolvere
758 1416 1027 1454 astronomica.
1085 1412 1284 1462 Mirabile,
1328 1411 1502 1462 disposui
1530 1411 1657 1461 ipsos,
1700 1411 1831 1461 prius-

52 1484 168 1523 quam
197 1475 280 1512 vidi
307 1473 585 1522 Ptolemaeum,
616 1473 695 1512 fere
724 1472 776 1512 ad
804 1472 970 1513 eundem
997 1471 1176 1521 modum,
1208 1482 1285 1521 quo
1315 1469 1563 1509 Ptolemaeus
1593 1480 1679 1508 sua.
1737 1467 1830 1507 Feci

51 1531 170 1571 libros
213 1533 404 1582 quinque,
454 1534 618 1582 primum
667 1530 714 1571 de
755 1531 889 1582 figuris
928 1532 1189 1583 geometricis,
1231 1528 1334 1568 unde
1375 1528 1620 1568 harmonicae
1662 1527 1830 1566 rationes

54 1590 238 1639 oriuntur,
267 1589 478 1629 secundum
508 1590 555 1630 de
585 1590 799 1629 rationibus
826 1602 897 1630 seu
923 1591 1093 1630 numeris
1112 1588 1356 1636 harmonicis,
1387 1588 1542 1626 tertium
1561 1585 1610 1625 de
1628 1585 1830 1624 harmonia

52 1648 91 1685 in
130 1648 312 1696 vocibus,
354 1654 532 1698 quartum
575 1648 623 1687 de
658 1648 859 1688 harmonia
896 1650 936 1686 in
973 1648 1212 1698 aspectibus,
1258 1647 1435 1696 quintum
1474 1644 1523 1684 de
1560 1644 1763 1683 harmonia
1790 1644 1830 1681 in
1847 1688 1856 1697 r

53 1706 222 1745 motibus
261 1705 505 1745 coelestibus.
564 1706 664 1746 Ecce
702 1717 804 1745 nunc
839 1706 1117 1745 Ptolemaeum.
1176 1705 1347 1743 Primum
1376 1705 1410 1741 is
1440 1703 1639 1742 constituit
1666 1712 1830 1741 concor-

54 1763 225 1814 dantias,
263 1763 401 1804 deinde
429 1775 571 1815 genera
598 1763 674 1818 (res
703 1764 820 1803 hodie
848 1776 947 1815 pene
978 1766 1131 1814 ignota,
1162 1768 1201 1802 et
1230 1764 1270 1800 ni
1297 1761 1410 1801 fallor
1437 1766 1598 1800 naturae
1626 1771 1705 1799 non
1734 1770 1830 1799 eon-

51 1833 165 1872 sona,
206 1827 250 1862 ut
278 1823 351 1861 tria
379 1823 456 1861 sint
490 1834 649 1873 genera:
689 1822 942 1871 diatonicum,
983 1822 1257 1862 chromaticum
1286 1826 1325 1859 et
1355 1817 1679 1872 enharmonium),
1716 1819 1829 1858 tertio

50 1885 176 1920 tonos.
233 1880 331 1920 Inde
360 1885 557 1931 comparat
585 1881 808 1920 harmonica
838 1893 924 1920 cum
954 1880 1206 1930 coelestibus,
1235 1878 1408 1918 ordinem
1435 1888 1576 1917 vocum
1605 1888 1693 1917 cum
1720 1881 1830 1916 motu

50 1938 248 1979 stellarum
284 1940 325 1977 in
362 1939 540 1990 longum,
582 1951 724 1990 genera
761 1950 848 1978 cum
885 1944 994 1978 motu
1032 1950 1164 1979 earum
1200 1937 1414 1978 eccentrico
1443 1937 1484 1975 in
1514 1936 1637 1975 altum
1666 1940 1706 1976 et
1733 1946 1828 1987 pro-

49 1996 228 2047 fundum,
270 2002 383 2036 tonos
423 2009 510 2036 cum
546 2005 655 2036 motu
694 2009 826 2037 earum
866 1999 905 2036 in
940 1998 1082 2047 latum,
1124 1995 1368 2036 tetrachorda
1402 2006 1491 2035 cum
1526 1994 1748 2047 aspectibus
1777 1993 1829 2034 ad

51 2053 201 2095 Solem:
231 2060 277 2094 ut
304 2067 376 2106 ego
406 2055 697 2095 concordantias
728 2067 814 2095 cum
844 2057 1065 2107 aspectibus
1093 2055 1337 2106 planetarum
1366 2055 1523 2093 mutuis.

193 2112 336 2165 Accipe
379 2113 444 2153 hic
487 2114 754 2165 compendium
797 2114 1107 2154 harmonicorum
1147 2125 1336 2163 meorum,
1393 2117 1583 2163 quatenus
1626 2109 1829 2150 harmonia

52 2170 313 2211 consideratur
356 2173 396 2211 in
438 2173 611 2212 vocibus.
685 2172 860 2222 Quatuor
898 2179 988 2212 sunt
1029 2178 1169 2224 partes.
1240 2172 1371 2210 Prima
1415 2170 1585 2210 ostendit
1629 2170 1827 2220 originem,

52 2239 208 2278 causas,
249 2231 505 2279 quantitatem
544 2237 583 2270 et
619 2242 818 2270 nnmemm
857 2231 1151 2270 harmoniarum.
1210 2229 1390 2269 Secunda
1427 2230 1633 2279 originem,
1675 2238 1826 2276 causas,

52 2289 307 2336 quantitatem
334 2293 373 2328 et
399 2300 599 2328 numerum
628 2289 914 2328 intervallorum
945 2292 1133 2338 omnium,
1178 2291 1295 2328 etiam
1334 2299 1411 2327 non
1450 2287 1759 2326 harmonicorum
1788 2286 1827 2323 in

52 2350 166 2384 cantu
207 2346 392 2396 naturali,
436 2353 479 2386 ut
519 2350 619 2398 toni,
665 2349 858 2388 semitonii
899 2353 971 2388 etc.
1054 2348 1187 2387 Tertia
1226 2347 1345 2386 habet
1390 2345 1651 2385 definitionem
1692 2348 1827 2383 cantus

51 2403 236 2443 naturalis
277 2403 438 2455 ejusque
482 2407 610 2445 varios
648 2406 785 2445 modos
827 2418 898 2445 seu
940 2406 1191 2454 differentias,
1250 2416 1347 2455 quos
1383 2403 1499 2443 hodie
1542 2404 1566 2441 8
1609 2407 1722 2442 tonos
1765 2401 1827 2440 di—

52 2462 185 2500 cimus.
235 2460 383 2511 Quarta
411 2464 578 2503 ostendit
606 2476 744 2503 causas
773 2464 904 2515 legum
942 2467 981 2503 in
1012 2464 1288 2515 compositione
1319 2476 1545 2515 συμφωνιῶν
1572 2472 1642 2500 seu
1672 2464 1826 2500 contra-

51 2525 290 2570 punctorum.
358 2520 467 2561 Haec
494 2534 583 2572 pars
607 2523 691 2572 jam
720 2523 855 2574 incipit
884 2534 968 2562 esse
996 2524 1184 2573 practica,
1225 2522 1357 2571 itaque
1387 2534 1411 2559 a
1440 2532 1502 2560 me
1530 2518 1698 2571 perfecte
1726 2517 1826 2557 tradi

51 2586 128 2616 non
154 2582 294 2628 potest.

194 2636 311 2675 Pars
350 2638 515 2687 prima.
574 2638 671 2677 Cum
698 2650 818 2678 sonus
847 2640 899 2678 sit
929 2651 954 2677 a
981 2643 1110 2688 motu,
1150 2642 1277 2677 motus
1316 2648 1408 2677 vero
1453 2638 1531 2675 sint
1566 2647 1636 2686 per
1671 2634 1824 2682 lineam,

53 2691 214 2747 duorum
243 2706 334 2745 ergo
364 2706 547 2734 sonorum
574 2692 839 2747 ἁρμοττοπωτ
867 2708 937 2735 seu
967 2697 1271 2747 congruentium,
1314 2707 1383 2734 seu
1414 2694 1726 2741 consonantium,
1756 2702 1826 2730 seu

53 2752 374 2802 concordantium,
405 2752 527 2792 lineas
556 2764 581 2791 a
607 2755 719 2793 nobis
749 2754 983 2794 considerari
1011 2760 1180 2805 oportet,
1210 2759 1254 2792 ut
1284 2764 1422 2793 causas
1450 2752 1675 2791 harmoniae
1704 2751 1825 2789 inter-

52 2808 200 2849 mediae
238 2811 336 2849 inter
373 2811 485 2850 binos
523 2822 640 2850 sonos
675 2813 928 2853 inveniamus.
988 2812 1111 2852 Linea
1149 2818 1279 2851 autem
1318 2816 1386 2850 aut
1426 2810 1619 2849 circularis
1658 2812 1716 2847 est
1757 2812 1826 2847 aut

53 2871 168 2907 reda.
227 2867 348 2907 Recta
385 2875 515 2919 partes
550 2869 668 2908 habet
702 2871 889 2921 infinitas,
933 2882 1095 2921 quarum
1131 2869 1308 2921 aptitudo
1347 2867 1398 2908 ad
1426 2879 1470 2908 se
1498 2872 1632 2906 mutuo
1661 2865 1824 2917 intelligi

53 2926 205 2975 nequit,
246 2927 322 2965 nisi
348 2926 467 2977 plana
497 2932 535 2966 et
569 2927 690 2966 cubos
726 2929 777 2968 ad
805 2940 872 2968 eas
909 2929 1190 2977 adsciscamus,
1236 2938 1335 2978 quae
1365 2930 1455 2965 sunt
1483 2938 1508 2965 a
1536 2928 1647 2963 motu
1674 2923 1825 2963 alienae

54 2985 299 3031 quantitates.
350 2984 554 3025 circularis
574 2990 633 3024 est
651 2996 730 3025 una
747 2986 942 3037 habetque
961 2992 1091 3038 partes
1112 3000 1136 3026 a
1154 2987 1329 3037 partibus
1356 2983 1564 3035 plurimum
1593 2982 1822 3022 differentes.

53 3036 157 3079 Rihil
186 3047 316 3081 autem
344 3043 502 3084 interest
528 3045 627 3083 inter
654 3043 933 3095 longitudinem
961 3044 1184 3086 circularem
1223 3050 1263 3083 et
1298 3048 1460 3091 rectam,
1501 3039 1606 3091 quod
1643 3042 1825 3080 tinnitum

54 3106 125 3138 neu
159 3110 297 3140 sonum
333 3102 487 3152 attinet,
528 3101 734 3142 dummodo
773 3103 955 3154 aequales
996 3105 1074 3144 sint
1117 3108 1157 3143 et
1199 3102 1378 3151 utrinque
1420 3105 1556 3141 tensae
1596 3098 1822 3150 aequaliter.
