1994 3276
732 98 871 166 smus·
891 127 936 164 v.
962 125 1172 173 caputm.
1354 144 1357 145 ν
1615 129 1626 136 ‘
1774 113 1886 171 27ss

68 248 213 296 animo
226 246 460 299 ejiciendam
500 258 580 286 non
610 246 765 288 tradunt
793 248 960 296 namne
992 259 1125 286 veram
1163 251 1201 285 et
1232 257 1438 297 corporum
1466 245 1600 286 mundi
1630 245 1860 298 dispositio-

67 318 161 350 nem
188 311 229 347 et
254 312 432 349 motuum
461 305 652 356 politiam
736 323 748 326 ν·

130 364 227 410 1¹¹
256 375 390 404 earnm
417 363 558 412 locum,
590 365 664 404 etsi
692 362 819 403 tacere
848 362 960 402 aliter
991 373 1070 401 non
1090 373 1262 414 possum,
1294 339 1384 412 quin
1412 361 1623 412 Copemici
1642 361 1691 401 de
1711 361 1858 400 mundo

70 390 307 463 sententiam
332 423 446 461 unice
475 427 518 461 et
545 421 779 462 substituam
809 426 849 459 et
875 422 910 460 si
939 421 1127 471 possibile
1157 426 1262 459 esset
1291 422 1470 459 omnibus
1503 420 1784 472 persuadeam,
1815 425 1858 459 at

68 482 162 531 quia
188 490 251 520 res
277 480 383 531 apud
413 479 556 530 vulgus
585 479 846 519 studiosorum
875 480 1087 518 etiamnum
1124 490 1229 516 nova
1258 484 1316 516 est
1353 486 1393 517 et
1422 478 1565 530 dogma
1593 478 1731 517 auditu
1769 477 1859 530 ple-

72 541 203 589 risque
240 537 582 586 absurdissimum,
623 537 783 581 Terram
824 548 871 576 ex
910 537 1079 588 planetis
1114 548 1235 575 unum
1264 547 1350 575 esse
1391 538 1567 587 interque
1608 537 1738 576 sidera
1766 537 1861 576 ferri

67 599 171 636 circa
196 596 330 638 Solem
359 597 620 636 immobilem:
655 597 780 634 sciant
809 596 947 645 igitur,
988 597 1055 646 qui
1085 594 1203 645 hujus
1233 595 1447 634 sententiae
1488 594 1698 634 insolentia
1736 595 1861 634 offen-

5 663 13 669 ·
66 654 219 704 duntur,
248 653 535 705 speculationes
566 655 639 693 has
668 653 912 693 harmonicas
942 656 1061 692 etiam
1080 654 1129 690 in
1160 652 1446 703 hypothesibus
1488 652 1681 703 Ίζιμοήοηιζς
1706 653 1861 692 Brahei

68 713 198 752 locum
226 713 420 762 obtinere,
450 719 655 763 propterea
683 711 790 762 quod
817 716 954 751 auctor
983 711 1049 750 ille
1080 717 1209 750 cetera
1238 711 1390 758 omnia,
1430 722 1532 761 quae
1564 710 1860 760 dispositionem

68 779 270 821 corporum
300 776 340 810 et
368 772 762 821 contemperationem
791 775 968 808 motuum
998 771 1185 817 attinent,
1227 780 1315 807 cum
1346 769 1562 820 Copernieo
1603 770 1722 808 habet
1752 781 1862 820 com-

69 830 221 878 munia,
260 829 388 868 solum
416 829 559 868 Terrae
589 834 736 867 motum
765 839 935 867 annuum
966 828 1275 879 Copernicanum
1312 828 1492 866 transfert
1531 829 1612 879 ipse
1654 829 1696 872 in
1735 832 1861 866 totum

69 893 241 938 systema
270 888 421 927 orbium
449 887 752 938 planetariorum
781 887 899 936 inque
927 886 1078 933 Solem,
1121 886 1188 936 qui
1226 886 1315 935 ‘ejus
1344 885 1515 925 medium
1552 887 1722 934 obtinet,
1764 897 1861 925 con-

63 951 186 985 sensu
214 947 382 984 auctoris
413 948 627 995 utriusque,
684 944 787 983 Nam
815 956 870 983 ex=
887 944 962 983 hac
994 943 1248 983 translatione
1277 950 1408 982 motus
1437 944 1481 983 fit
1508 944 1782 993 nihilominus,
1818 950 1863 983 ut

0 1037 3 1049 2
70 1002 203 1051 Terra,
230 1005 268 1042 si
293 1014 373 1043 non
400 1005 440 1040 in
473 1004 695 1043 vastissimo
725 1002 794 1041 illo
825 1009 864 1041 et
894 1004 1081 1041 immenso
1110 1003 1239 1054 spatio
1269 1001 1460 1052 sphaerae
1492 1002 1675 1051 fixarum,
1707 1008 1748 1041 at
1778 1003 1863 1041 sal-

0 1070 12 1098 ,τ
69 1067 148 1100 tem
181 1063 231 1101 in·
258 1067 470 1113 systemate
510 1060 643 1100 mundi
684 1061 890 1111 planetarii
927 1062 1056 1099 locum
1097 1061 1272 1099 obtineat
1312 1062 1453 1110 quovis
1484 1066 1658 1112 tempore
1693 1060 1861 1100 eundem

7 1145 9 1147 ·
70 1116 175 1170 apud
203 1119 418 1169 Braheum,
460 1132 575 1170 quem
614 1121 649 1158 ei
687 1118 755 1158 dat
784 1118 1044 1169 Copernicus,
1085 1119 1282 1169 adeoque,
1323 1121 1424 1158 sicut
1462 1120 1528 1168 qui
1563 1131 1680 1171 super
1710 1130 1861 1170 papyro

71 1177 257 1217 circulum
287 1179 444 1227 scribit,
480 1180 513 1216 is
542 1177 680 1229 pedem
721 1179 855 1216 circini
883 1179 1127 1229 scriptorium
1157 1176 1394 1224 circumfert,
1440 1178 1508 1227 qui
1539 1187 1631 1216 vero
1672 1189 1862 1228 papyrum

0 1233 6 1280 ’,ί
69 1247 140 1275 seu
169 1234 344 1275 tabulam
372 1235 498 1286 affigit
526 1242 638 1274 torno
670 1235 856 1284 volubili,
887 1236 922 1274 is
950 1237 1111 1277 immoto
1141 1234 1241 1285 pede
1273 1236 1404 1273 circini
1442 1247 1511 1274 seu
1542 1235 1634 1274 stilo
1675 1235 1862 1274 circulum

0 1289 7 1343 ξ’
72 1293 255 1333 describit
290 1294 457 1338 eundem
495 1305 612 1345 super
642 1293 866 1332 decurrente
903 1293 1058 1338 tabula,
1098 1295 1155 1332 sic
1194 1294 1312 1331 etiam
1351 1293 1414 1331 hic
1445 1293 1658 1344 Copernico
1702 1294 1862 1344 quidem

69 1350 205 1391 'renus
244 1351 430 1391 circulum
471 1357 639 1390 metatur
668 1358 775 1390 motu
818 1353 879 1390 sui
909 1353 1079 1402 corporis
1119 1351 1234 1398 reali,
1276 1351 1446 1390 medium
1478 1351 1719 1390 incedentem
1760 1354 1862 1391 inter

0 1415 17 1463 χ’
71 1399 237 1448 circulos
269 1409 411 1449 Martis
448 1412 676 1449 exteriorem
715 1416 753 1448 et
793 1409 956 1448 Veneris
995 1410 1235 1458 interiorem;
1276 1415 1317 1447 at
1357 1409 1534 1461 Tychoni
1566 1410 1693 1448 Brahe
1735 1415 1860 1449 totum

0 1470 17 1507 ἓ
71 1472 245 1518 εμειιια
271 1467 528 1518 planetarium
559 1466 619 1522 (in
650 1479 728 1518 quo
769 1469 870 1506 inter
899 1474 1045 1506 ceteros
1076 1473 1167 1506 sunt
1197 1469 1313 1506 etiam
1342 1467 1481 1506 Martis
1519 1472 1557 1506 et
1586 1467 1752 1506 Veneris
1782 1470 1861 1507 cir-

73 1521 172 1579 culi)
202 1527 439 1565 convertitur
467 1526 577 1565 velut
604 1526 741 1565 tabula
770 1527 808 1563 in
840 1532 972 1574 torno,
1015 1526 1217 1576 applicans
1247 1525 1297 1565 ad
1328 1525 1487 1564 Terram
1519 1526 1756 1564 immobilem
1787 1538 1860 1565 ceu

74 1582 124 1621 ad
155 1581 288 1621 stilum
316 1585 524 1628 tornatoris
554 1586 799 1630 interstitium
840 1586 938 1622 inter
967 1583 1105 1622 Martis
1147 1589 1185 1622 et
1215 1582 1378 1621 Veneris
1409 1583 1593 1631 circulos,
1635 1583 1755 1633 fitque
1787 1584 1861 1623 hoc

0 1636 23 1691 Ξ
73 1643 298 1695 systematis
327 1648 453 1693 metu,
479 1647 523 1680 ut
552 1641 686 1680 Tellus
718 1643 756 1680 in
787 1652 833 1679 eo
864 1643 990 1692 signet
1021 1641 1187 1680 eundem
1217 1641 1402 1680 circulum
1432 1643 1534 1680 circa
1553 1641 1698 1689 Solem,
1728 1641 1861 1680 Martii

0 1693 26 1736 R
74 1703 120 1739 et
143 1698 301 1738 Venerii
332 1700 620 1746 intermedium,
652 1701 738 1750 ipsa
766 1705 944 1750 perstans
973 1699 1199 1742 immobilis,
1232 1711 1347 1748 quem
1376 1701 1506 1749 signat
1535 1699 1640 1749 apud
1671 1700 1860 1751 Coperni·

0 1735 27 1810 5
77 1761 166 1795 cuni
206 1761 316 1796 motu
346 1769 438 1796 vero
475 1760 535 1795 sui
574 1757 768 1807 eorporis,
808 1758 1032 1806 quiescente
1072 1763 1295 1808 systemate.
1355 1757 1452 1796 Cum
1490 1758 1608 1807 igitur
1637 1757 1861 1797 harmonica

2 1835 27 1862 gg
76 1814 352 1866 contemplatio
389 1815 606 1854 consideret
646 1820 773 1853 motus
811 1815 1054 1865 planetarum
1094 1817 1349 1863 eccentricos,
1391 1815 1499 1854 velut
1538 1827 1586 1854 ex
1615 1814 1709 1855 Sole
1740 1818 1859 1865 visos,

4 1887 30 1922 ⁴¹.
77 1872 192 1912 facile
221 1873 334 1912 datur
363 1873 547 1923 intelligi,
588 1875 620 1910 si
651 1874 738 1923 quis
769 1873 1050 1924 contemplator
1079 1873 1117 1910 in
1148 1872 1239 1911 Sole
1271 1878 1390 1921 esset,
1433 1874 1683 1922 quantumvis
1712 1874 1858 1923 mobili,

26 1969 28 1972 ,
77 1929 236 1971 Terram
265 1930 339 1983 illi,
370 1933 548 1981 quamvis
569 1933 830 1980 quiescentem
860 1930 919 1983 (ut
945 1932 1019 1970 hoc
1043 1932 1127 1980 jam
1141 1931 1375 1970 concedatur
1395 1929 1577 1984 Braheo),
1607 1931 1859 1971 nihilominus

78 1989 208 2028 visum
230 1989 290 2027 iri·
312 1988 510 2029 decurrere
540 1989 723 2028 circulum
752 2001 941 2037 annuum,
982 1989 1151 2044 medium
1181 1991 1280 2028 inter
1309 1989 1498 2040 planetas,
1515 1991 1710 2040 temporis
1742 1992 1859 2029 etiam

10 2049 41 2097 ’ς
79 2046 307 2087 intermedio
352 2049 491 2097 spatio.
551 2046 679 2095 Quare
723 2049 796 2085 etsi
835 2049 923 2097 quis
960 2053 1018 2086 est
1060 2047 1262 2086 imbecillis
1299 2047 1388 2085 fidei
1427 2047 1565 2095 homo,
1607 2050 1674 2098 qui
1711 2054 1858 2087 motum

29 2137 38 2145 „
79 2103 222 2143 Terrae
251 2106 351 2144 inter
378 2105 508 2144 sidera
536 2116 673 2156 capere
703 2116 779 2142 non
809 2110 949 2155 potest,
984 2108 1017 2144 is
1035 2106 1294 2144 'nihilominus
1323 2105 1492 2155 gaudere
1522 2108 1663 2156 poterit
1694 2105 1860 2144 divinis-

80 2163 167 2200 simi
195 2162 313 2212 hujus
342 2163 642 2202 machinamenti
673 2163 997 2213 contemplatione
1028 2164 1370 2214 praestantissima,
1401 2165 1447 2210 si,
1478 2163 1664 2213 quicquid
1695 2163 1741 2202 de
1771 2175 1859 2203 mo-

14 2236 16 2239 ’
80 2221 185 2259 tibus
229 2219 375 2259 diurnis
404 2220 571 2260 Telluris
609 2223 648 2258 in
685 2232 756 2259 suo
787 2224 1000 2261 eccentrico
1032 2221 1159 2269 audit,
1201 2222 1241 2259 id
1270 2221 1319 2259 ad
1349 2223 1617 2272 apparentiam
1657 2233 1789 2259 eorum
1818 2224 1858 2260 in

74 2277 171 2317 ‘Sole
188 2277 368 2329 applicet,
396 2279 549 2328 qualem
569 2281 835 2328 apparentiam
855 2282 970 2318 etiam
991 2279 1124 2330 Tycho
1147 2279 1273 2318 Brahe
1294 2279 1462 2326 exhibet,
1485 2279 1602 2317 Terra
1623 2281 1856 2328 quiescente.

179 2335 332 2385 ‚Neque
368 2342 495 2375 tamen
527 2349 683 2375 causam
723 2337 866 2376 habent
896 2338 1042 2387 justam
1074 2339 1153 2375 veri
1184 2337 1337 2375 Samiae
1368 2337 1636 2388 philosophiae
1677 2337 1858 2389 cultores,

80 2393 278 2433 invidendi
309 2393 453 2433 talibus
484 2397 868 2434 communicationem
898 2396 998 2434 hanc
1028 2395 1336 2444 delitiosissimae
1363 2394 1651 2445 speculationis,
1684 2400 1728 2433 ut
1756 2407 1858 2444 quo-

37 2455 53 2498 Jf
79 2463 164 2490 rum
203 2451 389 2501 gaudium
428 2452 560 2490 multis
603 2453 777 2504 partibus
814 2455 884 2491 erit
919 2453 1144 2504 perfectius,
1190 2455 1332 2503 quippe
1375 2464 1423 2491 ex
1452 2452 1729 2502 speculationis
1761 2464 1857 2491 con-

79 2516 271 2548 summata
299 2509 552 2560 perfectione,
591 2513 624 2548 si
654 2512 772 2548 etiam
802 2510 905 2549 Solis
935 2510 1266 2559 immobilitatem,
1305 2510 1447 2550 Terrae
1486 2521 1579 2549 vero
1608 2516 1756 2549 motum
1786 2504 1855 2550 ac-

81 2569 330 2619 ceptaverint.

197 2625 368 2663 Primum
398 2625 513 2673 igitur
541 2624 616 2663 hoc
644 2630 800 2664 teneant
828 2626 1012 2676 lectores,
1049 2637 1129 2663 rem
1158 2625 1274 2664 hodie
1305 2637 1423 2677 penes
1452 2631 1693 2664 astronomos
1724 2637 1855 2665 omnes

35 2679 165 2731 flesse
195 2685 455 2729 certissimam,
486 2682 591 2730 quod
620 2694 751 2721 omnes
781 2682 958 2733 planetae
980 2683 1108 2721 Solem
1140 2686 1385 2731 circumeant,
1417 2688 1577 2732 excepta
1599 2683 1721 2731 Luna,
1753 2696 1854 2734 quae

37 2736 167 2792 Η’11118
183 2740 354 2787 ¹Terram
382 2740 501 2779 habet
530 2751 599 2788 pro
629 2747 783 2788 centro,
814 2741 924 2790 cujus
954 2741 1109 2791 quidem
1131 2743 1233 2780 orbis
1262 2754 1328 2780 seu
1353 2742 1530 2780 curriculi
1552 2743 1747 2790 quantitas
1776 2753 1855 2780 non

41 2797 51 2806 ’“
70 2793 142 2843 e'at
170 2802 299 2844 tanta,
336 2802 380 2836 ut
409 2800 448 2835 in
477 2797 551 2834 hac
563 2794 722 2853 ffiharta
761 2797 944 2836 delineari
972 2800 1098 2848 possit
1126 2800 1163 2836 in
1195 2799 1302 2848 justa
1331 2801 1575 2849 proportione
1614 2799 1664 2836 ad
1694 2805 1854 2838 ceteros.

42 2853 246 2910 J-‘Aecedit
284 2857 402 2905 igitur
439 2857 609 2905 quinque
647 2855 805 2904 reliquis
844 2861 955 2894 sexta
989 2856 1127 2905 Terra,
1173 2869 1274 2906 quae
1315 2868 1383 2894 seu
1423 2868 1494 2894 suo
1532 2859 1687 2906 proprio
1732 2862 1854 2910 motu,

38 2935 51 2948 -ι
77 2914 305 2962 quiescente
335 2912 439 2960 Sole,
468 2924 538 2950 seu
567 2913 726 2950 immota
753 2913 839 2961 ipsa
868 2918 906 2951 et
935 2925 1120 2953 converso
1151 2920 1232 2953 toto
1263 2914 1503 2964 planetarum
1523 2919 1733 2964 systemate
1762 2927 1853 2955 sex-

45 2973 167 3021 {jtum
197 2975 244 3009 et
265 2971 354 3021 ipsa
384 2970 568 3009 circulum
598 2971 699 3007 circa
727 2968 857 3007 Solem
887 2969 1073 3020 designat.
1864 3009 1870 3013 ,

24 3029 86 3092 [22
198 3027 377 3067 Secundo
408 3034 553 3066 certum
583 3033 620 3065 et
649 3027 723 3065 hoc
752 3033 821 3074 est,
851 3027 1027 3076 planetas
1057 3040 1188 3068 omnes
1216 3029 1298 3068 fieri
1330 3030 1578 3075 eccentricos,
1609 3028 1649 3066 id
1680 3033 1740 3067 est
1763 3042 1852 3083 mn-

24 3090 26 3112 ῑ
53 3078 167 3129 trare
195 3085 400 3124 intervalla
429 3097 501 3124 sua
530 3098 554 3124 a
584 3084 697 3133 Sole,
734 3085 788 3123 sic
818 3089 861 3122 ut
890 3086 929 3123 in
959 3097 1036 3125 una
1065 3093 1174 3136 parte
1205 3086 1335 3125 circuli
1374 3086 1467 3124 fiant
1501 3098 1526 3124 a
1555 3086 1647 3125 Sole
1675 3080 1852 3127 remotis-

1566 3155 1648 3193 18⁴⁵
