1994 3276
166 113 248 153 618
651 111 709 174 'In
732 112 1023 150 Stereometriam
1037 112 1223 150 Doliorum
1246 111 1448 159 appendix.

158 227 259 272 nulia
281 227 353 264 alia
377 220 553 273 sequitur}
591 232 655 264 aut
677 239 750 264 non
775 228 872 265 ultra
894 229 937 275 V,
963 229 1047 275 quia
1072 235 1156 275 post
1178 229 1272 264 hanc
1295 228 1425 264 iterum
1447 229 1623 275 incipiunt
1656 228 1700 264 ab
1723 229 1743 264 I
1756 255 1766 273 ,
1797 226 1951 272 denique

159 292 202 317 ac
226 281 257 317 si
281 282 362 326 quis
387 281 532 325 diceret,
559 282 741 318 Teutonas
765 282 811 318 ad
828 281 1015 318 duodecim
1031 293 1145 326 usqne
1162 281 1340 328 progredi,
1369 281 1542 328 deceptus
1558 281 1694 328 voculis
1712 279 1799 323 eilff,
1816 276 1946 316 zwolff.

275 334 415 380 Quodsi
437 334 512 369 ulla
544 334 637 370 vitae
675 334 921 370 studiorumve
956 335 1153 371 necessitas
1185 334 1304 381 potuit
1327 335 1436 371 aliam
1469 335 1654 381 imponere
1689 332 1950 380 progressionis

160 385 311 422 formam
333 387 491 423 humano
517 388 650 433 captui,
676 388 795 434 potuit
818 387 856 423 id
879 388 1107 432 astronomia,
1133 388 1178 424 ob
1195 394 1356 424 motuum
1373 388 1648 435 perpetuitatem
1666 391 1702 422 et
1717 385 1946 422 manifestum

160 443 313 475 naturae
337 439 485 474 ductum
510 439 556 475 ad
582 441 870 486 progressionem
895 440 1160 486 duodenariam,
1186 441 1430 486 tricenariam,
1465 445 1528 477 aut
1556 441 1663 476 etiam
1687 437 1949 481 commoditatis

161 501 272 527 causa
295 492 332 527 in
357 493 600 536 sexagenaria.
626 493 737 538 Atqui
763 487 936 538 videmus,
960 492 1028 529 etsi
1053 494 1322 537 sexagenariam
1346 493 1549 529 necessario
1574 492 1731 539 amplexi
1747 491 1820 527 sint
1837 495 1950 526 astro-

159 544 267 588 nomi,
293 544 386 580 hanc
410 549 530 581 tamen
557 546 730 591 explicari
754 546 824 581 illis
849 557 914 592 per
937 546 1105 582 usitatam
1138 547 1340 592 denariam,
1378 546 1541 582 Arabicis
1576 542 1842 581 characteribus
1873 542 1950 587 jam

152 596 286 632 eximie
321 596 526 633 stabilitam.
575 598 677 633 Idem
709 598 817 643 igitur
840 598 1047 634 faciundum
1071 600 1108 635 in
1134 600 1335 644 octonaria,
1370 600 1399 634 si
1422 598 1578 635 maxime
1600 598 1797 634 necessitas
1821 594 1949 640 aliquis

157 648 326 685 suaderet
348 649 443 686 hanc
465 649 704 687 introducere.
752 651 865 686 Plane
889 650 1006 687 aliena
1038 657 1093 688 est
1130 657 1305 713 perpetua
1336 652 1487 688 bisectio
1519 661 1541 686 a
1565 650 1711 695 circulo,
1736 659 1843 695 quam
1869 648 1946 683 Ste-

155 703 258 738 vinus
283 702 386 738 vult
384 703 449 745 ιιι,
448 703 550 748 512).
598 703 777 739 Denariae
802 703 1063 749 progressionis
1086 705 1257 742 nobilitas
1282 707 1317 741 in
1343 706 1414 741 hoc
1438 704 1617 749 consistit,
1652 701 1749 748 quod
1772 698 1947 736 mirabilis

154 755 218 791 illa
242 756 540 801 geometricorum
573 757 710 791 entium
740 757 835 792 Deo
855 761 1129 794 coaeternorum
1163 759 1290 805 politia
1324 758 1516 795 methodos
1551 759 1734 803 separatas
1769 752 1947 790 dividendi

157 809 283 846 circuli
307 809 344 844 in
370 808 543 844 divisione
568 808 716 846 denaria
739 810 916 845 terminat.
965 811 1084 846 Prima
1114 811 1207 846 enim
1239 815 1295 847 est
1328 810 1557 853 bisentionis,
1595 819 1688 855 quae
1718 818 1782 854 per
1805 804 1947 851 quadri-

155 863 352 898 sectionem
378 866 414 897 et
438 861 718 897 octosectionem
742 862 779 898 in
804 862 981 898 infinitum
1005 864 1188 910 pervadit,
1225 864 1340 900 altera
1365 863 1526 899 senariae
1549 866 1586 898 et
1610 872 1655 897 ex
1678 861 1747 897 hac
1770 857 1948 895 ternariae

156 915 337 956 sectionis,
361 914 470 951 tertia
494 914 673 958 denariae,
700 925 793 960 quae
817 926 882 962 per
913 917 1206 978 compositionem
1241 924 1277 953 et
1311 917 1509 977 quinariam
1551 913 1749 962 progignit,
1785 921 1824 946 ΒΘ
1858 919 1946 955 ¹PS¹S

155 967 318 1012 singulae
342 967 528 1010 subnixae,
556 967 718 1012 singulae
743 979 874 1003 novum
900 975 1124 1006 assumentes
1149 971 1381 1016 principium,
1413 970 1527 1016 prima
1549 968 1663 1003 utitur
1686 972 1948 1002 commensura·

154 1022 253 1057 tione
277 1021 461 1067 potentiae
491 1020 645 1055 laterum
680 1020 718 1056 in
752 1021 986 1065 rectangulo,
1022 1023 1182 1059 secunda
1217 1023 1565 1058 commensuratione
1601 1021 1762 1067 ipsorum
1794 1017 1948 1051 laterum

151 1074 190 1109 in
205 1073 349 1120 trigono
374 1073 608 1118 aequilatero,
633 1074 742 1109 tertia
766 1075 1112 1111 commensuratione
1138 1076 1343 1122 potentialis
1362 1073 1605 1111 diminutionis
1631 1076 1667 1111 et
1690 1069 1843 1106 mirabili
1865 1077 1946 1114 pro·
1988 1070 1994 1072 ’

154 1126 331 1173 portione,
356 1126 475 1162 divina
499 1125 688 1171 appellata.
737 1126 842 1171 (Nam
867 1127 1035 1171 trianguli
1061 1127 1354 1174 perpendiculum
1385 1131 1441 1163 est
1473 1125 1632 1171 effabile,
1659 1120 1838 1167 hexagoni
1861 1129 1945 1156 vero

153 1178 250 1215 latus
276 1183 312 1214 et
338 1178 561 1223 dodecagoni
585 1179 694 1223 area.)
939 1200 942 1203 ι

271 1231 451 1277 Equidem
475 1235 512 1266 et
535 1231 624 1266 alias
648 1241 778 1276 magna
801 1242 882 1267 cum
900 1232 1128 1277 jucunditate
1153 1243 1276 1269 versor
1305 1234 1343 1269 in
1373 1233 1442 1268 hac
1465 1230 1590 1267 cabala
1614 1227 1846 1275 geometrica,
1883 1224 1947 1260 ubi

153 1294 213 1320 res
238 1284 476 1330 geometricae
502 1288 671 1319 aeternae
696 1289 899 1320 creatorum
923 1289 960 1320 et
983 1285 1199 1321 caducorum
1223 1285 1315 1321 fiunt
1338 1285 1540 1331 archetypi3
1567 1287 1602 1320 et
1621 1284 1659 1319 in
1673 1283 1743 1318 hoc
1765 1279 1947 1327 praesenti

151 1337 299 1383 negotio
325 1343 380 1378 (ne
406 1337 521 1372 solum
547 1336 768 1373 Schonerum
793 1337 830 1371 in
854 1337 1002 1383 politica
1033 1339 1102 1374 hac
1134 1340 1343 1384 quaestione
1374 1337 1623 1387 philosophari
1652 1333 1787 1382 patiar)
1823 1331 1946 1368 videor

156 1400 203 1426 ex
226 1391 296 1427 hac
319 1391 400 1437 ipsa
424 1390 621 1434 geometria
645 1390 731 1435 quid
755 1390 834 1425 fieri
859 1390 988 1426 debeat
1013 1391 1259 1428 demonstrare
1284 1402 1401 1439 posse.

119 1443 124 1450 ¹
267 1445 303 1490 1)
328 1442 525 1487 Sexanguli
548 1441 733 1487 inscriptio
757 1442 794 1477 ιιι
820 1442 993 1478 circulum
1016 1449 1267 1490 repraesentat
1290 1445 1392 1480 nobis
1410 1443 1677 1490 proportionem
1703 1435 1942 1486 aequalitatis,

152 1497 237 1543 quia
260 1497 357 1532 latus
382 1496 573 1541 sexanguli
597 1496 757 1540 aequalis
783 1500 838 1531 est
861 1496 984 1541 radio,
1023 1500 1059 1531 et
1083 1498 1187 1542 quia,
1214 1502 1255 1533 ut
1285 1497 1514 1543 aequalitatis
1538 1494 1722 1542 proportio
1746 1493 1841 1528 intra
1865 1498 1945 1524 sese

151 1550 337 1595 subsistit,
371 1559 439 1585 nec
469 1549 563 1584 enim
586 1554 726 1584 sextam
751 1548 877 1584 circuli
900 1560 1043 1585 rursum
1061 1551 1103 1592 ιιι
1128 1552 1147 1586 6
1173 1551 1389 1596 geometrice
1413 1549 1594 1593 diviseris,
1619 1557 1738 1593 neque
1761 1548 1844 1592 post
1866 1553 1942 1578 rem

149 1602 304 1647 factam,
328 1602 424 1639 latus
449 1602 555 1639 setae
584 1602 697 1647 partis
730 1601 854 1638 circuli
884 1603 1205 1639 commensurabile
1230 1608 1286 1639 est
1310 1603 1355 1639 ad
1380 1603 1477 1639 latus
1503 1603 1627 1637 sextae
1651 1599 1725 1636 ullo
1749 1601 1867 1643 pacto.
1901 1595 1940 1638 2)

150 1656 331 1701 Bisectio,
369 1654 633 1715 quadrisectio,
660 1654 890 1690 octavisectio
922 1655 1046 1690 circuli
1070 1656 1186 1702 gignit
1208 1656 1476 1703 proportionem
1498 1653 1711 1690 rationalem
1735 1650 1941 1686 continuam

150 1707 296 1754 duplam
331 1718 371 1743 re
395 1708 474 1753 ipsa
498 1712 535 1743 et
558 1707 596 1743 in
619 1707 796 1752 imagine,
832 1718 915 1743 nam
952 1719 1044 1752 quae
1080 1715 1180 1745 recta
1215 1709 1387 1745 circulum
1423 1708 1536 1755 primo
1559 1707 1717 1747 insecat,
1753 1702 1863 1748 dupla
1886 1703 1942 1736 est

152 1761 256 1805 radii,
283 1765 320 1796 et
343 1771 436 1806 quae
462 1760 701 1813 quadrisecat,
725 1761 804 1805 ejus
829 1762 990 1807 potentia
1015 1761 1192 1808 subdupla
1229 1767 1284 1797 est
1319 1761 1502 1807 potentiae
1532 1758 1734 1795 bisecantis
1783 1755 1941 1798 Cumque

150 1814 329 1850 dividatur
353 1813 508 1848 circulus
543 1823 608 1858 per
643 1813 737 1849 hanc
771 1813 808 1848 in
840 1813 1020 1850 infinitum
1058 1815 1183 1850 eadem
1209 1815 1425 1859 geometrica
1449 1811 1773 1852 demonstratione,
1807 1807 1877 1842 hae
1900 1815 1940 1841 le

149 1877 216 1902 nos
240 1866 377 1902 moneri
402 1870 501 1912 puto,
536 1870 577 1901 ut
600 1866 767 1910 vulgares
792 1871 934 1902 nostras
960 1868 1115 1902 unitates
1140 1867 1324 1909 (circulum
1349 1867 1442 1902 enim
1466 1866 1512 1901 ob
1537 1865 1626 1901 alias
1643 1873 1771 1899 causas
1788 1858 1939 1904 excipio)

149 1919 321 1955 continua
343 1919 543 1955 bisectione
568 1918 765 1955 dividamus
792 1923 828 1954 et
852 1919 930 1965 ipsi,
958 1931 1028 1964 qua
1052 1921 1090 1955 ιιι
1114 1930 1153 1955 re
1178 1919 1362 1955 consentio
1382 1919 1539 1955 Stevino.
1587 1918 1620 1963 3)
1645 1915 1802 1952 Denaria
1826 1912 1938 1949 sectio

147 1973 294 2009 inchoat
317 1972 460 2018 quidem
484 1972 753 2018 proportionem
778 1972 960 2008 denariam
993 1978 1028 2008 et
1060 1973 1282 2021 quinariam,
1319 1973 1527 2008 constitutis
1560 1970 1683 2007 circuli
1706 1967 1868 2015 partibus
1897 1966 1939 2001 10

149 2030 187 2061 et
210 2027 244 2067 5,
271 2024 450 2070 etiamque
473 2025 510 2060 in
534 2025 699 2069 imagine,
728 2024 871 2069 quando
896 2026 1079 2070 potentiae
1101 2026 1254 2061 laterum
1278 2025 1407 2060 horum
1427 2025 1576 2070 junctae
1601 2023 1697 2058 varie
1723 2031 1789 2067 per
1813 2019 1936 2064 quina-

149 2078 242 2113 rium
266 2087 454 2123 numerum
481 2076 717 2122 explicantur.
766 2078 816 2111 At
841 2088 911 2126 non
937 2078 1054 2123 pergit
1078 2079 1234 2114 dividere
1260 2077 1431 2114 circulum
1456 2077 1582 2113 eadem
1605 2073 1848 2122 proportione,
1872 2080 1939 2106 nec

148 2131 242 2168 enim
279 2129 494 2175 geometrice
519 2129 681 2164 diviseris
707 2129 879 2164 decimam
904 2131 939 2166 in
965 2131 1054 2167 alias
1082 2133 1124 2168 10
1148 2135 1280 2177 partes.
1330 2132 1456 2176 Itaque
1489 2130 1526 2165 ιιι
1560 2128 1733 2165 divisione
1757 2124 1849 2160 assis
1874 2132 1937 2158 seu

146 2182 296 2219 unitatis
320 2181 580 2227 repudiandam
605 2180 749 2217 Stevino
774 2183 931 2219 concedo
957 2184 1224 2243 proportionem
1249 2184 1460 2220 denariam.

264 2235 412 2270 Interim
436 2234 543 2269 aliam
566 2234 692 2269 miram
716 2234 877 2280 possidet
902 2236 1159 2281 proprietatem
1192 2236 1229 2271 ιιι
1264 2237 1367 2272 lineis
1403 2237 1492 2272 haec
1526 2234 1645 2270 divina
1676 2232 1798 2267 sectio.
1846 2229 1938 2266 Nam

149 2289 180 2325 si
204 2288 373 2324 continue
399 2286 510 2322 addas
535 2290 676 2331 partem
710 2288 883 2331 maiorem
918 2289 1007 2332 toti,
1043 2293 1084 2324 ut
1117 2289 1210 2324 latus
1247 2289 1422 2334 decagoni
1454 2287 1555 2324 radio
1591 2285 1726 2331 circuli,
1758 2289 1795 2320 et
1829 2282 1937 2318 alium

147 2342 287 2380 radium
313 2339 535 2386 compositae
558 2349 603 2374 ex
627 2343 782 2383 utroque
808 2345 844 2376 et
868 2341 920 2376 sic
943 2346 1135 2387 perpetuo,
1170 2343 1314 2386 'semper
1335 2344 1456 2376 manet
1480 2339 1605 2375 eadem
1628 2337 1823 2384 proportio.
1870 2336 1938 2370 Hic

147 2396 270 2440 itaque
313 2393 428 2428 oritur
462 2391 566 2426 nobis
603 2402 745 2427 rursum
783 2394 953 2442 continua
987 2395 1170 2440 proportio
1196 2400 1232 2430 et
1254 2393 1470 2436 irrationalis
1494 2393 1648 2437 ideoque
1672 2390 1831 2434 infinita,
1865 2400 1937 2424 non

149 2446 347 2490 divisionis,
373 2445 437 2481 sed
462 2444 704 2489 collectionis3
741 2457 824 2481 nam
856 2446 981 2481 circuli
1016 2453 1137 2492 partes
1161 2446 1337 2482 notabant
1360 2451 1397 2481 et
1421 2446 1521 2492 prius
1557 2446 1760 2490 fragmenta
1795 2443 1935 2479 divisio-

150 2510 247 2544 num,
271 2498 368 2534 linea
392 2508 475 2533 vero
500 2501 579 2532 tota
603 2497 725 2540 aliqua
749 2498 824 2533 sive
849 2509 961 2534 asses.
1009 2500 1184 2535 Jubemur
1208 2499 1317 2543 igitur
1348 2499 1384 2533 in
1410 2499 1556 2534 denaria
1581 2498 1813 2544 proportione
1838 2496 1935 2532 colli-

149 2563 234 2598 gere
258 2562 359 2587 asses
385 2561 449 2586 seu
474 2555 551 2585 tota
576 2554 612 2586 et
636 2555 719 2595 post
742 2552 789 2587 10
813 2551 947 2586 assium
983 2552 1163 2587 cumulum
1201 2553 1246 2587 ad
1281 2552 1455 2587 unitatem
1489 2550 1626 2590 redire,
1663 2549 1695 2584 ei
1721 2559 1769 2584 sc.
1795 2547 1936 2584 cumulo

146 2606 237 2641 assis
262 2613 394 2640 nomen
417 2603 519 2648 dare;
546 2607 587 2638 ut
612 2608 736 2639 nostra
756 2604 795 2648 jn
819 2603 983 2647 imagine,
1011 2614 1103 2648 quae
1120 2607 1198 2639 tota
1215 2608 1300 2643 erat,
1327 2607 1500 2649 perpetuo
1518 2602 1629 2648 partis
1646 2601 1791 2647 majoris
1807 2611 1936 2636 nomen

145 2659 183 2695 in
208 2659 388 2694 subeunte
412 2656 682 2702 propagationis
707 2660 789 2690 actu
812 2656 1038 2691 nanciscitur.

259 2710 426 2745 Etiamne
445 2709 563 2744 dicere
581 2707 804 2753 audebimus,
830 2708 945 2753 ipsam
962 2708 1111 2743 humani
1135 2708 1296 2753 corporis
1322 2708 1643 2744 conformationem
1667 2707 1712 2742 ad
1732 2705 1935 2752 exemplum

145 2764 215 2799 hoc
239 2761 505 2808 geometricum,
530 2760 615 2806 quia
639 2760 925 2804 immatefiatum,
953 2761 1029 2796 sola
1053 2761 1191 2796 ratione
1216 2761 1406 2796 subnixum
1431 2761 1593 2805 adeoque
1617 2764 1820 2802 aeternum,
1857 2768 1936 2792 esse

145 2813 374 2850 institutam?
405 2813 547 2857 Digitos
571 2823 607 2848 n.
627 2812 672 2849 10
688 2811 792 2847 datos
809 2811 855 2847 ad
879 2808 1137 2847 numerandum
1162 2817 1197 2847 et
1222 2812 1459 2857 colligendum
1484 2823 1547 2857 per
1574 2812 1628 2856 10,
1652 2815 1777 2856 utpote
1801 2809 1936 2844 homini

149 2865 367 2911 geometriae
393 2874 561 2910 capacem
586 2864 727 2909 futuro3
753 2874 878 2899 manus
903 2874 987 2898 vero
1012 2863 1126 2908 binas,
1163 2870 1199 2899 et
1222 2865 1260 2899 in
1284 2865 1350 2900 has
1376 2865 1602 2910 dispertitum
1627 2862 1826 2908 aequaliter
1849 2860 1936 2906 digi-
1972 2860 1974 2862 ’

145 2923 263 2953 torum
287 2928 475 2952 numerum
498 2916 544 2951 ad
569 2915 799 2951 dividendum
822 2926 887 2962 per
910 2915 942 2950 2.
990 2916 1083 2951 Nam
1108 2921 1147 2952 ut
1178 2917 1215 2952 in
1246 2929 1354 2953 manu
1379 2917 1479 2963 digiti
1505 2921 1589 2952 sunt
1614 2914 1754 2951 collecti
1779 2919 1814 2949 et
1837 2912 1934 2948 colli-

146 2969 230 3013 gati,
256 2969 309 3004 sic
331 2969 369 3005 in
393 2979 544 3015 corpore
568 2978 696 3003 manus
722 2974 807 3005 sunt
833 2968 977 3005 divisae.
1027 2970 1198 3006 Mannum
1235 2975 1271 3006 et
1303 2970 1530 3006 brachiorum
1561 2967 1649 3004 rami
1681 2965 1868 3004 discedunt
1898 2965 1934 3000 in

148 3022 345 3058 contrarias
370 3021 508 3068 plagas,
534 3021 724 3065 digitorum
748 3021 935 3066 quinorum
961 3025 1060 3057 ortus
1086 3033 1131 3057 ex
1155 3022 1278 3059 eadem
1304 3027 1359 3059 est
1382 3023 1499 3069 plaga.

264 3079 480 3125 Dictum2de
497 3089 725 3117 numerorum
742 3079 993 3126 progressione
1018 3080 1055 3118 in
1079 3091 1294 3129 quacunque
1318 3082 1482 3119 materia:
1509 3080 1697 3118 dicendum
1727 3082 1764 3126 et
1785 3076 1831 3114 de
1853 3087 1934 3125 pro-
