1988 3276
653 157 979 195 monstratione.
1024 157 1136 194 Liber
1156 158 1184 193 Ι.
1730 160 1811 200 109

33 285 107 313 nou
128 274 325 313 munti:
364 274 454 311 eun
484 274 596 322 igitur
622 284 726 311 ms
749 273 876 310 circuli
906 273 1018 309 minui
1038 273 1182 319 possint
1210 273 1252 308 in
1274 271 1472 319 infinitum,
1507 274 1680 311 distantia
1704 273 1812 310 etiam

32 327 145 374 hujus
163 320 289 374 pund
311 331 480 363 excurret
500 327 539 363 in
560 327 754 364 infinitum:
779 326 1020 370 infinitiva-0,
1043 333 1109 362 seu
1132 324 1316 361 varietatis
1332 325 1681 363 infinitaenullaest
1697 325 1810 361 scieu-

31 379 95 415 tia.
139 379 191 415 Bt
208 379 303 417 haec
324 378 520 415 difficultas
541 384 642 416 tenet
661 378 923 423 trisectionem,
956 383 1051 424 quae
1079 377 1200 414 adbuc
1229 377 1426 422 simplicior
1450 383 1508 415 est
1543 384 1582 416 et
1603 378 1812 425 aequalitati

31 431 188 479 propior.
234 431 352 468 multo
384 432 500 476 major
529 431 641 468 oritur
673 430 865 468 difficultas
900 431 937 466 in
972 429 1206 476 sequentibus
1243 429 1462 466 sectionibus
1504 430 1659 476 alicuius
1694 439 1811 480 arcus,

33 483 133 520 verbi
148 484 265 521 causa
284 483 324 520 in
345 484 380 529 5,
405 486 438 528 ¹1,
462 484 497 529 9,
523 485 563 520 11
589 488 658 520 etc.
681 488 803 529 partes
827 487 1007 529 aequales.
1055 483 1158 519 Tunc
1186 493 1222 518 n.
1246 492 1292 518 ne
1315 484 1440 528 puncti
1469 484 1614 529 quidem
1642 483 1813 521 identitas

32 534 186 583 suph
207 538 266 572 ast
285 535 481 582 possibilis,
508 545 553 572 ex
576 545 648 582 quo
671 534 821 571 eductae
842 540 976 581 rectae,
999 545 1093 582 quae
1117 535 1326 571 subteusam
1341 540 1467 571 secant
1487 536 1526 572 in
1541 541 1666 582 partes
1682 546 1816 582 aequa-

32 588 86 625 les
106 589 316 635 ἣρω.
343 588 490 624 eaedem
512 592 551 624 et
572 598 694 624 arcum
716 588 754 623 in
776 587 947 634 aequales
970 591 1105 625 secent.
1288 600 1317 638 ς

84 653 87 658 ·
144 638 323 686 Quicquid
345 650 432 676 vero
455 639 714 687 praesidiorum
737 639 785 676 ad
806 640 1046 685 promiscuam
1065 638 1261 676 sectionem
1285 649 1478 684 possumus
1501 638 1648 684 afferre,
1682 640 1813 677 deduc·

30 697 108 729 tum
130 701 177 728 ex
199 701 366 738 numero,
396 693 459 739 qui
480 694 675 731 sectionem
699 693 921 734 denominat.
955 693 993 729 ia
1017 699 1167 729 necesse
1188 695 1245 728 est
1268 701 1349 728 esse
1371 692 1538 737 generale
1569 698 1607 729 et
1629 704 1816 731 commune

31 745 276 791 cuiuscunque
298 755 404 781 arcus
428 747 624 789 subtensis‚
655 750 729 781 tam
752 745 888 791 magni,
919 746 981 791 qni
1003 745 1155 782 multum
1186 756 1210 782 a
1232 754 1299 780 sua
1322 743 1497 780 subteusa
1536 744 1671 793 differt,
1708 758 1816 793 quam

31 803 142 849 parvi,
165 803 228 849 qui
249 812 386 849 parum.
431 799 541 846 Atqui
562 808 687 844 vagam
710 798 914 844 relinquere
937 799 1205 844 proportionem
1227 796 1384 844 partium
1404 797 1599 834 subtensae
1623 799 1669 835 ad
1693 807 1817 846 partes

32 865 139 892 arcus
161 855 239 900 aui,
261 854 300 891 id
322 864 408 891 vero
431 863 504 889 nou
527 858 585 889 eat
606 851 843 888 determinare
867 851 1072 887 sdentifice.
1121 852 1242 897 Atque
1263 850 1335 886 hoc
1361 850 1555 895 praecipue
1579 851 1714 888 dictum
1738 859 1816 894 esto

31 907 78 945 do
99 902 308 946 flectione
329 906 387 943 vel
409 905 671 952 quinisectione
693 909 764 940 etc.
790 904 967 950 Byrgiana
990 904 1187 950 analytica,
1212 903 1257 939 de
1281 914 1352 948 qua
1374 902 1413 938 in
1435 903 1664 948 praecedenti
1686 917 1818 953 propo·

31 959 160 996 duona
182 958 318 1005 egimus
341 957 497 1004 copiose.
544 956 628 993 Etsi
651 966 736 992 vero
762 956 881 991 omnia
903 955 954 990 ibi
977 955 1076 992 dicta
1098 956 1236 992 habent
1257 956 1367 991 etiam
1388 954 1448 991 hic
1471 954 1606 999 locum,
1641 959 1817 1004 quaedam

30 1017 151 1048 tamen
173 1011 247 1057 mic
269 1011 367 1049 dicta
389 1014 474 1048 'suut
496 1010 607 1055 hujus
629 1009 701 1045 loci
724 1009 838 1053 magis
861 1008 1007 1054 propria
1030 1008 1193 1054 fiuntque
1215 1007 1412 1044 illustriora
1438 1011 1476 1043 et
1494 1006 1759 1046 admirabiliora
1780 1012 1818 1047 in

32 1065 190 1106 sectione
212 1074 375 1110 arcuum,
411 1074 519 1109 quam
541 1063 579 1099 in
603 1060 763 1098 sectione
797 1061 907 1097 totius
933 1060 1068 1097 circuli
1115 1061 1210 1098 Nam
1242 1066 1283 1096 ut
1311 1059 1473 1095 omittam
1503 1058 1569 1095 illa
1604 1063 1817 1108 communia,

33 1116 129 1163 quod
150 1116 364 1164 principium
386 1121 532 1162 petatur
554 1114 729 1160 imperato
757 1123 811 1158 eo,
837 1119 878 1148 ut
900 1113 1084 1159 faciamus,
1108 1114 1203 1161 quod
1220 1111 1399 1159 quomodo
1412 1111 1615 1149 faciendum
1639 1114 1687 1150 sit
1710 1125 1818 1160 quae-

32 1170 195 1206 rebatur:
231 1168 329 1215 quod
351 1167 560 1205 affectiones
585 1166 795 1212 quantitatis
821 1166 1013 1202 continuae
1046 1178 1118 1203 non
1143 1166 1339 1203 scientifice
1362 1165 1562 1211 prodantur
1590 1176 1657 1212 per
1677 1169 1817 1212 quanti-

31 1228 128 1259 tutoe
150 1220 326 1259 discretas
348 1231 413 1258 seu
436 1230 623 1256 numeros:
658 1219 755 1265 quod
787 1220 987 1265 quicunque
1025 1231 1194 1256 numerus
1221 1219 1363 1255 elicitur
1395 1228 1463 1264 pro
1485 1217 1618 1260 latere.
1653 1219 1818 1256 determi-

32 1282 143 1312 naute
162 1278 302 1321 partem
325 1284 429 1310 arem
452 1273 680 1320 inperatam,
704 1272 764 1308 ille
789 1283 860 1308 non
884 1273 999 1318 possit
1022 1273 1213 1318 quicqum
1239 1272 1381 1314 docere,
1411 1280 1519 1315 quam
1542 1271 1640 1315 quod
1656 1271 1747 1307 illud
1770 1273 1818 1308 sit

31 1327 90 1364 vel
110 1327 228 1372 maius
250 1326 308 1363 vel
330 1327 449 1362 minus
475 1325 618 1368 debito,
649 1335 765 1370 eoque
789 1325 884 1360 sicut
906 1335 945 1361 se
968 1326 1077 1361 habet
1101 1322 1251 1360 materia
1283 1323 1383 1359 rudis
1409 1328 1448 1358 et
1469 1323 1651 1368 indigesta
1675 1325 1721 1361 ad
1744 1325 1817 1360 for-

31 1384 166 1416 matum
186 1378 291 1429 quid,
325 1379 420 1415 sicut
441 1378 623 1425 quantitas
647 1377 922 1412 indeterminata
946 1383 982 1414 et
1007 1377 1193 1413 indefinita
1216 1375 1263 1411 ad
1286 1375 1455 1420 figuram,
1484 1375 1536 1411 sic
1560 1376 1668 1411 etiam
1691 1386 1732 1412 se
1754 1376 1818 1412 ha-

32 1434 118 1470 beat
138 1431 316 1480 analytica
337 1431 409 1467 iata
430 1431 480 1466 ad-
499 1429 816 1466 determinationes
839 1429 1089 1474 geometr-icam
1121 1428 1211 1464 illud
1236 1427 1409 1473 imprimis
1433 1427 1615 1464 excellens
1637 1432 1675 1464 et
1697 1427 1819 1464 nobile

33 1489 91 1521 eat
110 1484 148 1520 in
170 1484 240 1520 hac
261 1492 370 1519 cossa
395 1482 708 1527 mechanica,
745 1482 902 1527 degener
923 1492 1008 1517 vero
1032 1487 1070 1517 et
1094 1480 1274 1525 abjectum
1313 1480 1351 1515 in
1381 1479 1576 1524 geometria
1608 1480 1816 1525 scientifica,

33 1536 131 1582 quod
153 1547 233 1572 cum
253 1544 489 1582 unaquaeque
521 1536 692 1572 subtensa
715 1535 833 1570 minor
856 1534 1030 1570 diametro
1067 1533 1208 1569 duobus
1231 1532 1356 1567 circuli
1380 1533 1536 1568 arcubus
1567 1533 1816 1579 inaequalibus

33 1592 285 1630 acesaseuur,
319 1596 471 1632 quorum
494 1587 587 1624 alter
608 1588 726 1623 minor
748 1587 970 1623 semicirculo
983 1614 993 1632 ,
1017 1586 1109 1622 alter
1131 1586 1268 1630 major,
1294 1594 1410 1629 eoque
1432 1585 1546 1630 partis
1569 1584 1749 1631 aliquotae
1774 1586 1817 1621 de

32 1643 170 1679 minore
192 1640 310 1678 minor
332 1640 383 1676 sit
403 1641 593 1683 sumente,
616 1640 730 1686 partis
753 1649 868 1685 aeque
892 1644 1025 1685 quotae
1049 1639 1093 1675 de
1122 1638 1249 1683 majori
1273 1638 1404 1681 major:
1439 1636 1617 1682 analytica
1639 1637 1710 1673 ista
1731 1638 1818 1683 Byr-

35 1696 142 1742 glana
163 1703 236 1731 non
257 1696 396 1729 tantm
428 1693 473 1728 de
496 1692 635 1728 duabus
664 1692 763 1727 hisce
785 1690 1053 1738 inaequalibus,
1087 1690 1152 1726 sed
1176 1690 1284 1725 etiam
1314 1688 1360 1724 de
1383 1688 1548 1734 pluribus
1580 1688 1660 1724 aliis
1694 1688 1818 1726 circuli

34 1744 213 1783 subtsnsis
235 1744 400 1792 generale
423 1743 509 1790 quid
532 1744 724 1790 praeeipit,
758 1743 855 1789 quod
878 1742 966 1778 utile
989 1742 1036 1778 sit
1060 1741 1107 1778 ad
1130 1742 1211 1777 illas
1235 1750 1358 1777 omnes
1382 1740 1539 1776 numeris
1568 1742 1732 1785 proxime
1757 1752 1818 1778 ex·

33 1797 249 1846 pfinsndu.
294 1796 404 1833 Verbi
427 1807 549 1840 causa,
575 1797 613 1833 in
637 1797 843 1833 trisectioue
867 1795 928 1831 lex
951 1795 1043 1830 baec
1058 1798 1136 1830 est:
1161 1793 1193 1829 si
1216 1793 1324 1829 datus
1347 1792 1396 1828 sit
1411 1803 1516 1828 arcus
1539 1794 1600 1837 (sit
1617 1794 1701 1839 48⁰)
1724 1794 1818 1839 ejus-

34 1858 104 1898 que
126 1849 316 1894 subteusa,
349 1852 387 1883 et
409 1848 441 1884 is
463 1859 570 1885 arcus
593 1849 641 1885 sit
663 1850 757 1885 inter
779 1853 854 1884 tres
877 1851 999 1893 partes
1022 1845 1215 1890 secandus,
1250 1844 1446 1890 quamlibet
1473 1845 1551 1890 16⁰,
1581 1845 1651 1881 boc
1674 1851 1731 1882 est
1765 1847 1817 1883 in-

34 1899 211 1940 'venieuda
232 1901 281 1937 sit
302 1900 475 1936 subtensa
497 1900 606 1946 hujus
629 1901 744 1946 partis
768 1911 833 1936 seu
858 1900 935 1945 ejus
959 1900 1144 1946 proportio
1168 1898 1215 1934 ad
1240 1897 1447 1934 subtensam
1471 1897 1593 1942 totius,
1617 1898 1703 1935 48⁰:
1733 1905 1818 1935 tunc

26 1954 161 2001 'jubeor
181 1953 302 1990 facee
324 1956 367 1988 ut
389 1951 596 1989 subtensam
619 1953 730 1989 totius
754 1952 800 1988 ad
826 1952 1023 1999 quaesitam
1047 1952 1256 1988 subtensam
1278 1950 1404 1996 partis,
1428 1950 1480 1986 sic
1503 1950 1599 1986 hauc
1621 1949 1668 1986 ad
1692 1960 1819 1987 secun-

34 2008 120 2044 da-
140 2012 178 2044 ct
200 2009 394 2045 secundam
417 2004 463 2041 ad
487 2006 629 2042 tertiam
653 2004 975 2050 proportionalem,
1006 2005 1082 2050 jam
1109 2004 1240 2049 jubeor
1264 2002 1445 2048 triplicare
1473 2003 1682 2039 subtensam
1705 2006 1818 2048 partis

35 2066 74 2098 et
95 2062 141 2098 ab
163 2070 207 2097 ea
228 2060 370 2098 auferre
392 2059 535 2094 tertiam
558 2057 882 2103 proportionalem,
920 2056 1017 2101 quod
1041 2056 1272 2102 relinquitur,
1308 2056 1346 2091 id
1370 2055 1501 2091 dicitur
1530 2054 1650 2091 valere
1673 2057 1818 2092 subten-

36 2124 114 2150 sam
136 2114 258 2150 totius.
303 2116 383 2150 Hoc
415 2118 489 2155 est,
523 2111 567 2147 de
592 2112 764 2147 subtensa
788 2109 873 2145 data
903 2120 988 2155 pars
1011 2110 1119 2145 tertia
1151 2109 1402 2154 multiplicetur
1437 2108 1579 2152 cubice,
1616 2113 1655 2143 ut
1679 2108 1818 2152 fractio,

36 2177 206 2203 numerus
227 2167 346 2203 factus
370 2166 523 2203 addatur
546 2164 591 2199 ad
614 2167 751 2207 totum3
777 2162 940 2202 auctitsic
963 2162 1072 2197 tertia
1093 2172 1177 2206 pars
1194 2167 1250 2197 est
1266 2160 1375 2207 paulo
1391 2161 1508 2196 minor
1522 2162 1696 2196 subtensa
1710 2172 1819 2208 quae-

36 2220 116 2256 sita.
162 2220 256 2256 Nam
279 2220 310 2256 si
332 2230 473 2256 rursum
495 2218 586 2253 haee
608 2218 688 2262 ipsa
711 2216 835 2252 cubice
858 2213 1096 2259 multiplicata
1119 2214 1165 2249 ad
1188 2218 1300 2249 totam
1317 2213 1480 2258 addatur,
1518 2212 1570 2248 sic
1594 2210 1722 2249 auctae
1744 2219 1819 2250 ter-

36 2273 88 2309 tia
113 2281 199 2317 pars
227 2272 376 2318 propius
404 2271 451 2308 ad
473 2281 595 2306 verum
625 2269 724 2305 venit
758 2274 795 2305 et
817 2269 887 2304 hoc
918 2267 1086 2304 continue
1117 2277 1236 2312 usque
1267 2267 1307 2302 in
1328 2266 1517 2302 infinitum.
1565 2267 1644 2303 Hoc
1674 2266 1818 2312 quidem

36 2333 210 2370 processu
233 2324 375 2360 venitur
401 2323 574 2369 paulatim
596 2331 709 2367 prope
739 2322 948 2356 subteusam
976 2322 1061 2366 16⁰3
1085 2324 1124 2355 at
1146 2321 1178 2355 si
1207 2319 1379 2364 majorem
1402 2318 1603 2354 constituas
1633 2329 1820 2356 numerum

36 2375 161 2416 cubice
182 2376 489 2422 multiplicandum
513 2379 550 2411 et
573 2375 714 2410 omnino
737 2378 877 2409 tantum
900 2372 986 2418 iere,
1015 2376 1187 2416 quantum
1211 2372 1363 2407 circinus
1390 2370 1524 2406 indicat
1547 2369 1669 2406 deberi
1691 2371 1822 2408 tertiae

34 2429 132 2475 parti
154 2430 200 2465 de
221 2428 365 2465 residuo
389 2428 513 2464 circuli
535 2433 619 2473 post
642 2426 784 2462 ablatos
807 2427 887 2471 48⁰,
927 2435 975 2460 sc.
1000 2424 1104 2467 312⁰,
1138 2422 1243 2467 cujus
1266 2423 1374 2458 tertia
1398 2427 1455 2458 est
1481 2423 1567 2459 104:
1601 2428 1689 2460 tuuc
1711 2424 1819 2460 etiam

27 2481 245 2518 subteusam
268 2491 373 2516 arcus
396 2481 489 2518 104⁶
511 2484 549 2516 et
571 2478 822 2524 complementi
843 2478 938 2514 256⁰
958 2476 1028 2511 hoc
1050 2475 1157 2510 modo
1181 2474 1356 2519 perficies.
1403 2475 1530 2520 Neque
1563 2475 1634 2511 hoc
1666 2480 1819 2520 tantum,

24 2532 103 2569 ‘aed
124 2533 157 2569 si
180 2533 289 2568 etiam
312 2532 358 2567 ad
381 2532 428 2568 48
450 2536 487 2567 et
508 2531 554 2567 ad
577 2532 646 2568 312
669 2531 844 2575 adjeceris
860 2529 1032 2566 circulum
1045 2528 1223 2572 integrum
1241 2527 1320 2572 360,
1344 2527 1504 2563 invenies
1520 2527 1628 2563 etiam
1642 2538 1709 2572 pro
1726 2537 1819 2563 sum-

39 2595 176 2620 marum
207 2586 355 2620 istarum
378 2584 463 2624 408,
496 2585 563 2620 672
585 2585 796 2628 trientibus,
831 2583 967 2619 seilicet
992 2581 1056 2617 136
1091 2584 1129 2615 et
1151 2580 1238 2625 224,
1271 2581 1480 2616 subtensam
1502 2580 1608 2616 aliam
1638 2590 1704 2625 per
1726 2580 1820 2615 idem

26 2639 169 2672 ’nomen
191 2637 377 2672 cossicum.
425 2635 474 2670 Et
495 2635 532 2670 in
556 2646 697 2681 genere,
723 2640 810 2681 quot
832 2639 971 2670 restant
994 2633 1151 2669 unitates
1174 2632 1213 2667 in
1237 2643 1385 2668 numero
1402 2633 1572 2668 sectionis
1596 2632 1735 2668 binario
1760 2632 1820 2667 ab·

38 2687 126 2733 hio,
147 2689 255 2725 toties
277 2688 362 2724 licet
384 2686 516 2722 addere
540 2686 711 2723 circulum
733 2688 921 2733 integrum,
946 2685 1003 2721 vel
1018 2695 1142 2720 arcum
1159 2685 1354 2720 secandum
1375 2685 1612 2730 propositum,
1638 2688 1680 2718 ut
1695 2683 1821 2719 eodem

30 2740 182 2776 'nomine
203 2741 342 2776 eossieo
366 2750 539 2776 novorum
561 2749 709 2775 arcuum
732 2741 926 2776 subtensae
949 2739 1175 2784 indagentur.
1223 2738 1282 2773 Ex
1306 2748 1378 2783 quo
1414 2742 1565 2782 apparet
1597 2737 1724 2782 ingens
1748 2737 1819 2774 dis·
1863 2767 1866 2770 Α

7 2840 11 2847 ι
43 2792 175 2828 erbueu
196 2792 376 2828 nominum
403 2793 531 2828 horum
555 2791 773 2828 oosaicorum
795 2797 832 2828 et
855 2791 1133 2829 scientificorum
1155 2791 1349 2837 graduum,
1382 2799 1474 2836 quos
1503 2790 1542 2825 in
1574 2789 1820 2836 superioribus

30 2843 229 2890 nexplieavi.
452 2861 458 2867 ·

156 2897 213 2932 An
234 2906 320 2932 vero
354 2907 426 2932 non
456 2896 573 2942 possit
603 2895 726 2941 aliqua
756 2897 910 2933 nobilior
941 2907 1000 2933 ars
1031 2896 1198 2942 inveniri,
1233 2905 1306 2941 qua
1328 2894 1506 2930 sectiones
1538 2905 1685 2932 arcuum
1707 2898 1819 2934 omni-

17 2948 169 2984 ·ssmodae
190 2948 440 2994 perficiantur?
488 2947 727 2993 Respondeo,
750 2948 781 2983 si
804 2958 926 2985 omnes
950 2950 1145 2986 subtensae
1167 2959 1315 2985 arcuum
1339 2947 1611 2983 dividendorum
1633 2947 1701 2991 sub
1724 2958 1820 2986 com-

33 3001 141 3037 uui
162 3000 309 3036 notione
333 3000 603 3035 considerentur
626 3003 663 3034 et
686 2999 718 3034 si
739 2998 802 3034 illa
824 3004 964 3036 tantm
996 3001 1170 3037 babemus
1193 2998 1392 3046 praesidia,
1423 3008 1516 3044 quae
1546 3003 1632 3035 sunt
1653 3001 1819 3038 omnibus

32 3052 216 3100 quaesitis
241 3051 422 3088 subtensis
446 3051 666 3097 communia,
698 3055 740 3086 ut
762 3056 846 3086 sunt
868 3050 1012 3088 illarum
1034 3053 1072 3088 in
1094 3051 1328 3098 proportione
1358 3050 1522 3097 quaesita
1549 3050 1715 3088 oenunue
1737 3063 1820 3098 pro·

2 3155 6 3158 η
38 3103 263 3150 -portiomles
287 3108 525 3150 quotcunque,
548 3109 635 3140 tunc
658 3103 814 3140 nobilius
836 3102 970 3149 aliquid
993 3104 1091 3140 haud
1114 3105 1301 3150 quisquam
1324 3103 1609 3141 comminiscetur
1631 3108 1820 3152 actumque
