1988 3276
851 662 1244 716 J0.KEPLER1

552 771 957 847 HARMfflucEs
1004 771 1204 848 MUan
1251 771 1446 847 LIBER
1492 773 1534 847 1.

151 910 216 957 De
253 909 523 967 Figuratum
545 908 868 966 Regularium,
907 921 1028 968 quae
1066 909 1384 968 proportiones
1416 909 1705 956 harmonicas
1740 908 1939 967 pariunt,

280 995 407 1050 ortu,
447 991 694 1047 classibuS‚
733 990 893 1037 ordine
931 993 977 1038 et
1015 990 1301 1048 differentiis,
1340 1004 1480 1039 causa
1515 991 1737 1039 scientiae
1774 993 1821 1038 et

841 1072 1254 1119 demonstrationis,

447 1181 634 1218 Procius
659 1180 920 1217 Diadochus
944 1180 1053 1217 Libro
1077 1181 1105 1217 Ι.
1132 1181 1325 1218 Comment.
1351 1181 1388 1216 in
1412 1181 1439 1218 Ι.
1465 1180 1640 1218 Euclidis.

152 1252 263 1302 Προς
292 1253 333 1290 δε
363 1265 429 1301 την
459 1264 618 1302 φνσικην
647 1252 818 1301 θεωριαν
849 1245 892 1303 (ἡ
922 1246 1193 1303 μαθηματικη)
1225 1264 1273 1289 τα
1303 1263 1456 1302 μεγιστα
1487 1249 1770 1299 συμβαλλεται,
1801 1261 1869 1298 την
1897 1261 1939 1286 τε

151 1324 227 1349 των
258 1310 375 1360 λογων
406 1305 585 1356 εὐταξιαν
615 1306 896 1362 ἀναφαινουσα,
922 1305 1016 1348 καθ’
1051 1304 1096 1358 ἦν
1126 1311 1439 1359 δεδημιουργηται
1459 1321 1503 1347 το
1532 1321 1610 1347 παν
1641 1337 1649 1345 .
1682 1336 1691 1345 .
1724 1335 1733 1344 .
1766 1333 1776 1343 .
1809 1321 1871 1345 και
1891 1318 1940 1344 τα

150 1363 259 1407 ἁπλα
289 1382 350 1406 και
381 1380 609 1419 πρωτουργα
649 1381 832 1418 στοιχεια,
873 1381 935 1406 και
965 1380 1086 1418 παντῃ
1117 1381 1161 1417 τῃ
1191 1379 1401 1417 συμμετριᾳ
1442 1380 1504 1406 και
1531 1379 1578 1418 τῃ
1607 1363 1749 1416 ι’σοτητι
1789 1377 1941 1415 συνεχο-

150 1441 245 1476 μενα
277 1423 453 1473 δειξασα,
496 1421 538 1464 δι
573 1440 627 1465 ων
664 1440 726 1464 και
766 1421 786 1465 ὁ
828 1439 902 1469 πας
932 1422 1098 1475 οὐρανος
1137 1422 1365 1475 ἐτελειωθη,
1407 1437 1581 1476 σχηματα
1611 1437 1670 1463 τα
1706 1435 1943 1475 προςηκοντα

610 1498 708 1523 κατα
736 1496 805 1528 τας
834 1480 974 1523 ἑαυτου
1002 1485 1160 1535 μεριδας
1188 1478 1481 1532 ὑποδεξαμενος.

546 1586 643 1625 Cum
683 1586 723 1626 S.
766 1586 808 1626 C.
849 1586 904 1625 M.
943 1586 1156 1638 Privilegio
1197 1586 1247 1626 ad
1289 1597 1411 1625 annos
1451 1585 1544 1625 XV.

383 1690 517 1722 LINGII
541 1691 769 1724 AUSTRIAE.
817 1691 1011 1723 Excudebat
1032 1691 1202 1724 Johannes
1225 1689 1385 1732 Plancus,
1410 1698 1498 1722 anno
1521 1687 1709 1723 MDOXIX.

762 1994 765 1996 -
828 1963 1251 2018 PROOEMIUM.

271 2081 369 2121 Cum
399 2095 424 2120 a
454 2082 710 2120 divisionibus
742 2082 874 2121 circuli
905 2084 944 2120 in
974 2088 1101 2134 partes
1133 2082 1326 2132 aliquotas
1357 2080 1559 2131 aequales,
1591 2091 1691 2130 quae
1721 2078 1818 2118 fiunt
1846 2089 1943 2129 geo-

153 2141 307 2179 metrice
339 2146 377 2179 et
406 2140 624 2189 scientifice,
656 2140 730 2179 hoc
760 2145 819 2179 est
849 2153 873 2178 a
903 2140 1033 2190 figuris
1066 2140 1191 2191 planis
1211 2140 1453 2190 regularibus
1474 2137 1837 2178 demonstrabilibus
1866 2138 1943 2176 sint

155 2199 269 2236 nobis
299 2198 488 2250 petendae
520 2210 659 2237 causae
691 2199 982 2249 proportionum
1011 2199 1335 2237 harmonicarum:
1376 2197 1471 2236 illud
1507 2198 1616 2236 initio
1648 2194 1942 2246 significandum

155 2256 266 2305 duxi,
310 2257 542 2296 differentias
573 2269 697 2296 rerum
727 2258 1045 2306 geometricarum
1075 2256 1280 2304 mentales,
1311 2255 1450 2308 hodie,
1491 2260 1678 2304 quantum
1706 2258 1866 2305 apparet
1896 2265 1943 2292 ex

153 2315 260 2353 libris
291 2315 423 2363 editis,
455 2318 494 2352 in
525 2314 693 2353 solidum
722 2316 903 2364 ignorari.
964 2314 1154 2365 Adeoque
1183 2326 1231 2352 ne
1262 2326 1310 2353 ex
1339 2314 1536 2352 veteribus
1567 2308 1744 2363 quidem,
1777 2313 1844 2362 qui
1872 2311 1943 2349 has

154 2372 353 2423 specificas
382 2385 509 2412 rerum
539 2374 857 2423 geometricarum
889 2372 1119 2411 differentias
1159 2384 1200 2411 se
1231 2377 1365 2411 exacte
1397 2373 1627 2421 cognovisse
1657 2369 1941 2420 significaverit,

153 2436 305 2481 praeter
335 2431 535 2469 Euclidem
566 2431 727 2481 ejusque
758 2436 1098 2470 commentatorem
1127 2430 1320 2479 Proclum,
1356 2431 1562 2480 quisquam
1592 2429 1769 2468 occarrit.
1817 2426 1942 2478 Pappi

153 2488 310 2538 quidem
340 2489 594 2528 Alexandrini
623 2496 888 2541 veterumque,
920 2501 1017 2538 quos
1048 2489 1113 2528 ille
1134 2489 1319 2538 sequitur,
1352 2484 1570 2526 distributio
1593 2486 1874 2539 problematum
1902 2487 1942 2522 in

152 2546 279 2597 plana,
311 2547 436 2585 solida
466 2552 504 2585 et
533 2547 704 2595 linearia,
736 2549 830 2585 satis
862 2552 918 2585 est
938 2549 1117 2601 apposita
1136 2546 1185 2584 ad
1206 2546 1361 2584 habitus
1381 2547 1532 2595 mentis,
1565 2547 1666 2584 circa
1685 2554 1942 2593 unamquam-

154 2616 229 2654 que
250 2605 416 2654 subjecti
435 2605 657 2655 geometrici
677 2610 825 2655 partem
847 2606 1023 2652 orientes,
1048 2598 1317 2654 explicandos:
1341 2603 1409 2642 illa
1421 2609 1550 2643 tamen
1571 2608 1609 2643 et
1627 2603 1755 2642 brevis
1776 2607 1835 2640 est
1851 2612 1941 2640 vet-

153 2663 213 2701 bis
245 2668 282 2701 et
313 2663 362 2702 ad
391 2664 526 2714 praxin
558 2663 776 2730 applicata3
809 2662 855 2701 de
876 2663 1024 2701 theoria
1045 2662 1152 2700 nulla
1171 2662 1214 2700 fit
1232 2663 1398 2700 mentio:
1431 2667 1470 2701 et
1500 2673 1592 2701 vero
1614 2662 1690 2699 nisi
1710 2664 1793 2699 tota
1813 2663 1941 2698 mente

153 2722 192 2758 in
223 2721 372 2759 theoria
401 2721 516 2770 hujus
547 2722 603 2759 rei
635 2731 882 2772 occupemur,
915 2732 1113 2769 nunquam
1143 2722 1299 2770 assequi
1327 2722 1538 2770 poterimus
1556 2720 1725 2758 rationes
1745 2717 1942 2756 harmoni-

158 2777 241 2817 cas.
302 2779 463 2818 Proclus
485 2779 712 2817 Diadochus
743 2779 850 2816 libris
882 2783 1047 2828 quatuor
1077 2779 1116 2815 in
1154 2780 1317 2828 primum
1339 2778 1512 2816 Euclidis
1535 2776 1647 2817 editis
1668 2775 1942 2827 philosophum

154 2836 407 2875 theoreticum
441 2839 479 2874 in
520 2837 790 2876 mathematico
832 2836 1007 2885 subjecto
1051 2847 1097 2874 ex
1137 2837 1308 2887 professo
1349 2838 1450 2887 egit:
1491 2836 1558 2885 qui
1597 2835 1630 2873 si
1667 2834 1941 2873 commentaria

154 2905 224 2931 sua
254 2897 293 2932 in
324 2895 513 2934 decimum
545 2897 662 2934 etiam
690 2895 831 2932 librum
861 2893 1032 2932 Euclidis
1062 2894 1175 2932 nobis
1205 2894 1446 2946 reliquisset,
1476 2898 1514 2932 et
1542 2897 1695 2931 nostros
1725 2895 1940 2942 geometras

152 2952 305 2990 inscitia
333 2953 536 2992 liberasset
565 2965 642 2992 non
672 2953 882 3002 neglectus,
914 2956 952 2990 et
981 2963 1041 2990 me
1071 2951 1205 2991 labore
1234 2953 1309 2992 hoc
1338 2950 1557 3003 explicandi
1587 2962 1714 2989 rerum
1732 2949 1940 3000 geometri-
1987 2946 1988 2949 ’

155 3020 285 3047 earum
322 3011 553 3050 differentias
593 3013 631 3049 in
662 3010 828 3050 solidum
858 3009 1112 3048 sublevasset.
1174 3010 1277 3049 Satis
1309 3011 1410 3049 enim
1437 3009 1494 3047 illi
1525 3010 1682 3058 cognita
1710 3008 1827 3047 fuisse
1858 3006 1939 3045 dis-

156 3069 312 3106 crimina
342 3070 417 3108 ista
446 3071 591 3109 entium
620 3069 864 3117 mentalium,
904 3079 952 3107 ex
981 3068 1065 3118 ipso
1098 3069 1255 3107 exordio
1284 3069 1396 3108 facile
1427 3073 1606 3119 apparet,
1637 3077 1725 3106 cum
1754 3065 1940 3117 principia
