1994 3276
84 72 93 74 -
131 88 215 129 412
556 89 755 126 Ptolemaei
778 91 983 128 Harmonia.
1032 83 1143 128 Liber
1165 93 1229 129 ΠΙ.
1255 93 1374 139 Caput
1397 94 1491 131 XVI.

130 203 397 250 suspicionibus
422 205 682 251 indulgendum
707 206 937 255 censuissem,
962 209 1152 246 videbatur
1168 210 1256 245 mihi
1280 221 1367 246 sane
1384 211 1591 248 Macrobius
1615 212 1689 259 illa,
1714 224 1808 260 quae
1833 214 1928 251 dicto

127 258 208 293 loco
233 257 344 294 tradit
359 269 524 304 quaeque
550 270 616 305 ego
642 261 818 306 exscripsi
840 262 877 297 in
893 262 1153 298 Ptolemaicum
1177 267 1328 304 textum,
1353 262 1519 299 hausisse
1535 274 1581 299 ex
1597 263 1801 302 adulterino
1825 269 1931 302 textu

130 311 269 355 capitis·
291 308 400 356 hujus
428 312 486 357 16
521 313 625 357 quasi
656 313 716 349 hic
746 313 1019 359 antiquissimus
1051 314 1107 350 sit.
1154 315 1333 360 Utrinque
1367 314 1462 350 enim
1496 315 1542 352 de
1565 317 1740 355 maleficis
1772 318 1930 378 planetis

130 364 259 409 agitur,
285 364 453 411 utrinque
477 374 522 400 ex
547 365 718 402 beneficis
741 367 886 412 Jupiter
910 367 996 412 Soli,
1023 368 1146 404 Venus
1163 369 1290 404 Lunae
1314 368 1438 413 potius
1462 368 1608 406 additur
1631 381 1699 416 pro
1724 372 1856 414 amico;
1883 381 1929 406 ex

128 416 302 457 maleficis
327 422 411 452 vero
439 418 615 454 Saturnus
634 418 720 463 Soli,
745 420 844 455 Mars
861 421 989 456 Lunae
1012 421 1222 458 familiarior
1244 421 1467 466 perhibetur.
1501 422 1641 468 Itaque,
1667 423 1698 458 si
1721 423 1930 461 Macrobius

129 468 230 504 hunc
254 468 493 506 adulterinum
518 475 659 507 textum
683 472 836 508 habuit
825 484 862 508 ιιι
880 473 1008 518 animo,
1035 478 1180 519 oportet
1205 478 1256 519 ut,
1282 485 1375 519 quae
1390 474 1470 519 ipse
1486 473 1635 521 addidit,
1661 486 1734 512 non
1759 479 1933 519 contenta

129 521 166 556 in
189 520 252 557 illo
277 526 381 558 textu
405 522 619 569 adulterim,
646 535 695 560 sc.
714 524 759 561 de
772 526 929 562 numeris
949 526 1147 571 jugalibus,
1173 527 1211 562 in
1235 527 1366 572 quibus
1391 528 1520 563 harum
1543 537 1664 564 rerum
1689 538 1823 566 causae
1847 538 1931 564 con-

130 574 326 620 tineantur,
351 576 453 619 haec,
478 577 643 622 inquam,
668 577 875 615 Macrobius
901 590 946 615 ex
972 587 1102 626 suopte
1127 579 1292 624 cerebr0‚
1320 586 1494 626 tanquam
1513 581 1648 626 J'uvans
1667 580 1931 625 Ptolemaeum,

131 626 312 663 addiderit
338 633 493 673 oportet.
540 632 589 665 At
614 630 700 676 quia
723 635 797 666 tam
822 632 918 667 clare
942 631 1103 678 loquitur
1126 633 1345 676 Macrobius,
1371 638 1410 668 50
1435 644 1528 679 quae
1552 634 1674 670 tradat
1698 633 1796 679 apud
1821 643 1933 669 unum

130 681 275 716 omnino
300 681 549 718 Ptolemaeum
575 683 767 729 reperisse:
799 685 882 720 nolo
907 685 1018 729 igitur
1040 685 1229 730 indulgere
1255 686 1460 731 suspicioni,
1486 687 1573 732 quin
1596 687 1718 732 potius
1743 686 1789 721 do
1815 685 1932 721 consi-

133 733 330 770 derandum
355 735 500 780 lectori,
537 747 622 772 num
645 736 801 773 fortasse
825 738 999 772 Macrobii
1031 742 1148 774 aetate
1174 743 1284 783 caput
1309 739 1380 774 hoc
1403 739 1439 774 in
1464 739 1665 776 Ptolemaei
1689 749 1800 784 opere
1823 738 1933 775 fuerit

131 787 272 822 auctius
299 792 335 823 et
360 789 556 824 correctius
582 789 761 835 planeque
785 790 981 835 integrum,
1013 795 1054 826 ut
1077 791 1146 835 ita,
1182 801 1274 836 quae
1298 791 1358 827 hic
1393 802 1437 827 ex
1462 793 1647 829 Macrobio
1672 791 1866 838 exscripsi,
1890 801 1934 826 ea

130 849 214 874 vere
238 839 372 875 fuerint
390 852 475 886 pars
493 842 634 888 capitis,
659 843 824 888 pluribus
842 844 985 889 quidem
1011 843 1129 880 verbis
1147 849 1183 880 et
1199 855 1427 880 numerorum
1445 845 1721 891 allegationibus
1742 844 1933 891 explicata.

223 893 305 928 Non
330 894 433 939 potui
458 897 579 931 tamen
602 896 792 941 ipsissimis
819 897 952 942 ubique
975 898 1096 933 verbis
1114 897 1292 933 Macrobii
1307 898 1484 934 insistere.
1522 899 1604 935 Non
1627 902 1706 934 erat
1729 897 1825 934 enim
1847 897 1935 933 mihi

133 944 338 992 verisimile,
365 946 610 984 Ptolemaeum
634 949 704 995 hic,
730 950 834 995 quasi
851 961 943 985 novo
961 950 1139 996 principio
1156 961 1272 995 usum,
1297 950 1397 996 loqui
1422 952 1466 988 de
1491 951 1650 989 numeris
1669 951 1864 997 jugalibus,
1889 963 1934 988 ex

132 998 263 1043 quibus
288 1000 497 1037 harmoniae
521 1013 593 1037 non
618 1007 750 1048 essent,
777 1007 818 1039 ut
835 1015 880 1039 ex
898 1003 960 1049 273
987 1003 1051 1039 sed
1076 1003 1127 1038 sic
1143 1002 1215 1038 feci
1230 1002 1477 1040 Ptolemaeum
1502 1010 1703 1051 temperare
1728 1004 1935 1047 orationem,

134 1056 173 1085 ut
198 1051 293 1087 hunc
317 1052 378 1088 ille
411 1064 612 1091 sermonem
643 1066 724 1091 cum
755 1055 1022 1092 harmoniarum
1057 1060 1138 1092 ortu
1163 1060 1413 1102 connecteret,
1445 1061 1556 1102 utque
1586 1067 1660 1092 non
1692 1056 1858 1101 alligarer
1889 1056 1935 1092 ad

135 1103 231 1140 solas
256 1105 322 1142 has
347 1107 620 1152 proportiones.
660 1108 703 1153 (Ἃ
729 1114 765 1144 et
792 1109 832 1153 Ἃ,
860 1114 896 1144 et
920 1111 977 1153 ”lo
989 1113 1026 1145 et
1057 1111 1095 1153 ¹s,
1126 1112 1162 1143 et
1193 1108 1231 1153 'l³
1259 1112 1295 1143 et
1323 1108 1381 1155 ¹14:
1419 1109 1504 1154 quia
1528 1109 1559 1145 si
1591 1109 1648 1146 his
1674 1109 1762 1145 solis
1785 1108 1936 1145 fuissem

133 1156 350 1204 adstrictus,
389 1170 461 1195 non
493 1161 694 1205 potuissem
718 1161 950 1206 probationes
974 1162 1125 1197 idoneas
1153 1171 1199 1196 ex
1223 1172 1301 1206 cap.
1333 1162 1384 1197 15
1410 1161 1543 1206 petitas
1575 1161 1787 1206 (secundum
1811 1172 1935 1215 manu-

134 1208 340 1246 ductiOnem
365 1213 552 1258 Macrobii)
577 1214 707 1250 afferre
731 1214 775 1250 ad
803 1225 855 1260 ea,
882 1225 975 1260 quae
999 1214 1206 1250 Macrobius
1232 1225 1253 1249 a
1276 1213 1486 1250 Ptolemaeo
1511 1215 1666 1260 probata
1689 1213 1751 1250 ait.

250 1263 390 1300 Eadem
414 1271 498 1301 tene
524 1267 568 1302 de
592 1267 738 1303 vocibus
765 1267 982 1312 «potiores»,
1011 1267 1211 1312 «viliores»,
1237 1277 1259 1301 a
1275 1277 1331 1301 me
1349 1266 1531 1311 adhibitis,
1557 1277 1623 1312 pro
1649 1266 1780 1312 quibus
1795 1266 1935 1302 Macro-

134 1314 216 1351 bius
240 1316 355 1353 utitur
377 1317 433 1354 his
458 1319 624 1355 vocibus:
653 1329 832 1361 «omnes»,
859 1319 1037 1365 «plures».
1075 1320 1167 1354 Nam
1192 1329 1317 1354 omnes
1338 1318 1415 1363 jam
1439 1318 1546 1354 modo
1572 1328 1764 1364 expressas
1787 1328 1936 1363 propor·
1963 1342 1969 1345 -

135 1369 253 1405 tiones
277 1371 371 1406 inter
393 1370 494 1407 Jovis
525 1376 562 1408 et
587 1371 682 1408 Solis
719 1376 838 1407 motus
874 1382 940 1418 ego
975 1381 1204 1418 nequaquam
1237 1371 1366 1407 docere
1398 1381 1558 1415 possum.
1609 1370 1743 1406 Tentet
1766 1370 1804 1406 id
1828 1369 1932 1415 alius,

136 1432 192 1458 me
217 1421 366 1460 felicior.

251 1475 307 1512 Ne
331 1487 416 1512 vero
443 1482 631 1524 exspectet
655 1491 677 1516 a
700 1490 757 1515 me
781 1480 906 1524 lector,
933 1483 973 1515 ut
989 1478 1255 1515 familiaritates
1278 1477 1507 1523 planetarum
1532 1483 1577 1512 ex
1601 1486 1681 1512 mea
1703 1475 1819 1522 ipsius
1844 1474 1935 1510 Har-

135 1529 255 1565 monia
279 1529 428 1566 coelesti
453 1530 605 1567 tradam.
647 1533 739 1568 Nam
764 1532 990 1568 consideravi
1016 1542 1082 1577 ego
1107 1542 1212 1567 veros
1237 1536 1367 1575 motus,
1393 1535 1433 1566 ut
1457 1530 1482 1565 ii
1508 1540 1552 1566 ex
1577 1529 1660 1565 Sole
1685 1531 1873 1575 apparent,
1898 1533 1936 1563 at

137 1582 347 1628 astrologia,
381 1583 484 1628 cujus
508 1595 594 1629 pars
620 1585 894 1630 (familiaritates
919 1585 1160 1630 planetarum)
1192 1584 1397 1620 considerat
1426 1580 1608 1628 planetas,
1642 1585 1684 1617 ut
1711 1580 1737 1617 ii
1760 1585 1937 1626 apparent

141 1637 389 1681 spectantibus
415 1647 460 1672 ex
485 1638 608 1683 Terra,
635 1649 728 1684 quae
753 1638 840 1674 mihi
865 1642 921 1673 est
945 1638 1026 1682 ipsa
1048 1637 1143 1673 inter
1167 1638 1332 1683 planetas
1358 1647 1452 1672 unus
1477 1646 1496 1670 e
1521 1644 1681 1671 numero.

254 1689 291 1725 Si
315 1691 396 1735 quis
420 1701 506 1726 vero
532 1702 647 1727 meam
672 1692 780 1728 etiam
806 1690 1021 1727 sententiam
1051 1689 1096 1725 de
1128 1690 1357 1726 distinctione
1389 1689 1617 1734 planetarum
1641 1687 1678 1721 in
1701 1685 1936 1732 qualitatibus

138 1742 330 1786 desiderat,
354 1742 453 1778 illam
477 1743 635 1780 inveniet
660 1745 696 1780 in
722 1743 845 1780 Tertio
869 1742 1147 1787 Interveniente,
1173 1753 1195 1778 a
1218 1753 1367 1778 numero
1392 1742 1446 1779 32.
1470 1751 1536 1786 per
1568 1745 1762 1785 sequentes
1787 1738 1935 1784 aliquot.

139 1795 284 1831 Summa
309 1796 400 1831 haec
425 1801 498 1832 est:
525 1797 586 1833 Sol
609 1798 646 1832 in
670 1797 803 1833 mundo
821 1796 969 1841 formae,
994 1796 1099 1831 Luna
1116 1796 1298 1839 materiae,
1324 1794 1462 1830 scilicet
1478 1803 1592 1838 aquae
1616 1792 1792 1828 rationem
1816 1791 1936 1828 habet.

139 1847 201 1882 Sol
224 1851 323 1883 totus
349 1849 496 1894 igneus,
530 1850 687 1894 speciem
722 1850 829 1885 etiam
859 1849 1133 1884 ἰιιιιιιειῐι-ιίιιιειιιι
1164 1849 1293 1884 emittit
1322 1852 1437 1883 totam
1460 1846 1620 1892 igneam,
1650 1844 1688 1880 id
1720 1849 1777 1880 est
1806 1844 1936 1890 lucem,

137 1900 262 1944 Luna,
287 1903 366 1934 tota
390 1910 506 1945 aquea
529 1902 585 1937 vel
612 1903 732 1947 quasi,
765 1899 896 1938 emittit
920 1902 1028 1938 etiam
1053 1902 1211 1947 speciem
1234 1902 1520 1943 humectantem,
1551 1907 1666 1943 eaque
1689 1898 1876 1934 humectat
1898 1898 1936 1934 in

139 1949 261 1987 Terris
286 1953 416 1989 idonea
440 1955 626 1999 subjecta,
659 1959 750 2000 puta
779 1954 936 1989 viventia
968 1964 1185 1998 quocunque
1216 1954 1310 1988 vitae
1343 1962 1486 1997 genere.
1534 1950 1581 1985 Hi
1609 1949 1778 1994 planetae
1804 1950 1935 1996 singuli

140 2006 299 2066 singulas
327 2007 450 2042 unicas
474 2005 610 2043 habent
634 2007 838 2043 facultates.
888 2005 1062 2042 Planetae
1087 2005 1197 2041 ceteri
1229 2005 1390 2050 quinque
1426 2002 1692 2038 distribuuntur
1714 2002 1752 2037 111
1775 2006 1850 2038 tres
1875 2013 1935 2038 su-

139 2058 299 2104 periores
325 2063 360 2093 et
386 2059 477 2094 duos
501 2059 689 2095 inferiores
713 2059 859 2094 realiter
883 2064 920 2093 et
944 2059 1015 2094 situ
1047 2058 1299 2103 sphaerarum,
1332 2066 1424 2101 quae
1459 2053 1545 2091 sunt
1574 2055 1825 2091 interstinctae
1849 2066 1936 2102 quo-

139 2110 222 2145 dam
246 2110 357 2146 veluti
381 2110 652 2156 diaphragmate
676 2111 773 2147 orbis
798 2110 932 2156 magni.
981 2112 1031 2146 At
1054 2111 1092 2145 hi
1115 2121 1264 2145 numero
1289 2109 1404 2153 multi,
1430 2108 1569 2145 scilicet
1593 2109 1762 2154 quinque,
1786 2113 1938 2154 possent

138 2164 232 2199 inter
257 2174 295 2199 se
320 2164 491 2208 distingui
514 2175 580 2209 per
605 2164 750 2200 easdem
774 2165 863 2200 duas
888 2163 1079 2199 facultates
1106 2162 1318 2198 calfaciendi
1335 2165 1372 2197 et
1394 2162 1647 2197 humectandi:
1674 2161 1834 2207 oportuit
1855 2161 1936 2197 illas

140 2216 336 2252 combinari
361 2221 397 2252 et
420 2216 457 2252 id
480 2217 517 2251 in
541 2217 761 2261 geometrica
787 2215 990 2251 differentia
1015 2225 1205 2260 excessuS,
1231 2214 1358 2257 medii,
1385 2213 1563 2248 defectus.
1611 2213 1706 2250 Hinc
1729 2223 1796 2259 pro
1821 2213 1936 2249 tribus

141 2269 387 2314 superioribus
413 2269 577 2306 nascitur
601 2269 838 2304 contrarietas
864 2279 945 2303 cum
970 2267 1098 2302 medio.
1145 2267 1238 2302 Nam
1272 2266 1309 2301 in
1334 2265 1450 2301 medio
1476 2265 1674 2302 secundum
1698 2266 1936 2310 altitudinem,

141 2321 280 2356 scilicet
303 2322 341 2356 in
365 2321 466 2366 Jove,
492 2327 547 2357 est
571 2322 800 2357 mediocritas
827 2321 955 2356 caloris
981 2325 1016 2355 et
1033 2319 1263 2355 mediocritas
1288 2318 1464 2364 humoris,
1489 2323 1755 2363 temperaturae
1780 2318 1937 2364 optimae

142 2379 179 2409 et
203 2375 254 2410 sic
279 2374 482 2419 beneficae,
509 2374 546 2409 in
569 2375 689 2409 Marte
714 2384 886 2410 excessus
913 2372 1057 2416 caloris,
1084 2372 1248 2407 defectus
1274 2372 1453 2414 humoris,
1486 2371 1570 2407 hinc
1594 2372 1673 2417 ipse
1696 2371 1876 2416 malefica,
1900 2370 1938 2406 111

142 2429 296 2463 Saturno
322 2437 492 2463 excessus
518 2426 680 2462 humoris
705 2432 742 2463 et
765 2427 927 2463 defectus
953 2425 1083 2461 caloris
1111 2424 1258 2469 (quippe
1282 2424 1361 2469 ipse
1386 2424 1618 2469 longissimus
1642 2434 1664 2458 a
1687 2423 1795 2468 Sole),
1820 2422 1858 2458 id
1883 2428 1939 2459 est

143 2481 288 2526 glacies,
314 2479 399 2515 hinc
423 2483 459 2515 et
482 2480 560 2524 ipse
585 2479 772 2515 maleficus
795 2483 831 2514 et
853 2478 964 2513 Marti
988 2476 1200 2512 contrarius.
1232 2475 1303 2511 Pro
1329 2476 1578 2511 duobus‘vero
1603 2475 1831 2511 inferioribus
1855 2486 1938 2511 con-

142 2533 310 2569 trarietas
336 2533 413 2567 sine
436 2533 554 2568 medio
580 2533 750 2568 constitui
775 2536 911 2577 potest:
948 2535 989 2565 ut
1019 2531 1055 2564 in
1087 2530 1201 2565 altero
1234 2529 1363 2564 humor
1395 2527 1680 2563 mediocritatem
1704 2533 1869 2573 superet,
1899 2528 1938 2563 in

142 2585 282 2630 reliquo
309 2585 417 2629 calor,
442 2585 565 2619 Venus
592 2595 641 2620 50.
666 2584 853 2619 humorem
878 2582 1022 2619 Saturni
1048 2592 1126 2617 cum
1152 2581 1271 2615 calore
1295 2580 1466 2615 mediocri
1490 2580 1602 2624 Jovis,
1626 2579 1839 2625 Mercurius,
1864 2579 1940 2616 Soli

144 2638 302 2683 propior,
326 2637 513 2672 humorem
538 2636 751 2672 mediocrem
776 2635 876 2671 Jovis
903 2646 982 2671 cum
1008 2633 1126 2668 calore
1153 2643 1291 2667 summo
1317 2633 1445 2668 Martis
1466 2632 1606 2676 jungat.

261 2690 330 2725 Hic
354 2700 454 2725 meus
481 2694 536 2724 est
559 2689 684 2733 1115115,
723 2693 762 2725 at
785 2687 1054 2732 metaphysicus
1078 2685 1139 2721 1110
1164 2685 1220 2719 vel
1244 2685 1427 2745 physicus,
1451 2684 1541 2720 nihil
1567 2685 1835 2721 communicans
1857 2693 1937 2719 cum

144 2742 342 2778 harmoniis
366 2741 612 2787 planetarum:
638 2746 762 2778 utatur
787 2741 848 2786 qui
872 2740 980 2781 volet,
1005 2738 1162 2783 corrigat
1186 2748 1271 2772 vero
1297 2738 1358 2783 qui
1381 2740 1513 2783 potest.

398 2835 498 2872 Finis
523 2839 690 2871 notarum
713 2834 751 2869 in
774 2833 904 2869 librum
928 2831 991 2867 III.
1016 2829 1217 2866 Ptolemaei
1242 2836 1279 2867 et
1303 2842 1384 2867 cum
1407 2830 1452 2866 iis
1477 2829 1686 2876 appendicis

696 2886 880 2930 totiusque
905 2883 995 2920 adeo
1013 2883 1140 2927 Operis
1163 2883 1383 2920 Harmonici.
