1988 3276
133 117 184 156 78
907 110 1121 159 'Dedicatim

129 232 251 272 veluti
292 237 426 271 votum
465 242 593 270 meum
631 231 771 282 legatis
801 231 876 270 tuis
906 231 958 270 ad
986 231 1118 270 aulam
1146 232 1430 288 imperatoriam
1469 231 1588 272 semel
1628 235 1746 283 atque
1776 233 1915 271 iterum

129 295 314 330 testatum
354 291 449 331 fecis
497 289 656 339 Causas,
687 290 735 329 de
772 289 848 329 hoc
885 289 1207 329 Harmonicorum
1243 301 1417 330 meorum
1452 290 1665 341 patrocinio
1705 290 1913 340 cogitandi,

130 349 405 401 suppeditabat
433 348 528 387 mihi
557 348 798 388 dissonantia
826 347 896 387 illa
924 348 1126 399 multiplex
1156 349 1194 386 in
1224 349 1337 388 rebus
1367 348 1556 398 humanis,
1592 348 1795 387 manifesta
1826 350 1916 399 qui-

130 407 228 456 dem,
260 413 302 446 ut
332 419 408 446 non
438 409 561 458 possit
590 418 667 446 non
700 405 915 458 offendere3
947 418 995 446 ex
1023 408 1220 446 concinnis
1242 412 1371 446 tamen
1401 412 1440 446 et
1460 407 1671 447 articulatis
1702 406 1916 446 intervallis

130 466 306 515 conflata,
339 477 501 516 quorum
531 466 628 505 haec
658 470 717 505 est
736 469 887 514 natura,
916 470 960 503 ut
981 464 1155 504 auditum
1175 466 1214 503 in
1232 464 1362 504 media
1382 464 1642 504 discordantia
1661 466 1915 516 promissione

129 535 376 564 successurae
406 526 538 564 suavis
581 523 807 563 concordiae
838 523 1054 563 demulceat
1095 522 1345 574 ejusdemque
1383 524 1668 575 exspectatione
1713 528 1915 562 sustentet.

130 583 335 622 Enimvero
378 582 495 633 digna
543 588 624 622 erat
660 583 815 622 homine
846 582 1064 621 Christiano
1103 583 1324 632 persuasio,
1363 580 1489 621 Deum
1520 594 1626 631 esse,
1669 583 1734 632 qni
1766 593 1918 621 omnem

130 640 338 680 melodiam
368 643 471 680 vitae
502 641 693 679 humanae
733 640 1017 689 moderaretur,
1061 639 1178 690 digna
1208 639 1472 691 magnitudine
1502 640 1576 680 Dei
1605 641 1803 692 patientia,
1840 651 1917 678 non

132 699 273 738 offendi
302 699 521 750 prolixitate
553 700 875 738 dissonantiarum
904 710 976 738 nec
1006 710 1093 750 spes
1125 699 1311 749 abjicere;
1341 702 1593 751 reputantem,
1624 709 1701 737 non
1721 698 1796 738 Dei
1825 709 1918 750 pro-

132 757 346 797 videntiam
377 757 479 797 lente
509 769 637 808 agere,
669 757 738 796 sed
767 762 940 796 nostrum
967 757 1209 807 singulorum
1238 758 1326 796 aevi
1355 758 1522 809 spatium
1543 756 1728 797 velociter
1747 757 1917 796 avolare.

132 815 312 855 Docebat
345 816 523 866 equidem
543 818 662 855 sacris
684 816 864 868 oraculis,
895 815 1024 854 omnia
1045 827 1070 854 a
1088 815 1172 854 Deo
1205 817 1317 854 certis
1348 821 1387 854 et
1416 815 1650 855 salutaribus
1680 816 1815 854 usibus
1835 826 1918 854 esse

136 874 339 923 destinata,
372 876 490 913 etiam
522 875 681 914 dissona
710 876 797 923 ista,
829 873 879 913 ad
910 872 1179 913 elucidandam
1210 878 1248 913 et
1269 874 1612 913 commendandam
1642 875 1917 913 consonantiae

131 934 375 973 suavitatem.
436 933 512 971 Cur
542 938 673 972 autem
702 945 727 972 a
755 938 823 972 tua
851 933 1097 984 potissimum
1126 931 1257 983 Harpe
1280 932 1483 976 Davidica,
1513 932 1597 971 Rex
1617 931 1779 984 Inclyte,
1811 933 1918 983 prin-

130 992 274 1043 cipium
309 990 467 1041 aliquod
508 996 729 1042 exspectare
760 992 1035 1030 consonantiae
1065 990 1563 1031 restaurandaessdesideria
1598 1002 1687 1030 mea
1714 1002 1776 1029 me
1801 990 1919 1040 jube-

130 1054 233 1088 rent:
276 1051 348 1089 etsi
378 1061 455 1088 non
487 1055 546 1089 est
576 1050 692 1100 hujus
721 1049 799 1089 loci
829 1050 952 1088 fusius
983 1049 1198 1101 explicare,
1231 1061 1278 1088 ue
1308 1048 1538 1100 pmdentum
1567 1050 1714 1088 monita
1744 1053 1918 1088 contem·

130 1119 219 1147 nere
255 1107 407 1156 videar,
439 1108 539 1147 hanc
558 1113 687 1148 tamen
717 1113 800 1147 toto
832 1107 978 1146 dudum
1007 1109 1057 1146 ab
1090 1109 1180 1146 orbe
1202 1107 1416 1146 confessam
1434 1113 1583 1159 partem
1615 1107 1763 1158 gloriae
1792 1118 1917 1146 rerum

130 1167 200 1205 abs
231 1166 287 1206 Te
316 1171 512 1217 gestarum
548 1168 737 1217 attingere
786 1178 898 1205 nemo
930 1165 1154 1216 prohibeat:
1198 1164 1303 1215 quod
1333 1164 1500 1216 Angliae
1541 1177 1702 1216 regnum
1739 1165 1919 1204 haeredi-

130 1229 209 1264 tate
241 1230 279 1264 et
309 1236 498 1264 consensu
527 1225 662 1276 populi
692 1224 867 1276 adeptus,
897 1225 1006 1263 brevi
1036 1223 1094 1262 illi
1124 1235 1324 1263 commune
1345 1234 1432 1262 cum
1450 1224 1586 1274 Regno
1607 1224 1773 1272 Scotiae,
1803 1223 1920 1274 Mag-

132 1295 204 1322 nae
237 1283 460 1323 Britanniae
503 1295 643 1323 nomen
676 1283 835 1331 dedisti,
878 1293 925 1321 ex
954 1287 1119 1332 utraque
1167 1283 1368 1333 provincia
1397 1282 1574 1332 Regnum
1603 1288 1640 1322 et
1668 1281 1920 1321 Harmoniam

131 1353 249 1380 unam
281 1343 388 1393 (nam
419 1342 511 1392 quid
542 1342 651 1381 aliud
684 1347 744 1380 est
772 1342 972 1392 Regnum,
1005 1352 1122 1391 quam
1151 1340 1383 1389 Harmonia)
1414 1341 1731 1391 contemperasti,
1771 1339 1919 1380 discor-

131 1400 233 1438 diam
263 1399 557 1439 haereditariam
587 1402 786 1439 nationum
817 1400 1159 1438 infensissimarum
1190 1399 1410 1439 felicissime
1439 1399 1654 1448 sustulisti,
1694 1401 1919 1438 memoriam

131 1458 350 1497 crebrarum
380 1463 418 1497 et
448 1460 797 1498 cruentissimarum
828 1457 1008 1504 cladium,
1040 1458 1182 1508 quibus
1212 1468 1284 1496 ceu
1314 1458 1415 1496 notis
1445 1456 1677 1507 quibusdam
1707 1458 1824 1497 series
1855 1468 1920 1496 se-

133 1516 307 1556 culorum
344 1521 426 1556 erat
465 1518 721 1566 interstincta,
763 1517 916 1567 penitus
953 1517 1180 1555 exstinxisti.
1239 1515 1327 1554 Hoc
1364 1514 1617 1554 domesticum
1659 1520 1768 1554 tuum
1816 1526 1917 1567 opus

134 1586 246 1614 omen
276 1573 389 1628 (inter
419 1579 546 1614 cetera
575 1574 869 1627 ponderosiora)
907 1585 986 1613 non
1020 1573 1179 1612 infidum
1216 1572 1310 1612 mihi
1341 1574 1535 1612 continere
1575 1572 1800 1625 videbatur,
1838 1574 1918 1612 fore

134 1638 178 1672 ut
208 1634 326 1672 etiam
355 1634 467 1682 foris,
505 1633 590 1672 Rex
618 1635 716 1673 inter
746 1633 895 1683 Reges,
934 1630 1046 1671 Fidei
1076 1632 1265 1671 Defensor
1303 1633 1401 1671 inter
1432 1631 1572 1670 Christi
1602 1631 1756 1684 fideles,
1793 1631 1918 1682 majus

134 1691 294 1742 aliquod
324 1696 364 1731 et
390 1693 650 1743 praestantius
681 1692 876 1741 etiamque
908 1689 1120 1729 durabilius
1159 1702 1255 1742 opus
1298 1689 1521 1741 perficeres:
1561 1689 1665 1740 quod
1696 1689 1852 1740 quidem
1881 1695 1920 1728 et

133 1752 237 1789 votis
267 1751 363 1789 meis
394 1750 522 1790 tacitis
552 1755 591 1789 et
621 1751 857 1790 ominatione
897 1748 1054 1800 publica
1081 1750 1122 1786 in
1151 1748 1250 1788 libro
1282 1748 1329 1788 de
1359 1747 1482 1787 Stella
1509 1747 1637 1801 Nova,
1668 1759 1769 1798 quae
1798 1748 1920 1788 veluti

134 1808 389 1847 carbunculus
429 1808 578 1847 arderet
609 1809 738 1860 (notus
768 1808 922 1848 Scotiae
953 1805 1192 1859 versiculus),
1230 1818 1314 1845 sum
1350 1811 1586 1858 prosecutus.
1644 1806 1783 1856 Itaque
1811 1805 1921 1846 velut

131 1866 214 1916 jam
244 1867 430 1915 confecto,
470 1866 575 1916 quod
613 1867 796 1918 optabam
834 1871 873 1905 et
901 1866 1141 1916 augurabar,
1183 1864 1412 1904 Harmostae
1449 1870 1530 1904 tam
1567 1860 1772 1914 laudabili,
1813 1876 1919 1904 meas

134 1924 345 1974 aliquando
376 1923 595 1964 Mundanas
625 1925 858 1964 Harmonias
888 1926 1061 1963 accinere
1091 1928 1198 1963 tanto
1228 1922 1372 1962 firmius
1401 1922 1494 1961 mihi
1523 1922 1799 1974 proponebam.

248 1982 400 2022 Vellem
430 1982 516 2034 hic,
555 1983 834 2022 dissonantiam
863 1982 1059 2032 publicam
1088 1993 1229 2021 vocum
1257 1982 1440 2020 trifariam
1470 1981 1771 2032 obstrepentium
1798 1980 1919 2031 paulo

133 2040 228 2079 mihi
257 2041 447 2080 mitiorem
477 2052 574 2090 esse,
605 2046 649 2080 ut
680 2041 803 2080 audiri
832 2040 988 2091 publice
1018 2052 1065 2079 ex
1095 2040 1214 2079 animi
1241 2041 1319 2078 mei
1347 2039 1538 2078 sententia
1568 2050 1742 2091 possem:
1774 2050 1853 2089 qua
1879 2041 1920 2077 in

133 2110 174 2138 rc
206 2100 316 2138 visus
344 2099 458 2139 fuerit
486 2098 682 2151 adspirare
712 2100 816 2139 votis
847 2097 1039 2137 eventus?
1077 2109 1177 2148 quae
1207 2097 1367 2137 vulnera
1397 2098 1551 2148 capitis,
1592 2098 1732 2147 quibus
1762 2098 1920 2137 harmo-

134 2158 208 2196 niis
238 2162 404 2207 tentata,
446 2170 471 2197 a
500 2169 577 2208 quo
607 2156 785 2197 medico?
825 2161 864 2196 et
903 2161 946 2195 ut
981 2158 1098 2195 etiam
1133 2156 1236 2195 hunc
1276 2167 1348 2206 ego
1385 2157 1424 2193 in
1453 2155 1553 2194 libro
1585 2155 1632 2195 de
1664 2155 1778 2195 stella
1805 2155 1920 2196 Nova

133 2215 249 2266 longe
282 2220 398 2255 antea
426 2217 529 2255 vivis
561 2215 753 2255 coloribus
784 2214 1051 2266 depinxerim?
1091 2213 1144 2252 At
1174 2214 1369 2264 quodnam
1401 2215 1471 2252 erit
1501 2225 1640 2265 operae
1669 2215 1855 2266 pretium,
1886 2215 1920 2253 si

133 2273 374 2313 harmoniam
405 2274 587 2314 affectans
618 2275 770 2326 privato
801 2274 964 2324 strepitu
992 2284 1065 2312 nec
1094 2273 1249 2312 vincam
1268 2272 1439 2311 fremitus
1459 2271 1636 2323 publicos
1657 2272 1919 2312 imbecillitate

134 2330 298 2371 laterum
328 2337 367 2372 et
395 2332 591 2372 molestias
621 2332 778 2372 absurdi
808 2335 1015 2371 concentus
1045 2332 1086 2369 in
1114 2332 1211 2369 meis
1240 2331 1398 2370 auribus
1426 2332 1583 2381 insuper
1613 2330 1808 2381 augeam?
1838 2331 1920 2370 Fa-

135 2389 294 2429 tendum
324 2390 503 2440 equidem
535 2395 606 2440 est,
636 2389 736 2442 proh
765 2389 888 2440 dolor,
918 2395 1063 2429 tumere
1094 2388 1221 2428 adhuc
1250 2388 1390 2428 vulnus
1421 2388 1678 2438 decussatum,
1712 2400 1762 2427 an
1790 2388 1919 2427 malu-

133 2460 220 2487 mus
250 2450 449 2488 sacratiori
478 2448 717 2499 feliciorique
751 2447 967 2495 vocabulo,
1004 2447 1243 2496 cruciforme,
1285 2451 1453 2499 tumere,
1498 2448 1678 2497 inquam,
1716 2446 1918 2497 multiplici

135 2506 267 2556 labro,
309 2511 348 2545 et
376 2506 484 2546 nullo
529 2507 683 2546 illorum
714 2508 963 2555 connivente,
1004 2504 1232 2545 medicinam
1262 2504 1450 2544 hactenus
1479 2506 1625 2544 irritam
1664 2505 1918 2555 omnibusque

135 2565 310 2616 partibus
339 2565 510 2613 irrisam,
542 2570 745 2615 propterea
777 2564 880 2614 quod
910 2563 1102 2615 medicus,
1132 2569 1176 2602 ut
1205 2574 1321 2613 aegro
1352 2562 1471 2602 deliro
1501 2563 1750 2615 pharmacum
1778 2562 1918 2602 fallens

140 2624 301 2673 ingerat,
331 2622 454 2662 multa
482 2622 648 2671 simulet,
679 2622 802 2661 multa
823 2622 936 2671 dicat,
969 2633 1068 2672 quae
1098 2633 1122 2660 a
1142 2633 1238 2660 sana
1257 2622 1403 2661 ratione
1423 2621 1629 2673 plurimum
1654 2621 1760 2660 abire
1781 2621 1918 2660 viden·-

135 2685 208 2720 tur.
267 2681 434 2721 Recreor
462 2685 591 2721 tamen
620 2681 694 2720 hac
723 2682 809 2731 ipsa
839 2681 1087 2731 cogitatione,
1118 2679 1223 2729 quod
1252 2690 1452 2731 supremus
1470 2680 1672 2719 vulnerum
1701 2683 1918 2718 nostrorum

137 2738 299 2778 Curator
327 2741 421 2778 artis
450 2751 545 2779 suae
576 2744 702 2779 certus
732 2740 782 2777 sit
811 2749 882 2777 nec
912 2740 1119 2788 quicquam
1148 2738 1288 2776 frustra
1317 2738 1497 2790 applicet.
1556 2738 1658 2788 Ergo
1689 2739 1754 2787 qui
1786 2748 1917 2776 curam

94 2815 102 2822 -
133 2797 215 2846 jam
246 2802 305 2836 est
334 2809 563 2848 aggressus,
607 2799 673 2847 qui
707 2797 789 2846 jam
820 2796 1038 2847 expedivit,
1070 2795 1154 2845 jam
1193 2794 1335 2835 mundo
1372 2797 1599 2836 monstravit
1637 2794 1918 2834 consolidantia

137 2856 222 2903 ista,
253 2857 406 2895 interim
435 2868 527 2896 vero
558 2867 626 2907 per
655 2855 894 2895 calamitates
924 2853 1102 2906 publicas
1132 2854 1377 2893 erodentibus
1406 2857 1535 2903 utitur,
1567 2852 1697 2903 quoad
1718 2858 1918 2892 consumta

137 2923 250 2952 carne
280 2914 435 2964 putrida
463 2919 502 2954 et
531 2914 634 2963 fera,
676 2913 873 2952 charitatis
913 2912 1059 2951 scilicet
1088 2913 1300 2964 extinctae,
1341 2924 1476 2952 sensus
1517 2911 1657 2962 aliquis
1695 2911 1838 2950 doloris
1867 2910 1918 2950 ad

137 2971 251 3009 vivae
282 2974 406 3012 carnis
435 2972 735 3023 profunditatem
765 2969 1024 3010 descenderit:
1066 2968 1168 3008 idem
1208 2970 1342 3022 procul
1380 2970 1498 3010 dubio
1532 2970 1762 3009 lenientibus
1800 2970 1917 3008 etiam

137 3032 266 3067 utetur
295 3041 414 3081 prope
452 3030 554 3070 diem
593 3029 644 3069 ad
673 3028 940 3081 deprimendos
970 3032 1159 3080 tumores,
1197 3034 1241 3067 ut
1279 3027 1607 3068 consolidantibus
1641 3027 1718 3066 illis
1749 3026 1917 3077 denique

137 3084 246 3126 locus
287 3098 371 3127 esse
410 3090 536 3139 possit
581 3087 813 3138 tandemque
858 3086 1097 3127 dissonantia
1136 3086 1233 3127 haec
1273 3087 1452 3126 diuturna
1491 3085 1550 3140 (ut
1589 3086 1639 3125 ad
1677 3086 1916 3137 propositum
