1994 3276
712 83 1169 162 .,π,ιπιᾰπνῗ.οψιεη
1767 116 1851 156 24⁹

67 235 161 277 Βοὴ
184 229 351 286 femina,
392 238 479 276 cui
493 247 635 276 nomen
671 240 732 276 est
765 235 962 275 residuum
993 232 1068 289 (sc.
1108 240 1201 274 tres
1228 238 1391 284 quartae
1420 231 1576 288 circuli)
1601 233 1740 284 juncta
1769 237 1853 272 erat

72 297 242 347 patries»
265 297 385 346 (parti
412 307 470 335 sc.
503 302 665 345 quartae
694 291 870 348 circuli),
902 295 1013 344 cujus
1042 292 1228 332 nobilitas
1257 294 1296 331 in
1326 293 1539 342 geometria
1567 298 1628 332 est
1655 303 1704 332 ex
1730 296 1858 331 tetra-v

68 363 186 404 gono.
241 353 356 393 Nam
383 364 431 391 ex
462 353 536 392 bac
574 359 697 392 matre
735 349 884 406 (tribus
921 349 1091 406 quartia)
1119 363 1190 402 per
1217 352 1505 401 generationem
1544 352 1732 390 musicam
1761 347 1853 404 (per

0 432 3 435 v
67 411 308 451 additionem
345 413 459 449 unius
490 410 697 463 diapason)
733 416 846 449 nata
855 416 915 449 est
953 422 1062 461 pars,
1103 415 1182 449 tres
1212 414 1395 457 octavae,
1435 411 1517 457 cui,
1562 408 1674 447 salvo
1694 407 1852 448 bonore

66 471 275 517 senatorio,
305 469 398 508 licet
422 469 505 520 jam
536 469 677 508 ducere
697 468 815 508 aliam
843 468 1050 518 plebeiam,
1082 469 1143 506 cui
1170 478 1311 507 nomen
1331 469 1503 518 quinque
1533 472 1716 516 octavae,
1734 467 1853 517 ‘eujus

0 565 4 578 ,-
67 534 174 567 ortus
204 526 342 567 eadem
372 533 435 566 est
463 527 654 576 eonditio3
696 538 786 565 nam
815 532 940 565 mater
966 526 1025 565 illi
1055 537 1210 576 qnoque
1250 525 1467 573 residuum,
1512 526 1658 564 scilicet
1687 530 1854 575 quatuor

0 589 2 624 ἶ
67 587 308 637 quintarum,
352 591 464 636 pater
497 587 705 635 patricius,
750 596 827 623 una
866 587 1020 635 quinta,
1065 585 1177 634 qu‘us
1214 584 1401 622 nobilitas
1443 585 1684 632 geometrica*
1715 588 1777 622 est
1802 593 1852 622 ex

67 643 370 695 quinquangulo.
398 643 646 682 Duodecim
673 653 767 682 vero
782 643 913 681 circuli
942 654 1045 693 pars,
1077 643 1149 681 etsi
1177 643 1242 692 jus
1272 643 1441 680 civitatis
1459 642 1591 680 ‘babet
1620 643 1658 679 in
1688 642 1851 688 musica,

1 707 3 710 ’
66 713 153 741 cum
182 702 268 752 ejtrs
308 702 497 741 subtensa
533 704 583 739 sit
627 704 666 739 iu
703 702 915 751 geometria
956 702 1188 751 praecipuae
1226 699 1458 751 nobilitatis,
1499 706 1579 739 tam
1609 711 1681 739 sua
1711 701 1853 738 virtute

1 767 2 770 ’
64 766 200 813 partae
239 757 313 813 (ob
350 757 661 813 congruentiam)
701 771 817 809 quam
859 771 882 797 a
923 759 1146 810 parentibus
1189 764 1375 808 acceptae
1413 755 1524 812 (sunt
1565 760 1667 797 enim
1702 758 1850 807 figurae

13 857 17 859 .
64 817 216 857 nobiles
243 818 497 868 sexangulum
528 825 566 856 et
594 817 847 867 triangulum,
885 829 931 856 ex
963 829 1125 867 quarum
1154 816 1318 855 laterum
1347 816 1610 867 duplicatione
1641 821 1700 855 est
1729 815 1853 854 dode-

0 913 3 917 «
66 886 255 926 cagonus,
292 878 550 927 praestantior
582 875 661 914 illis
691 876 742 914 ob
771 886 900 914 aream
931 873 1150 927 effabilem),
1182 880 1223 914 at
1253 876 1345 924 quia
1374 875 1473 914 baec
1502 885 1592 924 pars
1622 874 1852 913 duodecima

0 944 4 982 j
66 945 225 973 uxorem
254 933 391 982 habet,
423 933 602 973 undecim
632 933 944 972 duodecimamm
975 933 1192 980 residuum,
1225 944 1326 983 quae
1358 935 1396 970 in
1429 935 1577 971 musica
1605 932 1784 982 adeoque
1813 937 1853 971 et

66 994 104 1030 in
134 994 346 1043 geometria
373 993 601 1042 peregrinae
631 998 691 1031 est
712 993 882 1042 originis,
915 1003 1037 1042 genus
1067 991 1117 1031 ad
1139 990 1450 1041 undecangulum
1479 991 1659 1037 referens,
1688 990 1852 1041 figuram

65 1061 141 1090 nou
180 1049 539 1098 demonstrabilem,
585 1060 710 1100 eoque
748 1051 918 1088 civitatis
957 1050 1023 1099 jus
1058 1050 1221 1099 adipisci
1250 1061 1327 1088 non
1365 1054 1516 1100 potest:
1557 1049 1707 1088 nullum
1736 1050 1855 1098 igitur

0 1139 9 1160 a
65 1109 226 1147 maritus
253 1110 294 1146 in
322 1110 469 1148 musica
505 1109 571 1158 J'us
607 1108 725 1146 babet
754 1110 1053 1159 septemviratus
1097 1107 1148 1147 ad
1177 1107 1487 1147 constituendum
1516 1119 1717 1147 numerum
1749 1105 1854 1145 divi—

65 1169 216 1205 sionum
244 1166 509 1205 monochordi.
569 1166 713 1205 Contra
742 1167 781 1203 in
811 1166 1091 1215 meteorologia
1108 1177 1193 1205 mos
1224 1171 1282 1205 est
1312 1166 1427 1204 alius.
1486 1165 1584 1204 Nam
1614 1171 1658 1204 ut
1688 1167 1853 1216 quisque

0 1220 5 1263 ’.
65 1226 149 1274 ipse
179 1225 320 1263 nobilis
351 1235 422 1263 seu
452 1229 537 1263 ortu
567 1236 636 1263 seu
657 1226 803 1262 meritis
833 1222 1063 1278 (scibilitate
1081 1236 1135 1263 sc.
1156 1228 1225 1263 aut
1245 1221 1530 1276 congruentia),
1562 1226 1618 1263 ita
1645 1224 1853 1274 plurimum

0 1278 9 1324 ἶ
66 1282 172 1321 valet
200 1283 441 1328 auctoritate,
472 1282 609 1332 reliqui
640 1282 807 1321 volitant
836 1282 944 1321 velut
970 1283 1150 1331 umbrae3
1180 1282 1407 1321 feminamm
1426 1284 1527 1321 ratio
1547 1282 1710 1321 habetur
1729 1282 1850 1320 nulla.
1911 1286 1915 1291 ”

63 1339 139 1379 Hic
166 1342 283 1391 igitur
312 1340 437 1379 octilis
457 1339 519 1379 vel
541 1340 774 1390 scsquadrus
803 1346 842 1379 et
873 1340 1110 1391 sequadrus‚
1155 1340 1379 1390 posthabito
1409 1351 1480 1378 suo
1507 1340 1594 1390 Jure
1623 1342 1661 1378 in
1692 1342 1853 1387 musica,

65 1399 392 1448 qnia—subiensas
421 1398 567 1436 babent
596 1398 808 1448 ignobiles,
849 1405 940 1437 sunt
970 1399 1017 1437 de
1046 1399 1214 1449 populo,
1259 1399 1369 1448 cujus
1400 1403 1575 1448 potestas
1605 1399 1736 1447 nulla,
1776 1400 1851 1436 nisi

63 1468 133 1506 per
161 1456 377 1495 absentiam
408 1458 714 1506 magistratuum,
745 1464 905 1507 urgente
934 1457 1036 1495 mole
1065 1459 1321 1506 negotiorum.
1380 1456 1468 1495 Hoc
1498 1462 1569 1504 est,
1601 1459 1635 1496 si
1664 1457 1731 1496 diu
1755 1455 1853 1495 nulli

66 1520 201 1561 essent
222 1521 403 1565 aspectus
432 1516 612 1565 primarii,
645 1515 815 1554 facerent
844 1516 1017 1554 fortassis
1047 1514 1195 1565 aliquid
1225 1517 1343 1555 etiam
1371 1514 1412 1552 hi
1442 1520 1643 1565 aspectus,
1675 1516 1853 1568 praeses-

66 1573 133 1610 tim
162 1572 195 1610 ai
225 1572 344 1610 Terra
372 1572 533 1611 humore
561 1572 680 1622 plena·
707 1574 776 1621 sit,
823 1585 900 1622 quo
919 1580 1023 1612 'casu
1053 1585 1095 1611 se
1136 1574 1261 1623 ipsam
1291 1579 1475 1612 exonerat
1505 1573 1739 1623 quaudoque
1768 1574 1854 1612 sine

66 1631 168 1683 omui
198 1629 543 1679 configurationum
572 1630 742 1669 stimulo.
807 1632 857 1669 At
886 1633 979 1680 quia
1006 1631 1233 1681 plerumque
1262 1636 1418 1681 praesto
1448 1637 1539 1675 sunt
1566 1633 1749 1682 primarii,
1779 1643 1853 1670 na-

66 1689 152 1726 tu‘ra
190 1688 409 1726 sublunaris
459 1689 510 1726 ab
554 1689 601 1726 iis
648 1689 811 1738 fatigata
857 1700 934 1726 non
984 1690 1100 1727 sentit
1140 1689 1318 1728 stimulos
1354 1689 1427 1727 hos
1465 1691 1645 1728 minores.
1705 1689 1853 1737 Decilis

0 1744 16 1790 ζ’
65 1756 158 1784 vero
189 1752 228 1785 et
257 1745 463 1793 tridecilis,
505 1757 552 1783 ex
582 1746 722 1784 illustri
753 1746 908 1795 quidem
938 1753 1027 1785 sunt
1057 1747 1225 1798 familia,
1264 1747 1466 1785 divisionis
1497 1747 1628 1787 circuli
1659 1748 1852 1795 denariae,

66 1815 166 1854 quae
194 1805 316 1842 utitur
345 1805 591 1854 proportione
611 1804 756 1850 divina,
788 1816 910 1853 genus
941 1810 1069 1843 tamen
1101 1816 1214 1843 suum
1244 1806 1356 1843 factis
1377 1816 1454 1844 non
1474 1804 1715 1845 illustrarunt
1744 1805 1853 1858 (quia

7 1870 17 1878 ⁰
65 1860 104 1899 in
134 1860 259 1900 solido
289 1873 365 1899 non
397 1861 615 1900 omnimode
636 1860 876 1913 congruunt),
907 1875 979 1901 nec
1009 1864 1139 1913 capita
1158 1868 1248 1902 sunt
1265 1863 1447 1911 familiae,
1480 1869 1519 1902 et
1547 1866 1581 1903 si
1613 1864 1706 1914 quid
1736 1866 1854 1903 etiam

66 1924 229 1969 possunt
258 1916 537 1972 (congruentes
567 1920 811 1969 aliquatenus
842 1922 880 1957 in
910 1921 1029 1971 plano
1060 1922 1255 1971 etiamque
1297 1933 1384 1960 cum
1414 1921 1503 1960 aliis
1531 1923 1572 1960 in
1602 1920 1771 1976 solido),
1813 1923 1852 1960 id

7 1977 29 2009 Ἃ
67 1989 179 2016 omne
208 1979 437 2028 praeripitur
466 1979 561 2027 ipsis
604 1979 653 2016 ab
685 1979 936 2028 optimatibus
976 1991 1022 2018 ex
1053 1979 1138 2017 aliis
1169 1979 1345 2027 familiis,
1384 1985 1453 2018 aut
1482 1981 1691 2028 offuscatur
1721 1992 1854 2019 eorum

66 2036 190 2084 gloria
218 2035 421 2085 splendore
453 2036 601 2084 maj0ri.
646 2036 745 2074 Nam
776 2038 808 2074 si
838 2042 977 2074 natura
1006 2048 1075 2086 per
1106 2043 1303 2087 aspectum
1337 2035 1426 2075 30⁰
1446 2040 1540 2077 satis
1568 2039 1643 2077 fuit
1673 2041 1852 2084 exercita,

2 2094 32 2146 ns}
67 2093 185 2132 Terra
213 2095 309 2131 satis
338 2105 406 2143 per
436 2094 544 2131 illum
575 2094 786 2137 exhausta
818 2106 955 2144 parum
986 2095 1212 2144 relinquitur
1242 2096 1416 2145 aspectui
1446 2098 1575 2135 vicino
1608 2095 1697 2136 36⁰
1728 2098 1853 2135 imbe-

67 2150 225 2198 eilliori,
268 2150 372 2200 quod
416 2158 605 2201 operetur.
680 2152 896 2191 Semisexto
942 2153 1108 2202 denique
1151 2154 1205 2191 30
1230 2151 1250 2174 ⁰
1292 2154 1475 2193 nobilitas
1518 2160 1576 2193 est
1620 2155 1855 2205 praecellens

15 2224 37 2257 a
69 2220 115 2247 ex
146 2209 408 2258 dodecagono,
440 2215 478 2247 et
508 2209 632 2247 scibili
666 2216 702 2248 et
722 2222 892 2260 congruo
924 2213 1073 2259 eximie,
1105 2223 1176 2251 nec
1197 2213 1431 2250 connubium
1461 2214 1717 2262 peregrinum,
1749 2212 1855 2261 quod

15 2268 39 2311 Ξ
68 2266 107 2304 in
136 2268 284 2304 musica
313 2256 599 2315 praestruxerst
630 2268 686 2305 illi
717 2268 863 2306 aditum
896 2269 943 2306 ad
965 2269 1145 2317 honores,
1176 2272 1215 2307 in
1246 2269 1525 2319 meteorologia
1556 2270 1749 2310 ullatenus
1781 2271 1854 2308 ob·-

5 2342 37 2380 gt
64 2329 156 2365 stat.
207 2324 313 2362 Post
343 2324 443 2362 hunc
473 2325 766 2374 dodecagonum
797 2339 898 2376 quae
929 2333 1143 2379 sequuntur
1172 2327 1332 2385 figurae,
1363 2333 1442 2365 tam
1474 2330 1511 2365 in
1543 2328 1664 2365 tribus
1696 2330 1853 2366 secretis

13 2377 245 2428 {famulus
285 2383 542 2430 tetragoniea‚
586 2385 796 2432 trigonica,
841 2386 1116 2434 pentagonica‚
1164 2397 1281 2434 quam
1317 2388 1354 2422 in
1391 2387 1558 2423 mixtura
1588 2385 1853 2434 quindenaria,

15 2439 334 2509 {praeterquam
380 2439 483 2488 quod
521 2452 652 2479 omnes
688 2442 769 2490 jam
811 2447 899 2481 sunt
937 2443 1152 2481 nobilitatis
1190 2443 1402 2490 inferioris,
1448 2442 1556 2481 nulla
1593 2445 1708 2481 etiam
1738 2443 1853 2493 plane

22 2493 214 2550 {liabent
243 2498 381 2534 merita
409 2499 563 2547 propria
579 2497 912 2550 (congruentiae),
943 2500 1075 2550 itaque
1095 2501 1183 2550 lege
1206 2502 1375 2539 civitatis
1396 2500 1612 2539 inviolabili
1643 2502 1854 2539 honoribus

35 2559 110 2594 et
138 2560 328 2605 potestate
360 2556 615 2593 constituendi
647 2563 825 2606 aspectus
856 2563 1043 2596 areentur.

7 2632 40 2664 ς,
90 2660 94 2662 p
182 2613 239 2650 Ex
259 2613 320 2650 his
342 2617 502 2662 apparet
531 2613 582 2660 id,
614 2615 717 2663 quod
738 2617 775 2652 in
796 2617 1082 2665 prolegomenis
1103 2615 1398 2666 Ephemeridum
1421 2615 1513 2663 dixi,
1544 2618 1589 2653 in
1619 2621 1851 2665 aspectuum

18 2687 50 2710 π
67 2670 343 2709 constitutione
373 2671 505 2707 valere
533 2682 676 2709 causas
696 2672 872 2711 diversas
892 2686 1113 2723 earumque
1131 2685 1389 2722 concursum,
1421 2679 1458 2711 et
1485 2679 1682 2711 naturam
1708 2674 1854 2712 habere

37 2726 254 2766 detectum
283 2740 435 2774 eorum,
469 2730 540 2775 qui
566 2729 750 2776 pluribus
769 2736 864 2769 aunt
891 2733 1076 2770 instructi
1091 2734 1408 2799 praeroyativss,
1439 2736 1475 2769 et
1493 2733 1697 2770 semisexto
1726 2743 1853 2781 quae-

22 2776 42 2800 s
45 2781 166 2825 dam
199 2786 303 2832 jura
342 2797 418 2823 esse
456 2788 686 2823 communia
726 2799 818 2825 cum
854 2789 1079 2838 quadrato,
1132 2791 1310 2827 nimirum
1357 2788 1622 2827 effabilitatem
1660 2800 1774 2827 areae
1812 2791 1852 2827 in

24 2844 54 2882 ς
73 2841 214 2890 figuram
246 2843 445 2891 quaedam
475 2854 566 2880 cum
595 2844 742 2891 sextili,
788 2857 840 2885 sc.
872 2847 1118 2885 multifariam
1149 2847 1436 2896 congruentiam
1466 2848 1505 2882 in
1535 2846 1676 2895 plan03
1708 2847 1853 2896 quibua

24 2899 218 2950 junctus
247 2902 370 2948 copiis
396 2902 625 2938 semiseoetua
654 2901 938 2949 'quodammodo
964 2908 1166 2953 potentior
1192 2904 1327 2942 evadit
1354 2905 1438 2952 ipso
1467 2904 1618 2954 sextili,
1660 2911 1852 2953 quatenus

32 2956 249 2997 nimirum
280 2958 407 3006 potior
438 2964 495 2996 est
527 2957 837 3005 dodecagonicae
881 2972 993 3000 areae
1024 2963 1230 3001 effabilitas
1260 2961 1485 2999 effabilitate
1515 2962 1647 2999 lateris
1676 2962 1850 3018 hexago—

28 3012 161 3062 nier,
191 3016 283 3063 quia
312 3014 418 3052 illam
446 3017 621 3064 sequitur
641 3016 851 3065 perfectior
893 3020 932 3055 in
961 3019 1080 3068 plano
1112 3018 1372 3068 congruentia.
1432 3019 1517 3057 Etsi
1547 3019 1622 3058 hoc
1649 3019 1753 3059 libro
1779 3015 1850 3059 IV.

43 3072 318 3110 semisextum
349 3083 422 3121 ego
442 3074 562 3122 sequi
587 3074 688 3122 jussi
715 3073 903 3124 sextilem,
932 3076 1002 3115 sed
1031 3077 1168 3117 eodem
1196 3080 1235 3115 in
1265 3074 1400 3126 gradu.
