1994 3276
88 116 171 156 236
644 111 700 147 De
728 109 1080 155 configurationibus
1105 112 1343 149 Harmonicis.

85 231 127 267 fit
149 230 212 266 ille
240 230 319 275 ipse
345 228 638 274 configurationis
664 228 827 273 angulus.
878 227 977 272 Quas
995 225 1098 264 >inter
1120 230 1256 273 figuras
1282 230 1462 275 quodnam
1488 232 1535 267 sit
1560 233 1768 281 discrimen,
1800 247 1891 284 quae

87 283 246 320 vicissim
271 282 461 329 cognatio,
494 291 539 316 cx
563 281 665 317 hisce
691 281 952 326 schematibus,
987 292 1081 328 quae
1111 282 1195 318 hinc
1220 283 1345 319 ordine
1378 293 1417 318 se
1454 289 1578 321 mutuo
1610 294 1894 333 consequuntur,

85 338 131 373 ad
157 337 298 372 oculum
321 337 433 380 patet.
481 334 574 370 Bina
598 344 754 379 namque
783 332 969 370 schemata
999 340 1084 371 sunt
1108 333 1409 374 ἀντιπεπονθοτὸι,
1441 336 1594 381 primum
1626 339 1800 376 diameter
1823 343 1893 379 sibi

264 413 330 444 mg·
349 410 394 438 2⁴.
572 388 661 434 ipsi,
687 399 751 424 seu
775 389 913 424 bisecet
938 389 1108 424 circulum
1135 389 1243 424 ducta
1266 399 1331 433 per
1355 392 1528 434 centrum,
1554 401 1618 426 seu
1641 397 1785 439 tangat,
1811 404 1892 430 cum

576 441 646 477 duo
669 441 760 476 radii
791 452 858 486 pro
883 442 1016 486 angulo
1051 441 1142 477 duos
1173 446 1292 476 rectos
1318 451 1382 476 seu
1406 441 1527 485 potius
1555 444 1726 488 angulum
1753 447 1893 483 nullum

536 519 537 522 η
576 493 732 538 faciunt,
756 494 793 529 iu
816 494 950 530 lineam
974 505 1082 529 unam
1105 499 1242 530 rectam
1267 494 1432 529 ordinati.
1481 494 1580 530 Idem
1601 498 1830 541 cogitandum
1848 500 1893 535 de

575 547 828 592 conjunctione
852 544 906 595 (b
940 548 996 583 vel
1026 543 1079 595 Ox)
1103 546 1338 591 planetarum,
1365 557 1458 591 quae
1473 547 1668 594 improprie
1693 550 1893 597 configura-

573 601 625 636 tio
651 601 790 637 dicitur.
837 601 930 636 Nam
954 600 983 635 si
1010 600 1081 635 duo
1106 599 1274 645 planetae
1290 600 1426 636 fuerint
1447 601 1514 637 sub
1531 603 1657 638 eodem
1674 610 1808 649 puncto
1833 616 1892 641 zo-

575 653 678 698 diaci,
703 658 791 689 tunc
814 653 851 688 in
867 658 992 689 centro
1005 652 1159 697 angulus
1172 653 1293 689 nullus
1306 657 1371 695 est,
1395 654 1431 688 in
1449 655 1738 694 circumferentia
1761 658 1893 694 infiniti

575 712 612 742 et
641 707 756 742 latera
779 706 916 752 figurae
941 710 1025 742 sunt
1048 710 1199 751 puncta;
1228 706 1382 743 circulus
1407 708 1545 744 scilicet
1569 715 1625 745 est
1647 711 1760 747 veluti
1778 711 1894 759 figura

570 759 833 805 infinitangula.
881 760 981 795 Haec
1010 759 1246 804 configuratio
1269 771 1342 795 non
1371 760 1497 797 habuit
1523 773 1616 808 opus
1643 770 1892 809 repraesenta-

571 815 670 850 tione
695 812 842 849 oculari.

690 865 830 902 Deinde
854 868 1067 908 tetragonus
1093 865 1199 899 etiam
1226 865 1292 900 sibi
1316 866 1385 912 ipsi
1405 865 1649 914 ἆντωτεπονθε,
1674 871 1758 916 quia
1782 882 1893 918 angu-

574 920 649 964 lus,
674 929 781 964 quem
807 918 877 953 duo
900 918 1015 952 latera
1038 917 1194 952 formant
1222 917 1259 953 in
1293 919 1595 966 circumferentia,
1632 927 1808 970 aequatur
1832 935 1893 959 an-

575 973 660 1018 gulo
685 973 722 1007 in
747 975 890 1015 centro,
923 980 1030 1016 quem
1055 970 1240 1005 subtendit
1269 982 1380 1007 unum
1414 972 1523 1009 latus.
1571 975 1629 1010 Ex
1663 986 1705 1011 eo
1729 977 1899 1022 trigonus

574 1028 775 1070 hexagono,
800 1028 1028 1070 pentagonus
1055 1023 1181 1058 stellae
1205 1024 1516 1070 quinquangulae,
1541 1031 1740 1072 octogonus
1766 1030 1893 1066 stellae

574 1079 807 1123 octangulae,
846 1077 1050 1121 decagonus
1083 1076 1209 1125 stellae
1241 1075 1480 1123 decangulae‚
1519 1079 1772 1124 dodecagonus
1807 1082 1893 1118 duo-

576 1131 798 1177 decangulae
823 1129 1138 1174 ἀντιπεπονθασιν;
1172 1133 1213 1164 ut
1237 1129 1266 1164 si
1291 1130 1397 1166 unius
1422 1141 1467 1166 ex
1492 1132 1598 1169 sociis
1624 1134 1746 1178 anguli
1769 1145 1894 1171 omnes

572 1185 736 1230 inscripti
761 1187 846 1219 sunt
870 1183 907 1217 in
933 1180 1268 1225 circumferentiam,
1294 1182 1388 1218 latus
1407 1183 1485 1228 ejus
1510 1185 1695 1221 subtendit
1713 1188 1893 1234 angulum,

571 1237 701 1283 reliqui
733 1246 845 1272 unum
877 1235 913 1270 in
947 1239 1070 1273 centro
1095 1234 1321 1270 collocatum.
1373 1236 1504 1272 Centra
1528 1243 1648 1273 autem
1678 1239 1894 1276 circulorum

574 1291 732 1327 omnium
757 1289 974 1324 adumbrant
997 1287 1161 1329 Terram,
1199 1286 1297 1323 velut
1320 1288 1357 1323 in
1380 1290 1497 1326 medio
1523 1292 1642 1334 sitam
1678 1294 1800 1330 circuli
1825 1294 1893 1339 ipsi

571 1344 629 1379 vel
653 1343 858 1386 zodiacum,
885 1351 930 1375 ex
955 1340 1067 1375 Terra
1091 1339 1341 1386 imaginatum,
1366 1349 1657 1390 repraesentant,
1688 1346 1747 1382 vel
1771 1357 1892 1391 quem-

572 1407 714 1441 cunque
740 1395 848 1431 alium
874 1393 1046 1429 circulum
1071 1391 1218 1428 zodiaco
1236 1394 1519 1442 subordinatum,
1545 1398 1805 1435 metiendorum
1831 1411 1891 1435 an-

86 1451 252 1496 gulorum
277 1461 388 1487 causa
410 1450 669 1496 imaginatum
694 1449 821 1495 quales
847 1445 970 1483 circuli
994 1449 1175 1490 potestate
1201 1451 1287 1483 sunt
1311 1449 1452 1485 animae
1474 1450 1594 1495 ipsae,
1629 1461 1723 1496 quac
1747 1463 1892 1488 moven-

85 1510 143 1540 tur
166 1503 390 1550 aspectibus,
416 1504 539 1540 circuli
564 1503 642 1539 scil.
669 1503 714 1538 ab
739 1502 819 1546 ipsa
841 1499 954 1535 veluti
977 1498 1176 1543 quantitate
1202 1499 1377 1537 abstracti
1403 1501 1513 1547 inque
1536 1504 1660 1549 puncti
1687 1505 1888 1550 qualitativi

85 1560 121 1591 et
143 1555 330 1601 plagarum
355 1558 500 1602 capacis
527 1557 713 1601 angustias
739 1554 886 1591 redacti⁴

198 1621 309 1657 Posui
333 1627 452 1658 autem
476 1621 599 1658 stellas
625 1621 713 1657 duas
739 1621 922 1658 radiantes
949 1626 1051 1658 extra
1074 1623 1170 1658 hunc
1195 1620 1379 1665 circulum,
1417 1621 1525 1656 alium
1551 1622 1622 1658 alia
1646 1622 1824 1671 altiorem,
1850 1629 1891 1660 ut

85 1673 220 1708 oculari
243 1675 579 1719 repraesentatione
605 1685 800 1717 monerem⁷
825 1675 914 1713 nihil
939 1675 1076 1711 referre
1102 1675 1146 1711 ad
1172 1674 1491 1718 configurationem
1515 1676 1552 1711 iu
1577 1675 1700 1719 Terra,
1726 1676 1820 1713 altus
1845 1687 1890 1712 an

82 1725 228 1762 humilis
252 1727 400 1772 planeta
425 1727 472 1762 sit
494 1729 531 1762 in
556 1727 670 1767 coelo,
697 1733 732 1763 et
758 1739 867 1774 posse
891 1740 1003 1765 unum
1028 1730 1100 1764 alio
1125 1727 1246 1763 multis
1271 1727 1408 1763 vicibus
1426 1737 1506 1764 esse
1523 1727 1698 1774 altiorem,
1723 1734 1891 1766 manente

85 1779 210 1814 eadem
235 1780 520 1825 configuratione
544 1781 581 1816 in
605 1781 729 1816 Terra.

202 1845 333 1889 Porro,
367 1845 464 1889 quod
488 1845 524 1880 in
550 1845 730 1881 axiomate
755 1846 872 1890 primo
897 1857 967 1881 vox
992 1856 1194 1889 congrua
1223 1845 1425 1890 praecedit,
1462 1845 1500 1880 in
1525 1846 1683 1881 secundo
1713 1855 1783 1880 vox
1808 1846 1890 1882 sci-

83 1896 214 1941 bilis,
239 1896 277 1931 id
300 1907 375 1931 non
398 1896 558 1937 fortuito,
585 1897 649 1933 sed
675 1899 795 1934 studio
821 1899 955 1934 factum
982 1903 1048 1935 est.
1099 1899 1191 1934 Nam
1215 1898 1311 1943 quod
1329 1897 1459 1943 aliquis
1477 1903 1653 1943 aspectus‘
1671 1902 1726 1933 est
1746 1897 1888 1947 efficax,

82 1949 119 1984 in
145 1959 255 1985 causa
279 1954 335 1984 est
361 1953 512 1994 utraque
537 1949 666 1993 figura,
691 1955 765 1985 tam
789 1951 854 1987 illa
878 1962 971 1996 quae
995 1952 1171 1996 inscript-a
1195 1956 1252 1986 est
1275 1951 1313 1986 in
1329 1950 1661 1992 circumferentiam,
1686 1960 1792 1995 quam
1817 1950 1888 1991 illa,

84 2002 187 2047 cujus
212 2012 304 2037 unus
330 2001 482 2045 angulus
508 2002 684 2038 formatur
717 2013 783 2047 per
807 2003 929 2038 radios
953 2004 990 2038 in
1017 2007 1155 2046 centro,
1189 2007 1343 2047 utraque
1374 2008 1446 2038 tam
1478 2007 1626 2048 propter
1650 2002 1888 2049 scibilitatem‚

84 2066 192 2100 quam
215 2060 366 2100 proptor
390 2055 682 2100 congruentiam,
718 2067 788 2091 non
813 2055 850 2091 id
872 2060 991 2091 tamen
1018 2055 1228 2100 aequaliter.
1277 2056 1376 2100 Quae
1402 2054 1520 2090 omnia
1549 2055 1710 2099 indigent
1733 2055 1888 2099 explica-

83 2108 181 2144 tione
206 2108 314 2153 paulo
339 2107 545 2152 prolixiori,
585 2118 678 2151 quae
703 2117 767 2141 cur
790 2111 865 2142 tam
891 2108 938 2142 sit
963 2107 1125 2152 spinosa,
1161 2118 1270 2143 causa
1295 2111 1350 2142 est
1373 2107 1498 2151 unica,
1523 2111 1565 2141 ut
1589 2112 1800 2152 aspectuum
1825 2118 1890 2141 nu-

84 2170 204 2196 merus
236 2160 496 2206 philosophicis
528 2159 727 2195 rationibus
762 2160 889 2204 minui,
927 2159 982 2195 vel
1017 2159 1144 2194 saltem
1176 2160 1213 2194 in
1246 2159 1379 2204 gradus
1405 2164 1523 2195 certos
1557 2159 1728 2204 distingui
1761 2159 1890 2205 possit.

85 2212 176 2248 Nam
203 2214 233 2249 si
258 2213 304 2248 ad
329 2213 481 2248 usitatos
514 2216 597 2247 octo
629 2216 786 2256 quatuor
818 2211 969 2256 iusuper
993 2211 1181 2246 admittere
1208 2211 1402 2246 voluissem
1438 2212 1515 2246 sine
1547 2212 1643 2246 omni
1677 2212 1890 2257 discrimine,

85 2266 263 2311 potuisset
287 2267 378 2301 haec
402 2265 601 2310 disputatio
627 2275 749 2300 carere
776 2263 914 2307 aliquot
940 2262 1175 2308 sequentibus
1199 2263 1302 2308 quasi
1318 2263 1636 2309 propositionibus,
1661 2265 1796 2309 quippe
1812 2270 1890 2300 tan-

41 2345 43 2347 ·
91 2323 167 2356 tum
191 2320 227 2355 in
254 2319 524 2365 comparatione
549 2318 745 2362 occupatis.

260 949 327 981 1⁷¹1ss-
346 946 393 975 25.

203 2381 508 2431 Propositio
538 2379 571 2418 1.
632 2378 762 2428 Major
803 2382 862 2415 est
902 2377 1160 2416 radiationum
1202 2379 1383 2427 cognatio
1426 2389 1512 2415 cum
1544 2378 1686 2416 circulo
1728 2379 1890 2429 eJusque
1934 2360 1935 2363 Ἴ
1992 2414 1994 2421 ,

87 2440 272 2487 arcubus,
305 2451 422 2490 quam
457 2443 541 2478 erat
572 2437 924 2477 consonantiarum.

203 2506 315 2551 Cujus
341 2506 577 2541 fundamenta
601 2504 691 2540 libro
713 2503 776 2538 III.
803 2502 1000 2548 praemissa
1024 2499 1125 2545 sunt,
1161 2501 1197 2536 id
1217 2502 1294 2546 jam
1317 2501 1353 2536 iu
1378 2501 1508 2537 librum
1534 2502 1595 2537 IV.
1622 2502 1748 2538 merito
1773 2507 1889 2538 trans-

86 2565 289 2596 sumeretur
311 2564 353 2595 nt
378 2559 539 2599 axioma;
577 2558 752 2603 probatur
775 2561 892 2590 tamen
921 2556 982 2591 sic.
1036 2556 1070 2598 1)
1097 2555 1362 2590 Consonantiae
1388 2560 1471 2590 sunt
1496 2565 1677 2599 sonorum,
1703 2555 1782 2590 soni
1807 2565 1889 2590 con-

610 2610 742 2645 sistunt
766 2608 800 2642 in
826 2608 995 2650 motibus,
1021 2607 1235 2652 illorumque
1261 2607 1421 2642 acumina
1456 2612 1492 2642 et
1517 2606 1724 2651 gravitates,
1759 2606 1889 2652 quibus

260 2638 350 2709 (51⁸⁸
372 2637 415 2663 26.
610 2661 865 2697 consonantiae
891 2660 1156 2705 exprimuntur,
1195 2659 1358 2693 oriuntur
1391 2670 1412 2693 a
1435 2659 1620 2695 celeritate
1653 2657 1691 2692 et
1721 2658 1890 2694 tarditate

187 2709 259 2765 s
299 2709 331 2759 ,s
609 2719 780 2750 motuum,
805 2724 871 2758 per
895 2713 1139 2748 demonstrata
1163 2711 1243 2746 libri
1268 2711 1332 2746 III.
1382 2713 1493 2756 Atqui
1527 2713 1667 2747 sonitus
1692 2711 1828 2747 celeres
1853 2715 1890 2746 et

182 2768 185 2772 ’
242 2769 293 2848 s
609 2766 704 2802 tardi
730 2763 923 2800 eliciuntur
954 2776 998 2799 ex
1022 2764 1136 2800 tensis
1168 2764 1344 2810 pulsatis,
1377 2775 1450 2798 non
1481 2768 1620 2799 tantum
1651 2764 1682 2799 si
1705 2764 1888 2799 circularis

147 2774 180 2867 f
610 2820 657 2856 sit
681 2818 816 2860 tensio,
853 2818 916 2853 sed
943 2818 1051 2852 etiam
1082 2821 1118 2852 et
1140 2817 1253 2852 multo
1279 2817 1392 2860 magis
1423 2817 1454 2852 si
1485 2817 1680 2852 rectilinea.
1728 2817 1811 2852 Non
1834 2827 1889 2852 re·

146 2870 163 2951 X
210 2849 242 2899 s
611 2871 770 2917 spiciunt
794 2869 902 2913 igitur
926 2869 1181 2905 consonantiae
1202 2869 1404 2906 immediate
1420 2869 1591 2905 circulum
1617 2868 1766 2912 ejusque
1783 2874 1888 2904 arcus

176 2904 220 2968 Α
407 2916 472 2968 Χ
609 2933 719 2965 causa
745 2932 831 2957 suae
854 2921 992 2965 figurae
1018 2921 1211 2966 circularis,
1238 2923 1302 2957 sed
1325 2932 1433 2957 causa
1458 2921 1693 2964 longitudinis
1719 2921 1887 2964 partium,

460 3001 474 3015 s
532 3005 558 3026 ὴ
608 2974 852 3020 proportionis
878 2984 925 3008 sc.
952 2973 1094 3008 illarum
1125 2980 1270 3010 mutuae
1303 2974 1526 3016 habentque,
1559 2972 1656 3015 quod
1679 2973 1833 3015 habent,
1866 2981 1888 3006 a

222 3016 459 3066 “kens
608 3027 761 3071 circulo,
798 3026 904 3060 etiam
929 3030 1034 3069 tunc,
1067 3026 1098 3060 si
1121 3027 1275 3062 circulus
1300 3027 1503 3062 destructus
1534 3024 1643 3068 inque
1667 3029 1803 3060 rectum
1828 3034 1889 3059 ex-

608 3084 732 3115 tensus
757 3083 824 3115 est.
873 3078 1053 3122 Aspectus
1079 3084 1203 3114 contra
1227 3088 1292 3123 per
1317 3078 1559 3115 definitionem
1588 3079 1617 3114 1.
1644 3075 1886 3135 suntanguli,
