1994 3276
5 2463 12 2479 ,v
0 2296 13 2413 »xxv-mr*
0 2231 2 2234 ⁷
0 2169 15 2196 ;’
0 2126 3 2132 ·

4 2876 27 2902 ³:ss
0 2748 22 2870 „1-,022'4‘2
0 2562 24 2743 §sffffl‘ss’ss'z
0 2543 12 2558 ς

871 127 1059 175 ΔΝῙθείδ·
1188 158 1191 169 «
1781 131 1863 170 417

76 251 298 302 mgni&
325 251 444 291 etiam
485 253 611 289 ortum
640 247 902 295 harmonica,
939 248 980 285 in
1010 258 1088 297 quo
1132 257 1207 298 ego
1234 246 1320 287 solo
1356 245 1411 284 sui
1453 250 1684 297 occupatus,
1725 245 1798 286 abs
1826 251 1866 286 te

77 310 273 406 'roffi
293 362 527 417 A'ualysin
557 363 628 404 IV.
689 362 895 404 Satisfacio
925 363 996 402 tibi
1026 374 1104 402 uno
1124 362 1265 402 verbo:
1301 373 1569 416 comparamus
1599 363 1663 403 vel
1693 363 1743 403 ad
1765 375 1862 404 con-

76 434 234 464 sensum
273 424 337 464 vel
377 423 428 463 ad
467 423 670 462 discrimen
706 420 965 460 iudicandum.
978 417 1038 470 ⁸²)
1103 420 1224 460 Recte
1263 421 1381 471 igitur
1418 426 1487 460 tua
1519 416 1600 471 *ego
1641 433 1727 461 cum
1768 424 1865 462 meis

81 483 241 530 contuli,
269 488 316 521 ut
345 484 462 522 sciret
489 481 761 528 lector·meus,
790 478 880 530 plus
908 480 1096 519 interesse
1125 478 1462 527 dissimilitudinis,
1496 490 1612 529 quam
1644 490 1866 522 consensus.

78 539 125 579 Iu
153 541 284 580 verbis
313 551 407 580 vero
437 539 532 590 quid
561 541 700 578 attinet
729 537 894 577 ludere?
953 536 1205 576 Artificialem
1236 542 1342 576 tuam
1370 539 1557 576 musicam
1589 537 1668 576 dixi
1699 550 1746 578 ex
1765 539 1865 578 libro

79 603 185 647 tuo„
209 609 305 637 nam
328 603 372 637 tu
401 597 619 636 naturalem
657 597 708 635 ab
735 595 929 635 artificiali
960 594 1169 646 distinguis
1209 605 1314 634 more
1352 600 1434 634 tuo.
1493 595 1591 633 Mihi
1629 596 1778 635 nullum
1809 601 1868 636 est

78 655 294 707 legitimum
321 667 395 696 nee
425 655 576 694 auditui
607 659 807 705 acceptum
835 654 1003 693 musices
1033 653 1248 702 artificium,
1280 653 1384 704 quod
1416 659 1521 692 caret
1550 653 1811 694 fundamentis
1841 667 1866 694 a

78 720 227 754 natura*
245 715 480 754 monstratis.
538 713 665 764 Igitur
704 714 820 751 etiam
863 717 957 751 tune
985 723 1111 751 rerum
1141 711 1375 751 naturalium
1415 713 1546 763 aperio
1578 723 1738 763 causas,
1776 724 1864 752 cum

60 772 130 831 ¹de
157 774 308 823 origine
335 774 501 811 musices
531 770 741 810 artificialis
770 769 938 821 disputo.

193 830 252 869 Eu
282 842 377 870 vero
399 828 602 869 'difficilem
630 834 669 868 te
699 829 907 877 hominem,
938 839 1008 879 per
1037 839 1154 878 quem
1183 827 1277 866 mihi
1306 839 1355 866 ne
1387 827 1563 866 modesto
1594 827 1750 878 quidem
1782 841 1867 869 esse

86 887 177 927 lieet
189 885 273 942 ⁸⁸);
303 890 561 939 suspiciosum
591 898 705 935 vero,
739 888 804 937 qui
835 887 957 926 verba
986 886 1139 936 singula
1166 892 1325 936 torques
1345 887 1383 923 in
1406 886 1649 925 contrarium.
1710 886 1867 938 Scripsi,

79 957 144 985 me
172 958 302 997 pauca
337 946 385 986 de
416 947 581 984 musices
611 945 878 984 inventoribus
914 943 1084 994 tradere3
1123 944 1282 983 hoccine
1320 950 1377 983 est
1414 945 1454 981 in
1484 949 1522 983 te
1562 944 1867 995 superfluitatem

82 1014 266 1056 arguere,
307 1016 420 1044 anne·
438 1006 563 1054 magis
592 1003 798 1051 lectorem,
835 1002 885 1042 de
913 1002 1180 1041 inventoribus
1209 1007 1472 1053 satagentem,
1503 1001 1553 1041 ad
1584 1007 1622 1042 te
1654 1002 1867 1054 ablegare?

160 1086 165 1091 -
198 1062 269 1101 Ad
299 1062 543 1114 Aualysiu
573 1062 624 1100 V.
684 1062 746 1100 De
775 1061 1013 1111 temporibus
1049 1060 1099 1100 ad
1129 1062 1316 1100 musicam
1360 1059 1600 1100 artificialem
1638 1063 1868 1101 necessariis

78 1119 199 1159 laudo
227 1120 580 1173 philosophantem.
640 1119 771 1170 Digna
800 1124 930 1158 tamen
961 1121 1125 1158 occurrit
1155 1120 1346 1169 quaestio,
1376 1119 1416 1157 in
1443 1130 1521 1168 qua
1551 1118 1614 1157 hic
1644 1126 1868 1159 exerceatur

80 1177 214 1217 lector.
271 1178 394 1218 Recte
422 1190 537 1226 saue,
568 1178 759 1225 Roberte,
790 1189 927 1216 sonum
958 1176 1092 1216 definis
1122 1189 1191 1227 per
1220 1182 1385 1224 motum,
1427 1188 1498 1216 nec
1528 1189 1553 1215 a
1580 1181 1688 1216 motu
1719 1179 1864 1229 pateris

79 1236 232 1286 seiungi
261 1241 423 1288 tempus.
484 1235 700 1286 Diligenter
736 1235 813 1275 hoc
841 1240 932 1275 sunt
961 1236 1155 1285 prosecuti
1187 1234 1434 1274 Ptolemaeus
1471 1234 1634 1286 ejusque
1668 1247 1867 1276 commen-

79 1299 183 1333 tator
210 1293 459 1346 Porphyrius.
519 1294 684 1333 Duobus
714 1294 832 1344 igitur
860 1294 1082 1333 nominibus
1111 1298 1264 1345 tempus
1294 1293 1406 1332 adest
1434 1294 1637 1342 sonitibus,
1668 1296 1793 1344 primo
1824 1300 1869 1334 ut

81 1354 288 1391 essentiam
318 1353 459 1391 format
487 1363 683 1400 sonorum,
713 1362 783 1390 seu
814 1352 1048 1391 differentias
1078 1362 1197 1391 causa
1216 1353 1421 1402 gravitatis
1452 1357 1491 1390 et
1515 1353 1715 1401 acuminis,
1748 1352 1869 1392 altero

79 1415 127 1448 ut
150 1410 233 1460 iam
261 1410 436 1449 formatis
467 1411 704 1450 extrinsecus
734 1409 875 1448 accidit
904 1414 949 1448 ut
976 1421 1170 1451 mensura.
1232 1409 1383 1449 Graves
1403 1411 1487 1448 soni
1519 1415 1704 1450 tremores
1723 1410 1870 1451 habent

81 1467 280 1518 mores,
311 1470 416 1508 acuti
447 1469 662 1508 celeriores.
723 1467 843 1507 Verbi
874 1479 1012 1516 causa,
1052 1469 1085 1506 si
1115 1469 1165 1507 sit
1193 1469 1437 1518 propositum
1466 1473 1638 1518 tempus,
1681 1476 1870 1519 quantum

61 1530 143 1573 rest
169 1527 270 1565 inter
297 1527 470 1578 systolen
501 1532 540 1566 et
571 1525 763 1565 diastolen
792 1526 930 1577 pulsus
959 1526 1138 1573 humani,
1176 1526 1379 1577 pulsentur
1401 1525 1510 1565 duae
1541 1525 1729 1575 chordae,
1768 1539 1870 1578 quae

63 1581 272 1635 'diapason
302 1585 469 1633 faciunt,
493 1589 728 1634 trematque
758 1585 859 1622 intra
886 1585 1159 1634 praestitutum
1191 1586 1374 1635 temporis
1405 1586 1573 1634 spatium
1613 1584 1756 1624 chorda
1787 1586 1867 1635 illa,

83 1653 185 1691 quae
215 1653 374 1692 gravem
402 1653 540 1682 sonum
571 1643 730 1688 emittit,
774 1647 911 1680 tremat
941 1643 1100 1692 iuquam
1133 1643 1187 1680 50
1218 1642 1539 1690 vibratiunculas,
1578 1648 1715 1682 tremet
1746 1642 1871 1682 altera

85 1700 188 1749 100,
227 1710 328 1750 quae
364 1698 514 1739 scilicet
549 1706 704 1739 acutum
748 1704 946 1740 consonat.
1015 1699 1129 1738 Hanc
1165 1700 1469 1750 speculationem
1507 1701 1618 1751 attigi
1657 1701 1756 1740 libro
1795 1701 1869 1740 ΠΙ.

80 1756 175 1795 folio
210 1759 302 1796 13⁷.
333 1760 373 1796 in
403 1760 664 1810 experimento
694 1758 873 1797 mirabili.
934 1756 1068 1806 Vides,
1099 1757 1282 1806 Roberte,
1314 1757 1580 1808 deceptionem
1611 1758 1675 1798 hic
1706 1759 1753 1798 ex
1784 1771 1870 1798 am-

82 1815 271 1865 biguitate
301 1818 408 1855 vocis
443 1818 645 1866 „tempus“
679 1826 838 1855 causam
867 1815 940 1854 tibi
970 1815 1090 1854 fuisse
1119 1816 1295 1854 mirandi.
1357 1815 1504 1865 Quodsi
1543 1828 1620 1855 non
1651 1819 1868 1868 attigissem

82 1872 182 1912 banc
211 1875 373 1924 primam
402 1874 748 1914 considerationem
779 1875 974 1925 temporis,
1006 1875 1221 1924 potuissem
1246 1874 1435 1923 excipere,
1465 1886 1526 1913 me
1545 1873 1646 1913 hanc
1677 1887 1763 1914 cum
1784 1877 1870 1928 ipsa

83 1942 268 1970 sonorum
305 1931 522 1972 differentia
558 1933 597 1970 in
641 1932 818 1971 acumine
861 1937 899 1970 et
938 1933 1132 1981 gravitate
1172 1933 1437 1983 supposuisse.
1497 1932 1558 1972 De
1588 1932 1712 1973 altero
1751 1935 1871 1984 igitur

83 1994 289 2039 respectu,
315 2001 394 2039 quo
423 1997 574 2041 tempus
605 1995 664 2028 est
695 1992 910 2029 extrinseca
938 2001 1119 2028 mensura
1148 2001 1352 2039 sonorum,
1382 1989 1557 2040 loquitur
1588 1996 1717 2030 textus
1746 2004 1867 2041 meus,

81 2046 254 2097 loquitur
282 2050 399 2087 etiam
429 2053 531 2097 tuus,
565 2060 681 2098 quem
711 2059 907 2100 comparo.
967 2047 1041 2086 Illo
1072 2050 1172 2087 enim
1203 2052 1402 2098 respectu·
1418 2059 1494 2086 uon
1526 2054 1585 2087 est
1601 2050 1869 2099 (arbitrarium

83 2109 246 2156 ternpus,
277 2105 344 2144 sed
375 2105 559 2146 adhaeret
589 2106 773 2156 gravitati
803 2105 867 2144 vel
898 2106 1063 2144 acumini
1094 2107 1323 2154 necessario,
1355 2109 1397 2144 at
1415 2105 1491 2145 hoc
1511 2112 1688 2158 respectu
1710 2109 1867 2147 omnino

84 2167 145 2200 est
185 2163 428 2202 arbitrarium
445 2193 455 2213 ‚
496 2175 574 2214 quo
617 2165 773 2203 nomine
811 2165 911 2202 iuter
941 2168 1088 2202 ceteras
1119 2176 1257 2203 causas
1294 2165 1443 2203 musica
1473 2164 1684 2203 artificialis
1718 2165 1868 2204 dicitur.

85 2219 283 2268 Quantum
313 2223 416 2260 enim
443 2223 484 2260 in
513 2234 554 2261 re
585 2222 760 2271 qualibet
790 2222 891 2261 inest
920 2233 968 2260 ex
998 2222 1155 2261 arbitrio
1177 2221 1345 2270 artificis,
1376 2226 1501 2260 totum
1524 2222 1620 2261 illud
1650 2224 1721 2261 arti
1742 2227 1870 2262 traus-

84 2278 273 2326 scribitur,
304 2284 491 2328 quantum
521 2291 615 2318 vero
646 2291 709 2317 ars
738 2284 915 2317 naturam
944 2280 1117 2318 imitatur
1147 2280 1383 2330 arbitrioque
1414 2291 1486 2318 suo
1529 2280 1637 2330 leges
1667 2282 1754 2330 ipsa
1783 2282 1868 2330 sert,

86 2339 235 2374 tantum
264 2342 439 2375 censetur
473 2339 513 2375 in
546 2337 708 2376 artificio
744 2338 931 2376 bonitatis
968 2339 1106 2376 inesse.
1166 2337 1286 2376 Verbi
1317 2349 1455 2386 causa,
1496 2338 1634 2376 breves
1675 2350 1792 2377 sonos
1828 2341 1869 2377 in

90 2394 269 2432 omnibus
300 2399 436 2433 cantus
465 2395 616 2445 figurati
648 2396 811 2434 vocibus
842 2399 1011 2433 statuere
1040 2400 1168 2446 potest
1199 2395 1357 2443 artisex3
1397 2396 1430 2433 si
1465 2400 1595 2441 tamen
1631 2389 1748 2435 basso
1776 2396 1866 2435 lou-

88 2462 158 2500 gas
188 2452 452 2491 accommodat
481 2464 691 2501 mensuras,
723 2452 900 2491 discauto
932 2453 1091 2501 breves,
1124 2452 1187 2491 hic
1217 2457 1394 2490 naturam
1425 2452 1490 2491 ille
1521 2457 1694 2503 spectat,
1725 2466 1865 2504 graves

89 2510 193 2559 enim
219 2520 336 2548 sonos
367 2509 532 2548 diximus
562 2512 678 2549 etiam
707 2511 745 2547 in
778 2511 967 2549 esseutiae
988 2521 1082 2549 suae
1112 2511 1339 2549 formatione
1364 2509 1491 2560 longis
1512 2511 1749 2561 temporibus
1781 2524 1868 2553 esse

90 2570 285 2616 cognatos,
317 2572 451 2606 acutos
481 2568 684 2617 brevibus3
724 2573 765 2607 at
795 2569 829 2606 si
860 2579 881 2607 e
911 2569 1101 2607 contrario
1132 2568 1289 2607 bassum
1323 2568 1556 2619 quandoque
1591 2569 1704 2618 jubet
1735 2570 1868 2608 brevi-

89 2623 163 2662 bus
192 2626 379 2663 mensuris
409 2626 738 2674 circumvolitare,
778 2625 1063 2664 condimentum
1091 2626 1333 2665 machinatur
1361 2626 1726 2675 extraordinarium,
1770 2639 1866 2667 con-

93 2681 180 2719 silio
210 2693 304 2720 usus
334 2692 382 2721 ex
411 2684 506 2720 artis
534 2694 627 2721 suae
655 2683 827 2722 flosculis
867 2684 1144 2733 arbitrariaque
1180 2684 1337 2723 licentia
1377 2684 1565 2723 desumto.
1624 2684 1752 2735 Tetigi
1792 2686 1868 2726 hoc

93 2749 175 2789 cap.
212 2740 275 2776 16.
306 2739 371 2778 fol.
407 2740 486 2779 193
518 2741 556 2776 in
587 2739 840 2779 alternatione
870 2743 1218 2780 consonantiarum.

206 2795 315 2845 Quae
345 2797 412 2835 uhi
441 2802 483 2834 tu
511 2797 768 2846 perpenderis,
798 2799 966 2837 mirabor
995 2799 1192 2849 equidem,
1234 2800 1266 2836 si
1298 2798 1390 2848 quid
1423 2800 1682 2838 excusationis
1712 2801 1869 2852 insuper

93 2853 226 2892 afferre
254 2856 393 2904 possis,
423 2865 491 2892 cur
518 2854 594 2892 fine
622 2853 739 2903 hujus
768 2855 973 2905 analyseos
1003 2859 1218 2907 negaveris,
1250 2861 1475 2904 temporum
1507 2856 1767 2896 dimensiones
1795 2870 1867 2898 va·

6 2910 28 2968 ’ἶ
91 2913 176 2949 '⁶⁰⁸
202 2913 248 2949 ’Ἃ
277 2911 524 2961 lfflyiffldim
550 2916 587 2950 ct
615 2911 803 2950 brevitate
831 2924 908 2951 esse
936 2914 1187 2953 arbitrariae.
1247 2913 1345 2951 Nam
1386 2913 1434 2952 de
1463 2913 1538 2953 hoc
1567 2915 1651 2965 ipso
1686 2921 1864 2966 respectu

93 2970 297 3018 temporis,
327 2974 371 3006 ut
399 2980 600 3018 mensura,
629 2967 810 3018 loqueris,

138 3040 140 3042 ·
208 3025 403 3076 Quantum
441 3027 557 3077 igitur
595 3027 733 3065 attinet
770 3027 872 3065 bunc
907 3031 1124 3080 'respectum
1164 3029 1367 3078 temporie,
1415 3040 1491 3078 quo
1528 3034 1702 3081 tempora
1738 3035 1865 3082 potius

166 3097 290 3132 Keplerl
309 3098 409 3132 Opera
425 3098 461 3125 V.
1605 3099 1657 3138 27
