1988 3276
119 106 171 146 66
628 102 816 148 Epistolae
839 102 986 148 Kepleri
1011 102 1231 148 aliorumque
1255 107 1400 139 mutuae

118 219 247 265 stolus),
272 230 386 253 sumus
409 223 442 252 et
465 229 635 252 movemur
659 223 692 251 et
713 229 815 258 genus
837 222 943 262 ipsius
968 231 1090 254 sumus.
1137 222 1221 262 Ergo
1247 224 1281 254 et
1303 221 1394 254 Deus
1419 230 1547 263 sumus,
1581 221 1662 262 quid
1687 221 1774 253 enim
1798 223 1848 253 est
1869 222 1907 252 in

118 268 200 310 Deo,
227 268 316 307 quod
339 277 407 300 non
431 267 476 298 sit
500 265 590 298 Deus
613 267 708 307 ipse?
757 267 801 298 At
824 277 896 299 eum
922 267 990 301 has*
1004 269 1142 300 rationis
1166 269 1319 300 tenebras
1343 269 1435 301 Deus
1459 268 1600 309 Spiritus
1623 269 1730 300 sancti
1755 265 1817 300 sui
1831 277 1906 308 gra—

116 315 166 346 tia
187 316 224 346 in
248 318 357 346 mente
381 323 455 346 mea
478 313 678 354 dispulisset,
701 312 799 345 aliter
821 315 924 346 tantis
951 316 991 348 de
1015 317 1111 348 rebus
1135 316 1258 348 sentire
1282 315 1394 347 didici.
1430 315 1522 347 Deus
1537 316 1625 346 enim
1648 315 1721 356 ipse
1744 314 1782 346 in
1804 315 1905 346 verbo

118 371 177 393 suo
202 362 451 402 proportionem
477 364 643 392 creaturae
667 360 711 392 ad
736 363 914 393 creatorem
938 364 1098 403 expressit
1122 367 1155 395 et
1179 362 1275 404 dixit,
1300 362 1390 401 quod
1414 361 1528 393 eadem
1553 361 1608 402 sit,
1631 370 1718 402 qnae
1739 359 1840 392 nihili
1863 360 1907 392 ad

117 407 256 447 aliquid.
305 407 380 448 Qua
404 408 506 447 igitur
529 407 635 439 fronte
659 415 730 438 eam
754 407 1008 442 deificabimus‘?
1032 413 1091 440 aut
1115 408 1280 449 quomodo
1304 409 1430 440 rationi
1446 410 1578 440 nostrae
1601 411 1732 440 tantum
1758 407 1907 450 fidemus,

117 458 164 497 ut,
191 464 276 494 quae
303 464 342 486 ea
366 454 462 486 nobis
489 454 530 485 de
546 454 617 486 Deo
645 458 739 486 extra
761 454 974 487 manifestum
999 455 1210 488 revelationis
1235 456 1370 491 verbum
1395 456 1555 498 suggerit,
1588 464 1667 486 vera
1698 464 1768 486 esse
1792 454 1907 495 creda-

117 503 210 532 mus?
243 511 316 533 cum
341 511 381 533 ea
405 501 449 532 sit
473 510 582 532 coram
605 501 677 532 Deo
702 503 775 533 tota
806 510 881 533 cum
909 505 982 534 tota
1005 502 1147 534 hominis
1177 503 1360 534 substantia
1390 505 1423 534 et
1455 501 1582 533 viribus
1612 501 1840 533 damnationis
1874 503 1907 532 et

115 549 325 579 tenebrarum
349 549 469 587 abysso
494 548 656 590 immersa,
682 550 715 579 et
736 551 910 588 propterea
932 550 995 580 Dei
1019 550 1166 590 inimica,
1190 548 1286 592 nihil,
1312 558 1398 589 quae
1421 549 1557 588 spiritus
1581 548 1646 580 Dei
1669 551 1755 589 sunt,
1780 545 1907 579 intelli-

116 604 205 633 gens,
256 594 415 626 Creatura
439 594 503 626 Dei
521 604 633 626 sumus
658 598 691 626 et
713 603 827 635 genus,
850 605 964 627 verum
988 599 1048 636 est,
1073 597 1131 628 sed
1154 596 1278 627 fuimus
1302 599 1335 627 et
1357 596 1466 635 imago
1491 595 1571 628 Dei:
1593 597 1671 638 jem,
1694 595 1827 635 perdita
1843 593 1910 625 Dei

117 642 276 684 imagine,
309 640 406 672 larva
428 641 574 674 Satanae
597 650 655 682 per
678 644 831 673 naturam
855 641 937 674 facti
961 652 1091 686 sumus,
1127 651 1210 682 quos
1235 642 1324 674 Deus
1354 643 1519 674 immensa
1547 642 1707 673 bonitatis
1736 649 1816 673 suae
1842 640 1907 671 mi-

117 688 295 719 sericordia
317 686 439 719 tolerat
474 691 506 719 et
527 690 691 728 propagat
720 697 760 719 ex
786 689 910 721 semine
938 690 1066 729 perdito
1101 692 1134 720 et
1157 691 1285 721 mortuo
1317 689 1463 730 perditos
1495 691 1528 720 et
1553 690 1716 728 mortuos,
1749 693 1816 719 non
1840 687 1904 718 Dei

116 735 296 777 imagines,
332 734 389 766 sed
414 735 574 774 imagines
599 735 753 778 Diaboli,
784 744 894 767 coram
915 737 1097 777 J'ustissimo
1124 739 1156 767 et
1181 736 1387 767 severissimo
1411 736 1494 775 legis
1519 734 1651 766 divinae
1675 734 1826 766 examine
1849 741 1909 774 pe-

118 782 208 813 nitus
234 790 308 814 cnm
335 782 426 812 omni
449 782 638 813 substantia
661 784 693 812 et
717 782 843 814 viribus
868 783 1059 815 damnatos:
1082 792 1239 822 magnum
1265 784 1351 814 enim
1377 785 1426 814 est
1449 784 1482 812 et
1505 782 1548 812 ab
1573 781 1662 813 omni
1680 783 1779 822 captu
1805 781 1909 812 ratio-

116 828 168 858 nis
192 829 383 860 abstrusum
407 828 534 868 peccati
559 828 761 867 mysterium,
786 838 908 868 magna
931 831 1045 871 lapsus
1067 830 1166 870 primi
1191 838 1317 870 poena,
1341 838 1402 860 nec
1426 831 1496 860 tam
1519 828 1618 869 levis,
1647 829 1686 859 ut
1708 828 1806 859 multi
1829 827 1908 858 doc·

116 877 223 905 torum
248 878 434 906 nostrorum
458 875 665 905 existimant:
697 878 785 906 totus
810 876 907 908 homo
942 886 983 908 ex
1008 878 1114 908 forma
1138 876 1264 917 optima
1294 877 1328 907 in
1354 875 1533 916 pessimam
1566 875 1835 915 transformatus,
1869 882 1909 904 ex

114 921 260 960 imagine
285 921 349 952 Dei
374 922 408 952 in
431 922 559 952 larvam
576 921 732 964 Satanae,
757 922 836 954 hinc
858 923 947 955 filius
972 925 1041 955 irae
1067 926 1116 955 est
1139 933 1197 964 per
1221 925 1385 954 naturam.
1434 921 1500 953 Nec
1527 921 1618 953 solus
1641 921 1739 953 homo
1760 922 1811 953 ita
1830 929 1910 961 per-

117 966 206 998 ditus
231 968 327 1008 lapsu
355 969 534 1008 primorum
558 971 741 1008 parentum,
766 969 824 1000 sed
848 972 882 1000 et
905 973 992 1007 terra
1016 970 1206 1010 maledicta,
1231 971 1298 1001 imo
1322 972 1394 1002 tota
1411 971 1572 1011 creatura,
1595 970 1754 1009 pereunte
1775 967 1908 999 domino

115 1023 185 1054 suo,
211 1015 247 1045 in
273 1016 366 1054 quus
389 1015 611 1046 ministerium
636 1018 747 1046 creata
770 1016 844 1059 fuit,
869 1018 979 1060 periit,
1005 1020 1088 1049 teste
1113 1017 1273 1057 Apostolo
1301 1017 1394 1049 Rom.
1423 1015 1529 1047 VIII..
1522 1025 1530 1033 ·
1553 1017 1641 1058 tota,
1665 1015 1794 1057 inquit,
1817 1022 1908 1045 crea-

114 1065 190 1091 tura
214 1062 372 1092 vanitatis
398 1062 530 1092 servitio
557 1065 588 1093 et
612 1063 831 1102 corruptionis
855 1063 954 1103 malo,
979 1073 1002 1095 a
1028 1073 1097 1106 qua
1120 1067 1221 1095 antea
1244 1064 1350 1094 libera
1362 1062 1436 1105 fuit,
1462 1063 1612 1102 subjecta
1634 1065 1694 1101 est,
1720 1061 1779 1092 sed
1795 1063 1907 1091 tamen

113 1107 150 1138 in
173 1116 263 1147 spem
289 1111 350 1139 etc.
400 1108 491 1140 Hinc
514 1117 581 1139 non
605 1112 670 1151 est,
696 1112 734 1139 ut
756 1110 792 1140 in
817 1113 976 1153 creatura,
1002 1112 1037 1142 in
1062 1111 1204 1151 homine,
1229 1118 1426 1150 quaeramus
1442 1108 1530 1140 Deos
1550 1108 1603 1139 vel
1619 1108 1737 1151 Deum,
1762 1106 1817 1139 vel
1845 1108 1908 1138 bo-

114 1162 192 1184 num
218 1154 366 1186 divinum
391 1158 424 1186 et
446 1164 574 1186 verum:
598 1154 676 1186 licet
700 1156 787 1186 enim
804 1156 894 1187 Deus
919 1158 1031 1189 omnia
1053 1158 1202 1199 impleat,
1228 1160 1260 1189 et
1282 1152 1527 1196 omnipraesens
1551 1155 1604 1194 sit,
1627 1153 1910 1195 omnipraesentia

115 1203 223 1231 tamen
246 1202 314 1232 ista
338 1204 407 1232 tam
430 1202 527 1241 longe
553 1210 682 1233 omnem
707 1205 840 1242 captum
864 1207 1011 1235 nostrum
1036 1204 1180 1246 excedit,
1216 1206 1254 1235 ut
1285 1205 1328 1234 ab
1354 1212 1395 1234 ea
1417 1202 1518 1233 nihil
1528 1202 1628 1242 plane
1657 1203 1750 1233 extra
1772 1201 1909 1232 verbum

115 1248 295 1278 revelatum
318 1249 438 1282 inferre
466 1258 538 1280 vere
563 1258 735 1290 queamus.
785 1250 854 1280 Imo
879 1251 947 1281 ista
968 1252 1213 1283 harmoniarum
1236 1251 1412 1282 Deificatio
1445 1249 1666 1288 cognitionem
1691 1246 1815 1279 Obristi
1848 1247 1909 1278 ob-

115 1297 242 1337 scurat,
279 1295 469 1333 mysterium
494 1296 601 1325 meriti
627 1297 697 1334 ejus
723 1298 858 1338 evertit,
891 1298 1082 1336 mysterium
1106 1297 1363 1337 regenerationis
1387 1298 1520 1327 nostrae
1552 1295 1657 1326 eludit
1688 1297 1723 1327 et
1744 1294 1852 1325 multa
1873 1294 1911 1324 in

114 1349 192 1371 vera
215 1341 384 1380 theologia
408 1342 551 1372 absurda
576 1342 680 1381 parit:
712 1351 779 1373 una
804 1344 890 1374 enim
915 1344 1062 1376 absurda
1086 1345 1172 1375 ratio
1205 1345 1240 1375 in
1264 1343 1412 1375 veritatis
1444 1342 1559 1373 album
1592 1343 1722 1381 recepta
1754 1341 1910 1373 innume·

114 1395 167 1418 ras
192 1387 278 1419 alias
304 1388 347 1418 ad
373 1397 407 1418 se
432 1389 532 1419 trahit
555 1389 736 1430 falsitates,
763 1390 884 1430 quibus
910 1391 1083 1422 veritatem
1106 1400 1165 1431 pro
1191 1400 1245 1433 eo,
1279 1389 1369 1432 quod
1393 1390 1429 1420 in
1453 1397 1525 1420 eam
1548 1388 1656 1430 fovet,
1693 1387 1770 1420 odio
1796 1387 1910 1429 oppri-

114 1442 200 1464 mere
226 1435 278 1465 vel
303 1436 418 1465 saltem
449 1436 624 1466 obscurare
649 1436 775 1469 nititur
826 1436 959 1468 Possem
988 1438 1071 1469 haec
1102 1437 1215 1469 omnia
1245 1437 1396 1477 pluribus
1430 1438 1462 1467 et
1493 1435 1676 1466 clarissime
1710 1443 1751 1467 ex
1777 1433 1911 1465 divinae

114 1480 265 1512 veritatis
290 1481 380 1512 fonte
405 1481 639 1522 demonstrare,
664 1491 776 1513 verum
801 1483 883 1515 haec
907 1494 954 1519 ως
980 1480 1016 1516 ἐν
1038 1484 1181 1527 παροδῳ
1205 1484 1293 1515 dicta
1316 1483 1495 1514 sufficiant:
1520 1484 1557 1513 tu
1578 1481 1674 1521 plura
1689 1481 1856 1515 meditare.

232 1525 323 1567 Quae
348 1531 460 1558 autem
485 1506 725 1559 harmoniarum
749 1530 949 1571 quantitatis
983 1534 1031 1562 est
1054 1532 1141 1562 ratio
1163 1531 1200 1562 in
1223 1529 1530 1571 magnitudinibus,
1563 1527 1678 1560 eadem
1714 1528 1751 1559 in
1773 1535 1909 1559 numero

114 1574 222 1614 etiam,
247 1574 338 1615 quod
354 1574 398 1605 ad
423 1575 600 1606 essentiam
617 1576 686 1614 ejus
703 1577 833 1615 attinet,
860 1580 896 1608 ut
914 1586 954 1608 ex
969 1578 1021 1617 iis,
1047 1587 1132 1620 quae
1152 1577 1191 1608 de
1207 1577 1378 1609 harmonia
1399 1583 1497 1616 supra
1513 1575 1622 1617 attuli,
1647 1574 1799 1614 colligere
1819 1572 1909 1606 licet.

233 1620 299 1652 Sed
323 1621 437 1652 omnia
466 1621 546 1652 haec
578 1630 615 1652 eo
641 1622 776 1663 scripsi,
806 1626 844 1654 ut
873 1626 905 1655 te
930 1624 973 1655 ad
1006 1625 1202 1664 penitiorem
1235 1632 1343 1655 rerum
1373 1623 1514 1654 istarum
1544 1621 1795 1661 indagationem
1818 1620 1910 1652 exci-

114 1670 230 1698 tarem:
255 1668 421 1708 principia
445 1670 532 1709 sunt,
557 1677 642 1710 quae
665 1669 841 1711 indagasti,
867 1674 899 1701 et
922 1670 1055 1713 quidem
1081 1671 1241 1709 maxima3
1274 1672 1397 1709 maj0ra
1419 1673 1530 1700 tamen
1553 1669 1653 1710 nent,
1677 1669 1707 1700 si
1730 1667 1909 1708 principiis

113 1722 180 1745 non
203 1714 396 1746 immoratus
420 1714 463 1745 ad
485 1714 721 1755 perfectionem
744 1717 901 1748 scientiae
926 1717 966 1748 de
990 1719 1087 1749 rebus
1111 1720 1178 1750 tam
1201 1717 1360 1748 abstrusis
1384 1716 1566 1756 perrexeris
1591 1718 1624 1746 et
1646 1715 1744 1750 nobis
1768 1715 1906 1749 harmo-

113 1761 240 1792 niarum
264 1762 408 1792 rationes
432 1770 500 1792 non
524 1764 651 1793 tantum
678 1763 713 1792 in
736 1763 989 1804 quantitatibus,
1014 1764 1072 1795 sed
1097 1768 1130 1796 et
1152 1765 1187 1795 in
1211 1763 1428 1806 qualitatibus
1452 1765 1485 1794 et
1507 1761 1644 1804 quidem
1668 1759 1744 1793 cum
1769 1760 1909 1803 quanti-

111 1809 214 1838 tatum
238 1808 421 1839 rationibus
447 1811 661 1847 congruentes
687 1809 974 1842 demonstraveris:
1000 1820 1066 1852 quo
1091 1811 1202 1842 labore
1226 1808 1464 1842 incredibiliter
1486 1810 1534 1840 rei
1558 1808 1714 1840 medicae
1729 1807 1906 1849 profueris.

227 1855 342 1896 Ajunt,
369 1855 433 1885 hoc
456 1864 588 1897 quoque
613 1858 759 1896 tempore
785 1858 953 1898 cometam,
978 1857 1114 1899 quidam
1139 1867 1214 1889 vero
1240 1858 1323 1888 duos
1347 1856 1474 1898 videri;
1500 1864 1559 1896 ego
1579 1855 1710 1891 nullum
1734 1855 1907 1886 observare

113 1901 218 1941 potui,
241 1900 329 1932 unde
353 1910 432 1931 num
457 1910 532 1932 vera
557 1902 634 1944 sint,
659 1911 742 1944 quae
767 1902 922 1934 dicuntur
946 1906 978 1935 et
1001 1913 1081 1935 num
1105 1914 1124 1935 a
1147 1907 1179 1935 te
1202 1912 1334 1946 quoque
1360 1902 1524 1934 observati
1547 1901 1630 1945 sint,
1654 1900 1788 1942 nescie;
1813 1903 1851 1932 tu
1876 1900 1907 1933 si

114 1947 197 1989 quid
221 1949 270 1979 est
294 1947 362 1978 veri
387 1948 421 1977 in
446 1956 575 1979 rumore
600 1948 677 1990 hoc,
703 1958 755 1979 me
779 1959 911 1981 moneas
937 1959 1004 1982 oro·

230 1993 416 2025 Monstrum
442 1993 675 2026 Herrnalsense
700 2005 740 2026 ex
765 2004 821 2026 sue
846 2000 1041 2036 prognatum
1065 1997 1149 2028 facie
1174 1997 1326 2038 humana,
1351 1995 1409 2027 sed
1431 1995 1558 2026 larvata
1581 2003 1656 2027 cum
1681 1993 1811 2027 cucullo
1835 2001 1909 2026 mo-

114 2039 227 2084 nachi,
253 2040 449 2080 proboscide
474 2041 659 2084 elephanti,
697 2042 800 2073 cauda
823 2043 1030 2085 pedibusque
1056 2043 1223 2083 draconis,
1256 2042 1373 2084 procul
1398 2042 1499 2073 dubio
1521 2043 1590 2082 jam
1614 2040 1741 2076 vidisti.
1790 2039 1909 2073 Certus

115 2087 215 2118 etiam
239 2096 349 2118 rumor
373 2088 503 2118 Vienna
528 2087 569 2118 ad
593 2097 653 2119 nos
678 2089 808 2130 attulit,
841 2089 980 2129 milites,
1014 2091 1072 2130 qui
1097 2092 1171 2121 ante
1195 2092 1323 2130 portam
1347 2088 1510 2129 quandam
1534 2088 1627 2120 urbis
1654 2091 1726 2127 (nec
1749 2089 1839 2120 enim
1861 2087 1910 2118 ita

115 2136 274 2176 accurate,
299 2137 338 2164 ut
362 2133 402 2164 de
425 2134 556 2164 nomine
580 2137 692 2174 portae
714 2135 927 2179 inquirerem,
951 2137 1127 2174 inciderat)
1151 2137 1187 2167 in
1212 2136 1363 2167 excubiis
1389 2138 1498 2178 erant,
1526 2137 1622 2167 nocte
1646 2135 1790 2177 quadam
1813 2133 1909 2166 audi-

116 2181 203 2211 visse
227 2189 341 2212 vocem
366 2180 547 2221 clamantis,
573 2179 711 2224 hinweq
734 2190 805 2215 von
828 2180 973 2224 hinnen,
1001 2192 1136 2223 eamque
1161 2192 1235 2214 cum
1260 2183 1504 2214 existimassent
1528 2190 1599 2214 esse
1622 2191 1744 2225 eorum,
1769 2181 1830 2225 qui
1851 2181 1908 2212 in-

115 2229 165 2258 tra
189 2227 304 2258 urbem
327 2227 363 2257 in
389 2226 501 2257 eadem
525 2230 622 2267 porta
645 2228 837 2270 vigilabant,
864 2238 993 2260 causam
1019 2239 1075 2261 cur
1099 2229 1176 2261 inde
1202 2229 1407 2261 discederent
1431 2238 1472 2261 ex
1495 2229 1579 2269 ipsis
1604 2229 1825 2272 quaesierunt,
1850 2226 1909 2259 sed

117 2283 191 2304 cum
213 2274 297 2304 nihil
321 2274 472 2313 responsi
495 2273 536 2304 ad
560 2275 794 2312 interrogatum
825 2276 1042 2318 accepissent,
1075 2277 1309 2318 acquieverunt
1339 2279 1429 2318 tum;
1467 2277 1620 2317 sequenti
1644 2278 1741 2312 nocte
1771 2274 1908 2307 eandem

116 2329 228 2351 vocem
253 2321 372 2351 iterum
397 2320 571 2351 audierunt
602 2323 635 2351 et
659 2321 755 2352 simul
779 2323 923 2353 sonitum
947 2323 982 2353 in
1007 2324 1096 2363 aere,
1128 2325 1284 2364 tanquam
1308 2331 1448 2362 magnae
1476 2322 1646 2362 enjusdam
1671 2323 1741 2354 avis
1766 2322 1907 2354 circum-

117 2366 310 2404 volitantis;
335 2366 450 2398 eadem
484 2376 550 2398 vox
582 2367 683 2398 simili
715 2378 788 2399 cum
819 2369 958 2409 strepitu
991 2372 1024 2400 et
1056 2370 1204 2409 proxima
1234 2369 1330 2401 tertia
1360 2371 1455 2401 nocte
1479 2368 1591 2401 audita
1623 2372 1673 2402 est
1705 2369 1747 2401 ab
1777 2367 1908 2408 iisdem.

121 2411 211 2452 Quid
235 2414 300 2444 ista
322 2412 520 2453 portendant
544 2417 679 2445 eventus
704 2415 867 2454 probabit.

233 2460 316 2491 Vale
341 2462 373 2491 et
396 2469 447 2491 me
476 2460 516 2491 de
539 2461 605 2492 tuis
629 2461 814 2502 laboribus,
847 2462 968 2504 quibus
998 2464 1063 2502 jam
1094 2471 1203 2505 vacaS,
1241 2463 1410 2494 certiorem
1437 2460 1553 2496 facias.
1601 2460 1715 2496 Saluta
1744 2471 1818 2495 meo
1843 2470 1906 2495 no-

116 2506 205 2537 mine
230 2508 401 2546 conjugem
425 2510 515 2538 tuam
540 2508 782 2548 charissimam,
808 2509 912 2539 fllium
938 2512 969 2540 et
993 2508 1103 2540 flliam'
1118 2512 1208 2540 tuam
1234 2510 1435 2551 Susannam,
1468 2510 1497 2540 si
1520 2512 1629 2542 tecum
1652 2511 1712 2542 est.
1760 2509 1904 2541 Domino

116 2553 196 2584 item
222 2552 423 2592 Gringalleto
448 2556 560 2584 nostro
586 2554 735 2585 osculum
760 2555 849 2594 pacis
875 2558 907 2586 et
930 2555 1050 2595 pedum
1074 2565 1148 2587 cum
1171 2555 1278 2588 salute
1301 2554 1406 2587 multa
1436 2565 1456 2586 a
1479 2565 1532 2588 me
1561 2556 1727 2589 nunciato.
1776 2555 1908 2588 Dabam

120 2599 360 2639 Rastenbergae
386 2599 438 2630 die
462 2596 517 2632 13.
543 2600 695 2632 Octobris
720 2610 804 2632 anno
829 2601 1015 2635 MDGXIX.

235 2657 467 2698 Philippus
491 2657 701 2690 Miillerus
727 2657 803 2699 (nat.
823 2659 1000 2699 Herzbergi
1024 2669 1054 2692 a.
1084 2658 1182 2701 1585,
1206 2660 1372 2702 professor
1395 2661 1647 2693 mathematicae
1671 2662 1704 2692 et
1725 2660 1908 2692 medicinae

120 2703 155 2734 in
180 2704 346 2735 academia
370 2704 547 2747 Lipsiensi,
572 2708 665 2736 mort.
694 2703 804 2747 1659),
831 2715 928 2746 quem
952 2707 1120 2746 attigimus
1144 2709 1208 2739 vol.
1226 2709 1268 2741 11.
1294 2717 1328 2748 p.
1353 2705 1432 2751 481,
1458 2706 1636 2748 Keplerum
1659 2706 1743 2738 adiit
1766 2707 1908 2747 epistola

122 2751 227 2789 „bene
251 2751 382 2793 longa“,
417 2751 453 2782 in
478 2760 544 2793 qua
567 2751 746 2791 Keplerum
771 2751 926 2783 laudibus
951 2753 1044 2784 effert
1067 2757 1099 2784 et
1123 2755 1332 2795 quaestiones
1355 2763 1423 2786 non
1446 2762 1567 2795 paucas
1599 2753 1724 2795 profert
1748 2754 1790 2786 de
1811 2751 1907 2785 libris

120 2807 139 2827 a
164 2797 305 2837 Keplero
331 2798 439 2839 editis,
463 2798 638 2838 praecipue
663 2798 703 2829 de
727 2798 878 2838 Epitome
905 2802 936 2830 et
959 2799 1044 2830 libro
1071 2800 1110 2830 de
1135 2800 1237 2832 Stella
1260 2801 1361 2843 Nova,
1386 2810 1446 2832 nec
1465 2809 1536 2832 non
1561 2799 1600 2831 de
1617 2799 1799 2832 Harmonia
1814 2799 1906 2840 Kep-

121 2843 189 2873 leri.
238 2844 396 2876 Miillerus
421 2845 455 2875 in
481 2845 615 2876 exordio
649 2845 816 2876 literarum
841 2854 974 2877 suarum
1003 2846 1167 2886 J'udicium
1201 2851 1291 2887 grato
1317 2848 1426 2879 animo
1460 2847 1596 2889 accipit,
1631 2846 1720 2887 quod
1743 2846 1907 2888 Keplerus

122 2889 162 2919 de
186 2890 310 2931 libello,
335 2900 433 2934 quem
457 2890 616 2922 Miillerus
642 2894 757 2923 contra
779 2891 952 2930 Nagelium
989 2893 1204 2936 conscripsit,
1233 2893 1294 2933 „ad
1324 2901 1527 2926 communem
1550 2893 1709 2930 amicum
1736 2893 1779 2926 D.
1805 2893 1906 2926 Seus-

121 2935 205 2966 sium
230 2939 442 2970 exaraverit&
490 2938 658 2981 Agnosco,
683 2938 747 2978 ait,
774 2938 904 2969 solitam
928 2939 1187 2971 benevolentiam
1211 2943 1323 2983 tuam,
1354 2940 1524 2973 exosculor
1547 2939 1793 2984 humanitatem,
1820 2948 1906 2982 quae

120 2982 157 3012 in
182 2985 213 3013 te
237 2986 328 3014 tanta
352 2988 401 3016 est
425 2993 566 3025 semper,
592 2988 629 3016 ut
652 2994 692 3016 ne
717 2984 851 3026 quidem
875 2989 1066 3024 aspernetur
1090 2986 1293 3019 adversarios
1318 2997 1410 3031 suos,
1441 2985 1563 3018 nedum
1588 2986 1782 3026 dedignetur
1804 2986 1904 3033 igno-

120 3030 181 3058 tos
231 3028 339 3068 Quam
370 3032 519 3071 comiter,
552 3040 651 3073 quam
682 3031 866 3063 humaniter
896 3036 927 3063 et
959 3033 1081 3063 urbane
1113 3043 1131 3063 a
1164 3036 1196 3065 te
1230 3034 1363 3065 habitus
1401 3036 1449 3065 est
1471 3033 1634 3064 Robertus
1658 3028 1844 3073 (Fluddius)
1866 3033 1904 3064 in

122 3077 261 3116 utroque
285 3078 467 3116 appendice
498 3081 530 3110 et
563 3077 731 3119 apologia!
780 3078 826 3109 At
850 3078 937 3109 ferus
960 3079 1017 3110 ille
1040 3080 1283 3119 improbissime
1306 3079 1417 3112 referit
1440 3082 1473 3111 et
1495 3080 1660 3121 furenter,
1691 3079 1847 3112 iracunde
1871 3081 1905 3111 et
