1994 3276
838 482 1235 534 J0.KEPLER1

525 590 935 667 flARMtJMGES
984 592 1186 668 MUNm
1232 590 1430 666 LIBER
1475 591 1535 666 V.

135 737 202 784 De
238 736 476 784 harmonia
514 741 849 797 perfectissima
888 745 1094 788 motuum
1131 741 1400 789 coelestium
1437 745 1636 802 ortuque
1676 755 1736 790 ex
1771 743 1933 790 iisdem

170 826 565 872 eccentricitatum
605 828 1145 888 semidiametrorumque
1184 832 1230 875 et
1267 833 1523 887 temporum
1547 830 1898 889 periodicomm.

133 935 194 974 Ad
234 948 407 977 normam
449 937 646 978 doctrinae
683 942 965 980 astronomicae
1003 941 1212 980 hodiernae
1253 941 1590 982 emendatissimae
1618 941 1933 995 hypothesesque

134 995 358 1046 Copernici‚
407 997 475 1036 sed
517 1003 554 1036 et
594 998 997 1049 Tychonis·B1-ahci‚
1051 1012 1212 1049 quarum
1254 999 1462 1039 alterutrae
1503 1000 1647 1050 bodies
1684 1002 1934 1042 Ptolemaicis

510 1058 742 1107 antiquatis,
786 1062 828 1096 ut
858 1060 1083 1097 verissimae
1113 1059 1268 1109 publice
1299 1060 1550 1108 recipiuntur.

661 1141 861 1196 Galenus
887 1161 931 1196 de
957 1171 1026 1221 usu
1049 1160 1205 1205 partium
1229 1160 1320 1196 libro
1344 1160 1408 1196 ΠΙ.

126 1229 242 1282 Ἱερον
287 1233 397 1285 λογον
440 1231 526 1285 ἐγω,
573 1248 644 1272 του
689 1237 1030 1286 δημιουργησαντος
1069 1231 1166 1285 ἡμας
1210 1230 1326 1282 ὕμνον
1371 1231 1558 1284 ἆληθινον
1603 1237 1822 1288 συντιθημι,
1872 1251 1933 1291 και

133 1288 283 1338 νομιζω,
315 1288 414 1331 τουτ’
451 1290 544 1331 εἶναι
573 1306 642 1343 την
673 1290 886 1343 εὐσεβειαν,
930 1291 1016 1345 ὸύχι
1047 1292 1078 1332 εἰ
1108 1307 1262 1343 ταυρων
1301 1289 1515 1348 ἑκατομβας
1551 1290 1660 1342 αὖτῳ
1698 1295 1934 1342 παμπολλας

132 1351 410 1399 καταθυσαιμι,
454 1366 517 1389 και.
547 1365 597 1388 τα
628 1347 735 1390 ἀλλα
764 1367 881 1401 ,avoca
915 1367 1021 1403 μυρα
1067 1355 1294 1400 θυμιασαιμι
1333 1362 1581 1396 nac-nautae·
1624 1348 1710 1391 ἀλλ’
1747 1350 1779 1391 εἰ
1814 1367 1936 1404 γνοιην

130 1422 199 1456 μεν
231 1405 370 1454 αὐτος,
412 1406 544 1448 ἔπειτα
585 1412 627 1447 δε
667 1426 729 1449 και
758 1425 837 1454 τοις
867 1407 1002 1455 ἀλλοις
1044 1407 1308 1461 ἐξηγησαιμην,
1351 1407 1432 1453 οἶος
1471 1423 1540 1458 μεν
1580 1407 1657 1448 ἐστι
1687 1423 1756 1459 την
1790 1425 1933 1461 ‹romam›
1977 1410 1982 1415 ’

133 1463 254 1511 οἱοςτε
283 1480 351 1517 την
381 1470 552 1514 δυ’ναμιν,
592 1463 725 1513 dmiccc
756 1472 797 1508 δε
827 1483 894 1518 την
923 1483 1180 1520 χρηστητητα,
1219 1482 1263 1506 το
1294 1482 1365 1518 γαρ
1407 1481 1556 1516 κοσμειν
1595 1464 1747 1507 &osam
1776 1464 1930 1508 ἅπαντα

131 1539 198 1564 τον
228 1523 472 1576 ἐνδεχομενον
502 1540 658 1574 κοσμον,
691 1542 752 1566 και
781 1530 910 1578 μῃδενι
942 1530 1104 1574 φθοίἐιν
1134 1541 1210 1564 των
1240 1523 1420 1577 ἅγαθων,
1465 1541 1531 1575 της
1563 1526 1805 1578 τελειοτατης
1833 1543 1929 1579 χρη-

132 1596 313 1633 στοτητος
343 1580 412 1634 ἐγω
435 1587 567 1635 ὃειγμα
588 1587 767 1633 τιθεμαιῑ
814 1601 875 1624 και
905 1600 1026 1637 ταυτῃ
1045 1599 1114 1633 μεν
1144 1581 1196 1629 ὡς
1217 1581 1365 1635 ἀγαθος
1396 1580 1481 1634 ἡμιν
1508 1579 1718 1636 ὖμνεισθω,
1748 1600 1792 1624 το
1814 1584 1854 1625 -δ’
1878 1582 1930 1631 ὥς

133 1639 181 1681 ἀν
209 1643 378 1690 μαλιστα
409 1645 627 1693 κοσμηθειη,
659 1657 734 1682 παν
765 1642 943 1694 ἐξευρειν,
976 1641 1100 1693 ἀκρας
1128 1657 1280 1695 σοφιας,
1312 1657 1357 1681 το
1379 1645 1419 1681 δε
1439 1657 1502 1695 μαι
1534 1645 1675 1694 δρασαι
1706 1641 1822 1683 πανθ’
1856 1640 1930 1684 ὅσα

693 1703 919 1753 προειλετο,
952 1706 1145 1750 δυναμεως
1175 1699 1378 1763 ᾀηττητου.
1413 1712 1417 1717 ’

968 1782 1008 1814 Id
1032 1786 1095 1815 est:

133 1842 281 1880 Sacrum
314 1856 530 1889 sermonem,
566 1848 736 1893 hymnum
766 1848 844 1883 Deo
883 1848 1067 1884 Conditori
1097 1848 1320 1884 verissimum
1350 1848 1486 1893 ordior,
1517 1847 1690 1893 pietatem
1721 1847 1815 1899 lianc
1849 1859 1930 1885 esse

130 1900 249 1941 ratus,
291 1909 363 1933 non
407 1904 447 1933 nt
493 1899 724 1936 hecatombas
767 1899 819 1934 illi
862 1905 1047 1935 taurorum
1088 1901 1260 1946 plurimas
1301 1901 1499 1945 immolem,
1551 1901 1678 1936 odores
1722 1901 1929 1937 innumeros
1982 1897 1988 1905 ’

131 1947 295 1983 adoleam
321 1955 357 1985 et
382 1952 533 1996 casiam,
561 1953 623 1988 sed
649 1958 689 1988 ut
714 1953 863 1998 primum
889 1954 967 1998 ipse
993 1954 1145 1997 discam,
1178 1958 1262 1998 post
1286 1958 1321 1988 et
1346 1958 1485 1988 ceteros
1513 1953 1675 1998 doceam,
1712 1957 1748 1988 et
1774 1958 1928 1997 quantus

131 1998 192 2034 ille
217 2000 264 2035 sit
288 2003 476 2048 sapientia,
504 2009 661 2048 quantus
686 2005 859 2050 potentia,
886 2011 923 2041 et
948 2006 1064 2050 qualis
1083 2006 1255 2042 bonitate.
1292 2005 1393 2041 Velle
1412 2006 1504 2040 enim
1522 2006 1638 2040 omnia
1655 2010 1788 2050 quanto
1805 2011 1931 2050 posset

133 2057 263 2087 ornatu
289 2053 471 2100 decorare,
498 2067 563 2091 nec
589 2057 653 2091 ulli
677 2058 774 2092 bona
799 2068 864 2092 sua
888 2057 1058 2098 invidere,
1082 2058 1119 2094 id
1145 2058 1211 2103 ego
1229 2058 1399 2094 bonitatis
1428 2056 1795 2092 consummatissimae
1821 2057 1927 2092 docu-

131 2111 290 2140 mentum
316 2112 457 2153 statuo,
495 2109 743 2154 hactenusque
777 2114 816 2144 ut
839 2109 972 2145 bonum
998 2110 1158 2155 celebro;
1197 2110 1315 2145 omnia
1349 2120 1434 2144 vero
1458 2109 1632 2153 invenire,
1665 2108 1794 2153 quibus
1821 2119 1927 2154 quam

132 2158 285 2193 maxime
311 2165 587 2206 exornarentur,
620 2163 921 2198 eminentissimae
947 2155 1161 2208 sapientiae;
1195 2163 1313 2197 omnia
1338 2161 1507 2206 denique,
1539 2171 1632 2206 quae
1657 2166 1853 2207 statuerat,
1889 2162 1927 2197 in

615 2226 706 2259 opus
730 2217 944 2259 producere,
969 2217 1152 2261 potentiae
1177 2215 1442 2260 insuperabilis.

507 2315 618 2361 Cum
658 2316 702 2362 S.
742 2317 788 2362 C.
827 2316 879 2362 M.
919 2310 1162 2373 Privilegio
1201 2316 1260 2361 ad
1298 2328 1439 2361 annos
1475 2314 1563 2361 XV.

365 2437 499 2470 LINCII
524 2438 751 2472 AUSTRIAE.
801 2423 995 2472 Excudcbat
1016 2439 1187 2471 Johannes
1210 2438 1482 2478 Plancus‚·anno
1506 2436 1693 2471 MDGXIX.

809 2647 1254 2713 mummium(

248 2774 362 2824 Quod
394 2781 483 2814 ante
515 2776 611 2815 duos
643 2782 681 2816 et
711 2778 846 2826 viginti
879 2788 1019 2825 annos,
1063 2779 1226 2826 primum
1257 2766 1372 2828 atque
1403 2778 1545 2827 figuras
1577 2777 1745 2826 quinque
1775 2773 1920 2812 solidas

134 2834 231 2870 inter
263 2835 375 2872 orbes
408 2833 596 2873 coelestes
627 2837 761 2884 reperi,
794 2847 876 2872 sum
899 2840 1123 2883 auguratus,
1159 2838 1263 2885 quod
1294 2837 1450 2874 firmiter
1470 2835 1598 2872 animo
1628 2833 1801 2883 persuasi
1821 2843 1919 2880 meo,
1986 2834 1992 2876 f

71 2890 73 2892 ’
132 2892 355 2940 priusquam
387 2892 602 2932 Ptolemaei
633 2894 869 2932 Harmonica
900 2893 1097 2940 vidissem,
1131 2895 1233 2942 quod
1260 2894 1372 2932 titulo
1404 2894 1491 2931 libri
1521 2891 1635 2939 hujus
1667 2887 1790 2940 quinti
1816 2900 1920 2933 ¹nun·
1984 2927 1989 2942 ,Ἴ

134 2955 286 2997 cupato,
318 2952 543 3000 priusquam
575 2951 622 2990 de
652 2963 692 2990 re
724 2953 808 3000 ipsa
839 2956 964 2989 certus
996 2962 1138 2998 essem,
1171 2953 1366 3002 pollicitus
1398 2963 1483 2990 sum
1514 2950 1660 2997 amicis,
1697 2947 1800 2997 quod
1830 2950 1919 2985 ante
1982 2962 1990 3004 f

134 3005 300 3043 sedecim
333 3020 456 3047 annos
487 3009 642 3059 publico
674 3011 815 3058 scripto
847 3008 1109 3058 quaerendum
1141 3012 1354 3058 inculcavi,
1395 3009 1505 3058 cujus
1537 3018 1655 3044 causa
1696 3008 1798 3044 vitae
1828 3016 1919 3054 pai·-

134 3067 209 3100 tem
253 3067 438 3114 optimam
484 3069 751 3106 astronomicis
796 3066 1186 3116 contemplationibus
1228 3068 1417 3118 impendi,
1465 3064 1689 3123 Tychonem
1727 3063 1946 3102 Braheum'
