1994 3276
141 85 225 137 234
686 94 741 131 De
769 94 1122 140 configurationibus
1151 95 1389 133 Harmonicis.

140 213 495 262 accommodatius,
523 214 716 264 jactatum
747 215 873 254 febrili
903 226 1160 266 paroxysmo,
1204 217 1385 265 quamvis
1415 216 1582 266 facultas
1612 218 1773 257 animae,
1795 218 1939 265 vitalis,

141 278 276 312 auctor
306 273 634 321 inflammationis,
665 285 690 312 a
720 278 859 312 conatu
891 285 963 312 suo
994 276 1182 322 remittat,
1222 271 1366 324 quippe
1398 274 1580 316 defuncta
1612 287 1684 315 suo
1714 288 1870 316 munere
1902 282 1941 316 et

139 332 301 371 materia
332 331 456 370 febrili
487 331 552 370 vel
583 331 796 383 colliquata
838 331 902 371 vel
933 332 1058 381 ejecta
1101 345 1149 371 ex
1180 334 1327 371 intimis
1369 332 1528 373 sedibus
1570 346 1704 373 versus
1737 336 1939 384 exteriora,

141 401 218 429 non
250 395 379 429 tamen
411 391 548 429 statim>
575 392 679 429 omni
711 390 839 429 calore
870 390 1076 439 liberatur,
1116 391 1250 430 haeret
1290 392 1391 429 enim
1432 393 1464 429 is
1494 393 1533 431 in
1564 395 1727 432 materia
1757 395 1939 445 corporis,

142 460 276 494 carne,
309 449 485 496 ossibus,
515 451 646 488 nervis
678 448 764 498 diu,
798 449 928 498 quoad
959 450 1042 499 ipse
1074 461 1230 499 quoquc
1263 455 1386 488 tractu
1417 452 1602 501 temporis
1633 453 1812 502 exspiret.

257 506 356 545 Sunt
386 508 504 556 igitur
534 507 608 547 hae
640 507 866 546 harmoniae
904 519 951 546 ex
983 519 1114 546 earum
1147 519 1326 555 numero,
1368 520 1466 558 quas
1501 521 1619 559 supra
1651 522 1734 560 cap.
1770 512 1807 548 2.
1840 510 1942 549 dixi-

140 577 226 604 mus
257 576 334 604 non
366 565 569 615 subjacere
599 565 868 617 providentiae
899 566 1066 612 liberae,
1104 565 1173 605 sed
1202 568 1435 606 necessitate
1465 572 1639 610 motuum
1669 571 1822 607 misceri
1855 581 1940 608 cum

140 624 300 662 infinitis
331 625 392 662 sui
421 626 573 673 generis
605 625 838 674 incongruis,
871 625 1011 674 quibus
1042 624 1152 662 Deus
1183 630 1331 663 mentes
1363 624 1567 674 ordinavit,
1599 639 1698 676 quae
1723 627 1823 675 illas,
1854 639 1941 666 cum

140 682 327 730 incidunt,
360 688 629 732 agnoscerent.
691 683 812 732 Atqui
842 683 958 732 longe
989 682 1134 722 felicior
1166 688 1224 721 est
1253 688 1392 722 natura
1412 684 1633 723 sublunaris
1663 687 1701 722 in
1720 685 1793 734 his,
1825 697 1940 735 quam

141 753 257 780 aures
295 742 332 778 in
373 746 507 789 cantu,
547 741 832 791 dignoscendis.
895 740 1063 779 Auditus
1102 742 1202 779 enim
1233 753 1310 780 non
1343 741 1457 780 valde
1499 742 1714 782 delectatur
1742 743 1943 783 harmonia

141 799 320 838 binarum
353 811 515 848 vocum,
559 801 595 838 si·
624 801 796 850 quinque
826 800 929 838 aliae
969 799 1214 838 dissonantes
1254 800 1501 851 obstrepant,
1540 807 1678 841 natura
1708 802 1939 851 sublunaris,

141 863 300 897 assueta
331 859 528 909 perpetuis
559 860 781 908 incongruis
812 858 1195 908 configurationibus,
1229 870 1294 896 eas
1325 870 1395 909 pro
1417 858 1535 898 nullis
1565 860 1695 908 hahet,
1728 862 1822 911 quia·
1848 864 1942 900 novi

141 916 236 955 nihil
267 916 552 964 animadvertit,
585 917 622 954 in
654 916 921 955 harmonicum
952 928 1043 956 vero
1074 916 1259 966 angulum
1291 917 1347 956 sic
1368 923 1426 956 est
1449 919 1609 966 intenta,
1643 930 1688 958 ac
1718 921 1751 957 si
1781 920 1814 958 is
1832 919 1940 958 solus

142 980 258 1015 esset.
318 974 384 1015 Sic
415 986 503 1014 cum
533 977 822 1026 prognosticum
854 974 1014 1024 aliquod
1045 974 1186 1014 millies
1217 980 1340 1023 errat,
1373 976 1583 1026 negligitur
1611 982 1740 1016 tamen
1773 977 1867 1026 hoc,
1899 983 1943 1017 at

139 1035 172 1072 si
202 1034 323 1074 semel
355 1045 516 1084 scopum
546 1035 715 1084 attingit,
748 1034 823 1072 hoc
855 1035 1040 1072 memoria
1069 1033 1229 1083 dignum
1260 1039 1457 1083 censetur,
1489 1035 1565 1074 hoc
1594 1038 1764 1075 omnium
1794 1048 1942 1076 sermo-

138 1092 253 1131 nibus
285 1092 513 1132 celebratur.
1757 1109 1765 1126 κ
1893 1109 1899 1115 ·

253 1152 314 1190 Ex
343 1151 404 1190 his
435 1152 551 1201 igitur
582 1149 745 1200 intelligi
777 1150 912 1198 datur,
946 1149 1167 1189 harmonias
1198 1152 1236 1187 in
1269 1151 1434 1190 vocibus
1465 1150 1623 1200 quidem
1658 1152 1815 1191 arbitrio
1847 1164 1942 1191 con·

141 1211 248 1248 stitui
279 1209 519 1260 consilioque
552 1211 747 1257 canentis,
789 1211 826 1246 in
859 1209 1011 1258 angulis
1045 1221 1136 1248 vero
1179 1209 1345 1247 radiosis
1387 1209 1496 1248 nullo
1527 1215 1690 1258 naturae
1722 1211 1943 1250 sublunaris
1971 1230 1974 1233 ·

140 1268 323 1316 consilio,
356 1268 426 1308 sed
458 1279 564 1307 mera
593 1269 825 1307 necessitate
856 1268 1092 1317 geometrica
1122 1273 1298 1306 motuum
1326 1269 1545 1317 provenire.
1604 1269 1705 1308 Nam
1744 1271 1835 1318 quia
1865 1269 1941 1308 du'o

140 1327 322 1378 planetae
353 1328 526 1377 separari
557 1326 699 1365 debent
728 1338 797 1376 per
827 1327 946 1365 totius
968 1326 1199 1364 semicirculi
1229 1338 1298 1364 seu
1319 1325 1510 1376 graduum
1539 1327 1618 1365 180
1649 1327 1941 1377 longitudinem,

139 1386 182 1424 fit
213 1387 455 1433 necessario,
497 1390 540 1423 ut
570 1386 650 1423 suis
682 1386 795 1422 certis
826 1385 1032 1423 momentis
1064 1386 1180 1423 etiam
1213 1384 1412 1434 particulis
1443 1385 1528 1434 eJus
1558 1385 1809 1433 harmonicis,
1853 1387 1938 1426 scil.

142 1445 208 1492 30,
243 1445 309 1492 60,
345 1445 420 1495 90,
456 1445 534 1483 120
567 1447 638 1483 etc.
671 1443 860 1492 graduum
892 1443 1047 1480 distent.
1107 1443 1246 1492 Itaque
1275 1442 1502 1482 harmoniae
1533 1449 1669 1483 cantus
1709 1450 1945 1494 quaeruntur

140 1503 245 1540 intus
276 1515 301 1541 a
332 1506 515 1550 canente,
546 1501 772 1540 harmoniae
803 1501 996 1540 radiorum
1029 1506 1302 1551 exspectantur
1333 1500 1475 1544 deforis
1503 1514 1528 1540 a
1560 1507 1701 1541 natura
1730 1503 1942 1551 sublunari,

142 1561 398 1600 observantur
429 1572 514 1599 cum
544 1559 730 1608 incidunt,
764 1560 1043 1610 dignoscuntur
1073 1572 1097 1599 a
1127 1571 1202 1598 uon
1223 1560 1459 1599 harmonicis
1489 1557 1550 1614 (et
1575 1562 1631 1599 sic
1661 1562 1712 1600 ab
1733 1560 1802 1600 illa
1829 1573 1944 1600 suum

141 1631 218 1658 csse
248 1620 462 1670 accipiunt)
495 1620 815 1668 excipiunturque
847 1623 886 1658 et
916 1617 1173 1668 applicantur.
1235 1619 1431 1657 Breviter:
1473 1618 1798 1669 configurationes
1827 1632 1944 1671 prae-

142 1679 296 1725 cinunt,
328 1683 468 1716 natura
498 1677 720 1716 sublunaris
750 1676 871 1716 saltat
900 1676 951 1715 ad
981 1676 1088 1726 leges
1119 1676 1236 1726 hujus
1267 1677 1497 1717 cantilenae.
1807 1704 1809 1706 -
1937 1689 1946 1695 ·

257 1736 304 1774 V.
338 1735 525 1785 Quintum
558 1735 762 1774 discrimen
793 1740 852 1774 est
883 1734 1170 1784 quodammodo
1210 1734 1495 1774 annectendum
1525 1736 1664 1785 primo.
1724 1736 1807 1775 Nec
1837 1738 1942 1786 enim

140 1794 346 1834 latitudine
377 1799 527 1833 tantum
559 1794 739 1833 differunt
767 1793 991 1832 harmoniae
1033 1794 1150 1842 hujus
1191 1799 1229 1832 et
1259 1793 1527 1844 praecedentis
1562 1793 1690 1840 libri„
1714 1794 1783 1833 sed
1826 1797 1942 1834 etiam

143 1853 276 1892 ordine
307 1858 553 1903 respectuum
586 1852 844 1900 diversorum,
892 1852 1032 1902 quibus
1073 1852 1220 1901 figurae
1250 1853 1508 1902 geometricae
1545 1853 1710 1901 gignunt
1740 1857 1944 1903 utrumque

141 1923 264 1960 genus
296 1911 604 1950 harmonicarum
636 1913 945 1961 proportionum,
985 1911 1098 1949 tertio
1130 1922 1300 1960 namque
1329 1910 1429 1948 libro
1471 1911 1597 1960 potior
1633 1911 1716 1949 fuit.
1745 1918 1943 1961 respectus

140 1970 372 2018 scibilitatis‚
406 1974 543 2019 quarto
574 1971 650 2007 isto
681 1970 809 2019 potior
841 1971 912 2008 erit
941 1970 1228 2019 congruentiae.
1290 1968 1367 2008 Sed
1396 1967 1444 2007 de
1474 1967 1549 2007 hoc
1570 1970 1707 2018 quinto
1728 1969 1944 2009 discrimine

138 2029 221 2078 jam
252 2040 337 2078 cap.
372 2029 409 2068 5.
442 2040 489 2067 ex
520 2027 694 2078 professo
727 2039 908 2077 agemus,
939 2029 979 2064 in
1011 2027 1272 2077 explicatione
1301 2028 1552 2066 axiomatum.

907 2182 1094 2228 CAPUT
1130 2182 1180 2228 V.

142 2280 204 2315 De
237 2279 386 2316 causis
421 2279 693 2316 efficacium
731 2278 1171 2324 configuratfflnum,
1217 2288 1462 2323 earumque
1498 2279 1685 2331 numero*
1706 2283 1750 2314 et
1788 2279 1944 2338 ordine

932 2336 1155 2380 graduum.
1747 2346 1751 2349 ·

258 2435 516 2474 Definitio
547 2434 580 2472 I.
642 2433 969 2482 Gonfigurationis
993 2444 1069 2471 vox
1090 2435 1253 2472 sumitur
1283 2446 1353 2484 pro
1374 2435 1551 2472 binorum
1571 2433 1778 2484 radiorum,
1800 2435 1944 2484 cujus·

143 2505 219 2543 que
249 2505 274 2532 a
301 2492 460 2543 planeta
489 2504 561 2530 suo
594 2491 884 2539 descendentis,
925 2491 1069 2540 angulo
1101 2492 1191 2539 illo,
1234 2504 1312 2541 quo
1343 2492 1487 2542 angulo
1518 2491 1618 2531 radii
1649 2492 1711 2530 hic
1751 2494 1790 2530 in
1822 2493 1944 2532 Terra

145 2549 270 2605 (quae
301 2554 434 2601 puncti
464 2553 653 2589 rationem
683 2550 821 2597 habet)
848 2553 1013 2598 coe‘unt3
1046 2549 1108 2588 vel
1140 2550 1245 2599 quod
1277 2550 1414 2589 eodem
1433 2551 1545 2599 redit,
1575 2552 1741 2588 sumitur
1762 2562 1833 2601 pro
1853 2563 1943 2590 arcu

144 2609 277 2649 circuli
307 2611 457 2659 magni,
501 2610 539 2646 in
570 2608 732 2647 zodiaco
765 2608 967 2657 descripti,
1010 2608 1076 2656 qui
1114 2620 1225 2647 arcus
1256 2621 1436 2649 mensura
1466 2611 1516 2648 sit
1555 2608 1648 2647 dieti
1678 2609 1830 2658 anguli,
1873 2620 1944 2648 seu

145 2680 260 2718 quem
292 2679 423 2707 arcum
453 2667 535 2706 bini
563 2665 744 2717 planetae
776 2677 979 2715 corporum
1009 2677 1166 2722 suorum
1199 2667 1355 2716 objectu
1387 2669 1605 2707 terminare
1621 2670 1662 2705 et
1683 2669 1806 2716 quasi
1826 2666 1942 2719 prae-

147 2726 274 2767 cidere
305 2727 418 2766 nobis
450 2725 639 2764 terricolis
670 2724 862 2763 videntur.
1398 2746 1401 2750 ·
1739 2744 1743 2749 ·

259 2815 467 2852 Notandum
492 2815 607 2860 primo
634 2814 678 2850 de
703 2812 863 2849 nomine:
895 2812 1125 2848 Ptolemaeus
1160 2814 1196 2848 in
1222 2814 1503 2861 quadripartito,
1535 2812 1573 2850 in
1597 2814 1713 2859 Opere
1737 2798 1866 2874 magno
1890 2814 1942 2849 in.
1956 2828 1962 2835 ·

145 2878 214 2912 que
233 2867 461 2903 Harmonicis
485 2878 733 2912 σχηματισμους
758 2864 933 2910 appellat
967 2864 1062 2908 quod
1080 2865 1218 2900 Arabes
1244 2872 1412 2912 aspectus
1438 2871 1638 2920 verterunt3
1669 2866 1791 2911 quasi
1798 2866 1942 2905 schema

145 2919 192 2954 sit
216 2919 310 2954 idem
335 2919 430 2965 quod
456 2919 588 2964 vultus,
613 2918 742 2963 facies;
777 2917 873 2963 quod
895 2917 1006 2952 etiam
1030 2920 1154 2951 noster
1179 2917 1433 2967 Teutonismus
1457 2918 1586 2961 habet,
1613 2919 1673 2962 qui
1697 2918 1824 2953 faciem
1849 2917 1942 2952 solet

146 2978 330 3013 nominare
344 2976 420 3014 'buz
450 2975 641 3025 angeflcsfi
662 2979 847 3021 aspectum
873 2979 908 3010 et
925 2978 1198 3019 personatorum
1216 2964 1415 3022 schemata,
1442 2976 1546 3011 faciei
1563 2975 1723 3019 obtenta,
1759 2971 1941 3021 Θεῇᾤῒετ,

147 3039 239 3073 quae
264 3030 346 3064 Itali
371 3031 568 3066 Mascaras.
617 3028 800 3064 Invenitur
823 3032 943 3062 tamen
969 3033 1004 3063 et
1028 3037 1099 3066 vox
1122 3033 1383 3074 xpoofizmpmg,
1410 3038 1504 3073 quas
1523 3037 1594 3062 non
1619 3031 1759 3062 tantum
1783 3037 1828 3061 ex
1853 3026 1941 3061 Ara-

144 3080 233 3119 bicis
259 3087 427 3126 aspectus
451 3083 643 3128 vertimus,
668 3082 733 3119 sed
757 3080 865 3120 etiam
889 3079 974 3116 boni
998 3083 1163 3119 auctores
1188 3082 1299 3117 latine
1322 3080 1470 3116 intuitus
1503 3084 1540 3116 et
1563 3079 1666 3124 signa
1688 3077 1867 3114 intuentia
1889 3077 1942 3113 di-
