1988 3276
81 132 135 170 40
584 127 772 175 Epistolae
795 128 943 174 Kepleri
968 129 1190 174 aliorumque
1214 130 1361 166 mutuae

78 251 286 299 redditum,
328 255 371 289 ut
403 251 520 289 etiam
552 248 798 288 Graecismus
827 250 1041 290 manserit?
1099 251 1302 301 Inscriptio
1340 263 1387 290 ex
1417 248 1516 290 libro
1550 254 1618 290 tuo
1658 251 1738 290 sict
1775 249 1872 295 Πως

80 310 129 352 ἀν
159 309 200 350 αἱ
229 324 305 349 των
336 311 593 357 πλανωμενων
612 307 812 354 οἰκειωσεις
842 311 1155 360 παραβαλλοιντο
1185 325 1267 355 ταις
1292 324 1368 349 των
1387 312 1574 362 φθογγων.
1620 308 1725 348 Nihil
1745 309 1872 348 mani-

80 371 216 409 festius
252 369 292 405 in
329 368 463 406 nativa
504 366 648 416 lingua.
680 402 687 417 ‚x
710 366 810 405 Nam
850 382 894 406 το
931 369 1261 421 παραβαλλεσθαι
1299 373 1337 407 et
1373 366 1574 413 οἱκειωσεις
1609 367 1716 407 nullo
1750 367 1871 406 latino

80 426 272 467 vocabulo
305 430 365 464 sat
396 424 596 477 evidenter
626 426 787 474 exprimi
817 430 996 476 possunt,
1042 431 1080 465 et
1110 426 1238 465 ubivis
1279 426 1458 464 vocabuli
1488 423 1538 466 ἀν
1575 427 1613 464 in
1643 426 1765 465 latino
1797 426 1873 465 cir-

81 486 366 526 cumlocutione
398 495 496 534 opus
527 487 597 521 est.
657 483 774 523 Forte
813 485 851 522 in
888 484 990 524 hunc
1020 483 1177 523 modum
1209 483 1454 524 Germanice:
1497 483 1586 524 Wie
1626 496 1741 524 mann
1773 489 1873 523 etwa

82 545 144 583 die
175 548 246 582 etc.
279 542 352 581 den
384 548 455 581 etc.
494 541 737 591 vergleichen
782 542 948 582 miichte.
1010 542 1124 592 Quod
1161 547 1204 582 ut
1233 543 1351 581 latine
1390 543 1583 591 efferatur,
1622 554 1702 582 non
1737 547 1796 582 est
1832 544 1872 581 in

108 607 245 641 romtu.

79 616 104 653 p
196 658 251 699 Ut
287 657 334 696 de
369 657 488 696 latina
521 657 726 709 Porphyrii
767 659 946 697 versione
988 658 1339 709 judiciumfgferam,
1371 656 1549 711 {spatium
1577 663 1682 710 peto.
1740 657 1875 711 Ptole-

82 719 185 757 maei
225 716 376 756 Graeca
423 722 511 754 sunt
556 718 727 766 integra,
774 716 962 766 siquidem
1008 717 1112 768 apud
1150 716 1397 767 Gogavinum
1445 719 1605 768 integra.
1671 717 1875 767 Porphyrii

87 776 239 816 Graeca
268 779 357 813 sunt
388 773 675 813 Commentaria
704 776 742 812 in
773 775 1033 823 Ptolemaica,
1066 775 1134 814 sed
1164 787 1240 814 non
1271 775 1567 826 progrediuntur
1596 775 1696 814 ultra
1725 775 1791 814 lib.
1822 774 1874 813 II.

85 847 168 886 cap.
203 837 239 882 7,
270 844 360 884 pars
391 834 511 871 totius
541 834 630 871 libri
660 834 784 872 minor
816 832 985 872 dimidia.
1049 833 1271 872 Aristotelis
1303 833 1349 872 de
1372 833 1631 882 Audibilibus‚
1664 845 1764 883 quae
1793 832 1878 872 Go-

85 893 250 944 gavinus
281 891 457 940 adjunxit
487 891 714 931 Ptolemaeo
757 893 795 929 in
832 892 995 930 latinum
1027 903 1233 940 conversa,
1275 893 1522 931 inveniuntur
1553 891 1700 931 Graece
1736 893 1774 929 in
1803 891 1879 930 hoe

85 954 170 1002 ipso
210 950 415 1000 Porphyrii
456 949 759 1006 Commentario:
804 949 844 987 id
885 950 1040 1000 quidem
1079 951 1276 1000 professus
1317 956 1375 989 est
1417 950 1658 1001 Gogavinus.
1723 949 1877 988 Tertius

88 1010 261 1049 Graecus
293 1007 415 1047 codex
446 1013 504 1046 est
534 1008 750 1056 Barlaami,
783 1013 872 1046 sunt
902 1014 1031 1047 autem
1063 1008 1278 1058 Logistices
1310 1009 1395 1047 libri
1431 1010 1474 1058 6,
1506 1020 1668 1059 quarum
1697 1009 1879 1058 proposi-

86 1070 211 1107 tiones
241 1066 368 1104 nudae
399 1065 525 1105 editae
557 1079 579 1105 a
601 1066 830 1117 Dasypodio
861 1068 959 1105 inter
989 1067 1212 1117 sphaericae
1244 1067 1440 1106 doctrinae
1469 1068 1672 1117 scriptores
1693 1064 1877 1105 Graecos.

87 1127 309 1176 Sequuntur
339 1124 432 1162 folia
467 1126 537 1172 17,
578 1126 617 1162 in
649 1126 788 1174 quibus
822 1126 1034 1164 confutatio
1076 1127 1099 1164 3
1134 1125 1354 1164 ultimorum
1385 1127 1555 1176 capitum
1593 1126 1635 1163 in
1664 1124 1878 1163 Ptolemaei

88 1183 354 1230 Harmonicis,
385 1183 452 1220 ubi
482 1189 610 1233 negat,
644 1195 728 1222 esse
760 1183 974 1222 Ptolemaei
1005 1189 1170 1232 textum,
1207 1185 1522 1233 inscriptionibus
1556 1194 1646 1222 vero
1675 1182 1881 1234 pollicetur

89 1243 278 1293 genuinos
309 1245 437 1279 textus
468 1241 518 1279 ad
547 1241 763 1280 Ptolemaei
793 1247 959 1280 mentem
991 1242 1244 1292 subjungere,
1286 1242 1353 1280 sed
1386 1244 1423 1280 in
1454 1244 1541 1292 ipso
1570 1243 1758 1292 principio
1789 1252 1881 1279 ora-

89 1302 206 1339 tionis
244 1299 384 1337 desinit
424 1300 552 1341 verbis
590 1300 713 1338 hisce:
765 1301 923 1352 λεγομεν
961 1315 1097 1339 roci-vv.
1166 1301 1344 1350 Denique
1389 1300 1561 1351 ejusdem
1603 1299 1879 1339 demonstratio

89 1358 297 1397 numeralis
326 1357 414 1396 libr.
444 1357 497 1395 II.
530 1357 817 1396 Elementorum
847 1358 962 1397 finem
993 1359 1111 1397 habet
1141 1358 1296 1398 codicis.

206 1415 326 1454 Vides
359 1427 461 1464 ergo,
493 1418 712 1455 necessario
744 1417 1034 1466 conjungendos
1064 1417 1135 1455 hos
1169 1419 1191 1455 3
1215 1416 1482 1470 auctoresggut
1502 1415 1750 1455 Ptolemaeus
1772 1426 1881 1455 com-

89 1479 322 1513 mentatores
362 1473 504 1512 habeat
533 1474 790 1525 Porphyrium
831 1480 869 1513 et
907 1474 1166 1514 Barlaamum.
1228 1475 1417 1524 Equidem
1459 1481 1551 1524 opto
1591 1480 1630 1514 et
1673 1476 1711 1512 in
1753 1486 1880 1513 meam

90 1535 399 1584 βιβλιοθηκιονην
433 1532 570 1571 inferre
607 1533 685 1571 tale
716 1532 911 1582 exemplar
950 1533 1088 1572 saltem
1119 1533 1322 1576 Graecum.
1382 1533 1483 1572 Nam
1514 1532 1607 1583 quid
1639 1532 1686 1571 de
1716 1532 1881 1587 Latinae

90 1591 279 1630 versionis
309 1590 476 1628 utilitate
508 1590 652 1639 dicam,
695 1591 759 1628 vix
789 1591 928 1629 habeo.
990 1591 1083 1629 Plus
1120 1593 1307 1630 absterret
1346 1591 1527 1631 lectorem
1559 1591 1764 1630 difficultas
1795 1603 1881 1630 ma-

90 1650 223 1696 teriae,
265 1659 382 1697 quam
424 1650 611 1687 sermonis
652 1650 883 1698 ignorantia.
945 1649 1111 1688 Etcum
1152 1650 1267 1688 hodie
1306 1662 1353 1688 ex
1384 1650 1615 1699 Augustana
1646 1648 1882 1688 bibliotheca

91 1707 281 1758 prodeant
310 1707 426 1744 etiam
457 1706 650 1746 dialectici
680 1708 897 1757 scriptores,
930 1707 976 1746 de
998 1709 1140 1757 quibus
1171 1709 1336 1755 dubites,
1368 1719 1417 1746 an
1440 1719 1582 1758 operae
1609 1709 1776 1757 pretium
1794 1707 1880 1746 fiat:

93 1767 247 1804 omnino
285 1766 421 1802 mereri
459 1770 554 1814 puto
597 1770 634 1804 et
676 1765 901 1814 dignitatem
939 1766 1180 1805 harmonices
1219 1773 1258 1805 et
1287 1767 1556 1816 antiquitatem
1587 1767 1724 1815 moris,
1767 1769 1884 1819 quem

96 1828 225 1862 servat
254 1822 352 1860 haec
383 1827 554 1861 veterum
586 1825 745 1871 musica,
777 1830 820 1862 ut
849 1824 1023 1874 prodeat,
1056 1831 1094 1863 et
1125 1827 1157 1863 si
1188 1826 1313 1863 minus
1344 1825 1526 1863 lectorem
1557 1824 1771 1864 exhilarare
1799 1829 1884 1876 pot-

94 1887 169 1930 est,
202 1881 339 1919 saltem
370 1880 625 1919 bibliothecas
656 1886 775 1920 ornet.

212 1939 419 1976 Existimas
449 1944 662 1988 praestare,
704 1945 746 1978 ut
782 1941 929 1990 peritus
960 1940 1101 1990 aliquis
1131 1943 1378 1979 summariam
1418 1941 1473 1978 rei
1504 1939 1884 1990 comprehensionem

94 1998 230 2048 paucis
261 1997 414 2046 paginis
445 1996 545 2035 edat.
606 1997 704 2034 Mihi
734 1997 932 2036 diversum
963 1999 1125 2037 videtur.
1185 1999 1283 2037 Nam
1322 2010 1421 2048 quae
1452 2003 1583 2048 potest
1618 2009 1702 2037 esse
1733 1999 1886 2039 brevior

97 2067 214 2105 opera
244 2056 282 2092 in
313 2055 474 2093 materia
514 2054 627 2093 hodie
667 2067 764 2105 pene
795 2056 1021 2105 incognita?
1080 2056 1202 2105 Tum,
1242 2068 1342 2106 quae
1381 2056 1559 2094 utilitas?
1619 2055 1730 2095 Alius
1767 2057 1885 2098 hodie

100 2125 184 2152 mos
227 2117 285 2150 est
323 2117 478 2151 nostrae
514 2115 691 2151 musices.
753 2113 806 2151 At
845 2114 965 2152 multo
1002 2114 1151 2162 malim,
1193 2119 1237 2152 ut
1267 2115 1459 2165 quispiam
1500 2114 1728 2164 adjungeret
1768 2118 1885 2155 etiam

99 2171 271 2210 Euclidis
293 2170 455 2216 Graeca,
489 2175 527 2209 et
547 2172 580 2208 si
611 2171 703 2220 quid
734 2171 827 2210 utile
859 2172 954 2210 dixit
975 2171 1192 2211 Glareanus
1223 2179 1290 2211 aut
1321 2173 1420 2211 alius
1451 2174 1656 2222 quispiam.
1706 2174 1886 2225 Denique

99 2230 278 2268 omnibus
309 2230 348 2266 in
380 2234 524 2267 certum
555 2229 727 2268 ordinem
759 2229 969 2279 dispositis,
1000 2230 1142 2269 Latina
1173 2232 1445 2269 commentatio
1475 2236 1665 2281 perpetua
1695 2227 1887 2272 diffieilio-

98 2300 158 2326 res
189 2287 294 2326 locos
326 2287 542 2336 adjuvaret.
600 2287 662 2326 Ita
691 2299 817 2337 neque
848 2290 974 2327 versio
1005 2288 1146 2327 Latina
1176 2290 1282 2328 oneri
1314 2290 1384 2328 erit
1414 2290 1461 2327 iis
1489 2288 1657 2337 inlunis,
1690 2295 1790 2340 quae
1823 2290 1886 2329 vel

99 2358 175 2384 non
206 2350 371 2395 possunt
400 2345 565 2395 intelligi
596 2347 671 2383 nisi
703 2344 863 2392 Graece,
896 2346 958 2384 vel
990 2358 1074 2385 cum
1105 2347 1235 2385 taedio
1267 2348 1447 2397 leguntur
1471 2346 1628 2386 Latine:
1660 2359 1785 2398 neque
1815 2348 1886 2387 de-

103 2405 174 2444 erit
203 2404 312 2441 locus
343 2405 381 2440 in
414 2403 720 2451 Commentario,
753 2403 968 2442 difficiliora
998 2405 1085 2443 loca
1115 2404 1266 2444 Graeca
1297 2406 1434 2443 Latine
1465 2405 1662 2444 reddendi.

214 2461 267 2491 Ad
293 2461 371 2490 hae<-
395 2461 566 2500 respondit
590 2461 781 2492 Herwartus
808 2461 938 2492 demum
964 2462 994 2493 d.
1021 2461 1073 2496 10.
1100 2462 1172 2495 Oct.
1201 2462 1299 2497 1607.
1323 2463 1437 2494 morbo
1470 2472 1630 2495 excusans
1656 2463 1721 2494 ‘diu
1748 2463 1887 2495 dilatam

99 2508 346 2548 responsionem
371 2506 440 2547 (cfr.
466 2508 522 2539 111.
550 2517 582 2547 p.
608 2505 704 2550 457),
737 2507 857 2538 deinde
890 2509 1011 2547 pergit:
1051 2509 1168 2540 darauf
1196 2511 1248 2541 ich
1283 2509 1370 2540 daun
1401 2509 1519 2540 etliche
1552 2510 1670 2541 Reisen
1703 2511 1886 2542 verrichten

99 2556 254 2595 miissen,
282 2553 435 2584 darunter
460 2553 542 2584 auch
568 2554 651 2584 nach
678 2555 852 2593 Augsburg
877 2554 944 2584 und
971 2554 1130 2586 dasselbst
1155 2556 1352 2598 veraniasst,
1380 2555 1453 2586 dass
1480 2556 1532 2587 die
1558 2556 1740 2587 Harmonia
1765 2555 1885 2588 Graece

102 2605 133 2632 et
158 2601 274 2631 Latine
298 2600 456 2638 gedruckt
479 2599 595 2632 werde.
648 2600 734 2631 Bitte
761 2601 918 2631 demnach
942 2602 1004 2631 mir
1028 2602 1075 2632 sie
1100 2611 1139 2632 zu
1164 2602 1400 2633 iiberschicken
1430 2603 1498 2633 und
1525 2603 1587 2634 den
1612 2601 1758 2634 ordinem
1784 2612 1885 2634 anzu-

102 2648 238 2688 deuteri,
263 2647 325 2677 wie
350 2647 397 2676 sie
424 2655 475 2677 am
499 2646 713 2677 rathlichsten
738 2647 897 2685 gedruckt
919 2647 1047 2678 werden
1072 2648 1211 2679 mochte.

216 2693 278 2724 Die
302 2693 430 2724 Biicher
453 2702 488 2723 so
515 2693 570 2723 der
594 2692 680 2723 Herr
707 2694 872 2735 vcrIangt,
903 2694 977 2724 sind
1001 2694 1093 2724 nicht
1117 2704 1155 2725 zu
1181 2688 1301 2728 finden.
1350 2696 1456 2727 Wenn
1481 2697 1524 2727 Er
1548 2696 1724 2737 Sphaeram
1749 2696 1787 2729 R.
1813 2696 1885 2728 Ab·

101 2741 211 2771 raham
237 2739 389 2780 Hispani,
415 2740 477 2770 filii
503 2738 614 2781 Chaja‚
639 2749 703 2770 von
718 2739 848 2771 Oswald
867 2740 1144 2772 Schreckenfuchs
1169 2743 1314 2782 vertiert,
1341 2744 1423 2774 auch
1446 2753 1509 2774 von
1527 2743 1601 2776 Sub.
1618 2740 1771 2774 Miiuster
1794 2740 1886 2783 (aber

102 2788 152 2816 nit
178 2796 242 2817 von
268 2785 424 2828 Schoner)
451 2786 534 2828 will,
561 2795 596 2816 so
622 2786 817 2817 iiberschick
841 2786 892 2817 ich
919 2787 986 2818 Ime
1011 2787 1155 2818 sollichs.

216 2833 286 2863 Bitt
306 2832 539 2863 insbesondere
572 2842 626 2863 um
652 2833 801 2863 Antwort
833 2833 891 2862 anf
913 2833 974 2864 den
1006 2834 1148 2872 nodum,
1183 2835 1238 2873 qui
1269 2836 1335 2874 jam
1368 2845 1386 2866 a
1426 2835 1538 2866 multis
1563 2835 1658 2865 annis
1682 2844 1734 2866 me
1758 2836 1886 2876 iniquis

100 2878 207 2910 modis
231 2880 342 2921 torsit,
374 2889 495 2910 warum
524 2879 753 2910 Eratosthenes
790 2881 925 2918 ejusque
962 2889 1116 2920 sequaces
1152 2881 1211 2910 uni
1242 2882 1358 2919 gradui
1397 2882 1528 2913 coelesti
1560 2881 1594 2911 iu
1628 2881 1771 2912 maxima
1795 2883 1886 2922 peri-

102 2925 216 2966 pheria
240 2926 354 2956 Terrae
380 2926 486 2957 stadia
511 2924 595 2966 700,
623 2926 764 2964 dagegen
790 2925 937 2956 Marinus
962 2927 1080 2965 Tyrius
1104 2927 1172 2957 und
1198 2926 1355 2958 Claudius
1380 2929 1585 2959 Ptolemaeus
1613 2937 1676 2958 nur
1700 2927 1767 2962 500
1789 2929 1885 2959 attri-

102 2971 219 3003 buiren
246 2972 312 3001 und
338 2982 402 3002 was
429 2973 472 3004 Es
498 2972 600 3003 damit
625 2973 750 3003 ratione
777 2973 968 3012 quantitatis
994 2973 1092 3004 stadii
1118 2974 1168 3004 fiir
1194 2975 1266 3004 eine
1285 2974 1440 3013 Meinung
1465 2973 1532 3005 und
1553 2973 1767 3012 Gelegonheit
1790 2975 1885 3006 habe.

219 3017 284 3047 Der
310 3017 421 3049 Con-‚et
446 3019 525 3049 wird
553 3019 626 3050 dem
651 3018 759 3050 Herrn
791 3019 854 3048 vie-l
881 3028 920 3049 zu
945 3019 1027 3050 thun
1052 3020 1176 3062 geben,
1213 3020 1269 3051 sed
1295 3030 1407 3051 omnes
1437 3020 1553 3059 majori
1578 3019 1741 3053 desiderio
1766 3030 1885 3054 novam

103 3062 219 3097 Martis
244 3063 400 3094 theoriam
428 3075 445 3095 a
469 3069 501 3095 te
526 3069 753 3105 exspectamus
778 3074 912 3105 eamque
938 3068 1088 3105 optamus
1115 3067 1200 3097 votis
1225 3067 1276 3104 X,
1302 3067 1382 3111 XX,
1409 3065 1516 3099 XXX.

219 3109 376 3143 Daneben
401 3121 466 3142 was
491 3112 559 3144 Ime
583 3112 650 3145 lieb
674 3111 743 3142 und
768 3112 948 3151 angonehm
973 3115 1035 3144 etc.
