1994 3276
774 89 885 131 mn
906 87 976 129 111.v
995 76 1116 135 cmm
1135 77 1215 127 xv'.
1605 144 1607 147 Ι
1813 87 1905 131 aaa

29 187 34 193 Ι
106 210 536 258 nom·sz
574 210 783 260 stationam
811 219 927 257 vero,
967 208 1008 247 in
1037 218 1117 258 qua
1144 207 1362 247 molimur
1388 205 1556 258 epodos,
1597 206 1684 244 rice
1712 205 1895 244 stationis

37 273 46 281 ‘
106 266 251 308 'Penne
277 268 408 309 fuisse.
468 268 520 306 At
549 267 805 318 Pythagoras,
836 268 903 316 qui
933 269 1084 316 septem
1114 264 1279 304 chordas
1308 265 1418 316 lyrae
1446 263 1500 303 ad
1527 274 1729 303 nnmerum
1754 263 1902 313 plane—

106 330 237 365 tum
258 331 411 377 ιομαιι
439 326 659 372 ordinavit,
700 323 857 364 videtur
890 326 1023 376 potius
1063 322 1115 363 ad
1150 323 1331 374 planetas
1373 323 1593 373 respexisse
1623 321 1816 371 vultuque
1846 319 1900 359 ad

106 384 322 424 thetidem
333 394 465 433 verso,
502 382 658 422 dextras
687 386 816 434 partes
845 383 884 420 in
916 383 1064 422 oriente
1098 379 1271 428 locasse,
1317 386 1363 420 ut
1394 383 1450 419 ita
1481 380 1618 419 directi
1647 379 1831 432 planetae
1860 383 1901 421 ut

105 443 145 480 in
174 443 361 486 orientem
391 442 511 481 delati
540 441 724 492 strophen
764 440 1057 488 adumbrarem,
1097 438 1312 491 retrogradi
1349 438 1641 490 antistrophen,
1680 437 1899 483 stationarii

104 499 258 554 epodon
287 511 358 545 seu
386 506 554 542 stantem
583 499 753 541 chorum,
811 498 876 538 Ita
903 499 1026 546 enim,
1067 499 1167 537 sicut
1204 496 1343 537 iisdem
1380 499 1481 538 inest
1521 496 1686 548 planetis
1724 494 1899 544 directio,

103 557 400 609 matio,
430 559 560 607 statio,
592 559 650 597 sic
678 558 796 597 etiam
824 556 926 596 idem
958 555 1099 596 chorus
1129 561 1200 605 est,
1232 556 1300 609 qui
1320 554 1374 601 ad
1394 554 1562 603 dextras,
1594 556 1661 605 qui
1692 559 1732 599 et
1761 553 1814 598 ad
1840 553 1900 597 si-

102 617 244 657 nistrss
272 617 315 665 it,
346 622 386 659 et
414 618 481 667 qui
511 621 600 655 stat.

216 673 317 717 Nam
343 677 380 717 si
409 673 625 713 voluissent
652 674 792 718 musici
821 671 877 712 illi
907 677 1198 730 repraesentare
1226 673 1437 713 stationem
1466 670 1658 719 Telluris,
1688 681 1769 714 non
1799 680 1899 721 opus

103 731 157 776 ad
184 732 261 775 hoc
287 733 427 776 fnisset
453 738 565 783 parte
595 736 745 780 cantus,
777 742 877 781 quae
907 736 1111 770 cantaretur
1139 735 1269 770 stante
1298 729 1431 777 choro,
1458 729 1542 779 jam
1571 734 1692 771 antea
1722 729 1826 769 enim
1856 729 1896 768 in

103 790 275 840 chorago
292 796 423 837 stante
442 792 481 829 in
501 790 630 830 medio
659 791 912 840 suppetiisset
941 789 1021 830 illis
1040 791 1163 829 instar
1191 789 1288 829 satis
1308 787 1549 827 luculentum
1578 788 1720 827 stantis
1740 785 1952 825 Terrae..

102 849 157 892 At
185 859 278 888 oum
303 847 472 900 Apollo,
510 848 703 897 chor-gns
732 847 798 887 ille
829 847 1031 886 Musarum
1061 847 1188 894 chori,
1226 848 1354 897 poetis
1391 857 1469 888 nou
1500 845 1660 884 Terram
1690 844 1896 894 significet,

101 905 172 946 sed
201 906 355 955 Solem,
392 918 442 946 ne
471 907 510 944 in
542 906 712 955 chorago
742 905 898 955 quidem
935 910 1065 945 stante
1094 916 1280 955 expressa
1320 905 1439 943 fuisse
1469 903 1626 942 videtur
1653 904 1772 942 statio
1801 902 1901 941 Tel-

100 963 218 1015 luris3
256 965 381 1004 multo
410 966 513 1004 enim
543 964 791 1003 verisimilius
821 968 900 1012 est,
938 963 1013 1002 hac
1042 963 1203 1013 choragi
1233 963 1363 1013 quiete
1393 961 1652 1012 significatam
1684 972 1770 1000 esse
1799 961 1897 999 sim-

101 1022 314 1075 plicitatem
344 1026 473 1062 motus
504 1022 607 1061 Solis
634 1021 752 1060 medii
782 1023 885 1060 inter
913 1021 1111 1073 planetas,
1151 1020 1328 1073 epicyclo
1369 1025 1567 1063 carentem,
1601 1030 1674 1059 nec
1702 1024 1898 1069 retrogra-

102 1080 251 1122 dationi
282 1081 339 1120 illi
367 1080 612 1133 planetarum
641 1080 875 1119 obnoxiam:
906 1086 951 1119 ut
979 1081 1034 1119 ita
1063 1084 1148 1119 tota
1177 1079 1285 1119 chori
1303 1079 1424 1118 facies
1452 1079 1566 1117 unice
1595 1077 1647 1117 ad
1677 1077 1830 1116 coelum
1859 1082 1899 1116 ct

39 1190 46 1194 ¹
100 1137 279 1189 planetas
306 1138 504 1186 reseratur,
534 1138 757 1180 nullatenus
788 1138 837 1177 ad
868 1137 1041 1177 Terram.
1101 1137 1272 1178 Tantum
1301 1138 1419 1188 igitur
1450 1136 1498 1179 de
1518 1135 1792 1191 multiplicium
1823 1146 1898 1176 va-

101 1197 306 1246 rietatum,
347 1209 449 1248 qnae
479 1197 611 1237 insunt
641 1198 680 1237 in
710 1196 952 1246 singulorum
980 1195 1228 1248 planetarum
1255 1195 1448 1244 motibus,
1488 1195 1779 1246 comparatione
1809 1205 1899 1237 cum

101 1254 218 1294 rebus
247 1254 406 1295 musicis
435 1255 578 1294 dixisse
608 1254 779 1294 sufficiat
794 1251 879 1301 xv).
1279 1284 1285 1289 .

193 1332 292 1368 Nota
312 1332 344 1368 1.
389 1333 446 1368 De
468 1332 539 1367 hoc
561 1343 708 1377 quoqne
732 1333 850 1378 capite
875 1332 975 1368 solus
999 1332 1127 1368 titulus
1149 1337 1207 1367 est
1229 1330 1447 1375 Ptolemaei,
1473 1335 1594 1367 cetera
1617 1340 1698 1366 msa
1719 1335 1823 1376 sunt,
1848 1331 1900 1366 sic

101 1383 244 1430 quiden
267 1385 483 1430 composita,
520 1385 589 1430 uti,
622 1390 794 1430 quantum
820 1396 866 1421 ex
890 1385 1185 1421 antecedentibus
1219 1384 1365 1429 assequi
1389 1383 1601 1427 conjectura
1623 1383 1744 1428 potui,
1780 1382 1900 1419 Ptole·

101 1447 226 1473 naeus
248 1438 328 1483 ipse
349 1436 614 1483 compositurus
636 1436 719 1472 fnit.
765 1437 857 1473 Nam
881 1438 1067 1481 uacatio,
1102 1448 1198 1483 qnae
1219 1438 1256 1473 in
1281 1437 1428 1482 vulgata
1451 1435 1610 1471 editione
1644 1435 1757 1472 latina
1791 1435 1901 1480 inque

100 1490 354 1536 macrinus
375 1490 517 1535 graecis
541 1489 648 1524 titulo
672 1491 838 1534 subjecta
869 1496 944 1534 est,
982 1490 1126 1535 penitus
1158 1490 1247 1524 nihil
1272 1489 1400 1531 habet,
1435 1487 1532 1533 quod
1555 1487 1663 1523 titulo
1688 1488 1818 1533 capitis
1842 1497 1898 1522 re-

0 1535 3 1539 ’
27 1530 63 1559 ⁷³
80 1551 83 1561 ¹
102 1542 294 1587 spondeat;
318 1541 418 1587 qnod
441 1550 594 1586 operose
617 1541 876 1578 demonstravit
898 1542 1065 1578 Barlasm
1097 1542 1298 1578 monachus
1322 1540 1446 1577 libello
1481 1550 1631 1586 graeco,
1662 1541 1767 1586 cujus
1791 1549 1901 1585 supra

102 1595 211 1631 etim
233 1595 331 1631 facta
353 1600 411 1630 est
432 1594 579 1629 mentio.

215 1663 314 1699 Nota
329 1663 376 1698 Π.
422 1662 545 1707 vides,
569 1663 765 1708 praescribi
788 1662 1037 1698 tantummodo
1062 1661 1260 1707 problema,
1285 1661 1513 1707 propositum
1537 1662 1650 1698 veluti
1674 1661 1901 1705 astronomis,

103 1715 200 1762 quod
223 1726 271 1751 ne
295 1715 439 1760 quidem
463 1716 608 1760 attingit
631 1715 934 1760 comparationem
965 1714 1138 1760 aliquam:
1169 1713 1233 1749 sed
1265 1714 1384 1749 adhuc
1413 1714 1510 1749 intra
1540 1719 1644 1760 septa
1668 1724 1708 1749 se
1740 1714 1902 1750 continet

101 1768 354 1807 astronomiae.
386 1768 555 1804 Dubitari
577 1768 690 1813 igitur
712 1771 844 1812 potest,
870 1778 915 1802 an
939 1766 1170 1802 Ptolemaeus
1193 1767 1263 1801 hoc
1287 1767 1407 1812 capite
1425 1767 1730 1812 comparationem
1754 1767 1900 1803 omnino

102 1820 257 1867 aliqum
280 1821 391 1856 fuerit
411 1820 654 1865 instituturus,
680 1825 717 1855 et
746 1820 776 1855 si
799 1824 918 1856 motus
941 1819 1169 1866 planetarum
1195 1824 1470 1864 comparaturus
1494 1823 1573 1855 erat
1608 1818 1717 1854 rebus
1741 1817 1902 1866 musicis¹

104 1873 246 1909 cuinam
269 1873 379 1918 igitur
400 1872 496 1918 parti
520 1883 639 1908 rernm
664 1872 952 1907 harmonicarum
976 1882 1038 1907 eas
1064 1882 1273 1916 comparare
1296 1870 1468 1916 voluerit,
1501 1881 1583 1907 cum
1606 1870 1644 1907 id
1667 1882 1742 1907 non
1763 1869 1899 1906 indicet

102 1923 140 1958 in
175 1924 302 1970 titulo,
340 1923 438 1969 quod
473 1924 614 1960 solebat
652 1925 846 1967 hactenns,
884 1934 950 1960 nec
981 1929 1096 1960 restet
1136 1923 1250 1959 ullum
1283 1929 1394 1968 caput
1433 1923 1663 1959 harmonicae
1698 1922 1899 1968 doctrinae,

105 1976 201 2021 qnod
223 1987 296 2011 non
316 1976 391 2021 jam
415 1980 521 2013 antea
544 1976 655 2012 fuerit
679 1977 881 2013 absumtum
905 1977 943 2012 in
968 1977 1088 2024 capita
1112 1987 1231 2012 rerum
1256 1975 1580 2012 astronomicarum
1605 1978 1823 2019 comparata.

219 2040 312 2085 Quia
334 2045 455 2076 tamen
490 2041 744 2087 proportiones
769 2046 930 2076 motuum
956 2051 1129 2086 quaerere
1165 2040 1396 2085 numerisque
1421 2040 1623 2086 exprimere
1647 2039 1775 2077 titulus
1798 2036 1900 2073 insti-

103 2092 184 2136 tuit,
206 2091 382 2137 suspicari
403 2103 597 2138 possumus
623 2094 667 2130 de
692 2093 946 2137 consonantiis,
973 2093 1058 2138 quia
1082 2098 1118 2128 et
1141 2092 1211 2128 hae
1236 2093 1441 2128 consistunt
1454 2092 1493 2127 in
1516 2090 1810 2137 proportionibus
1833 2100 1899 2128 nu·

104 2142 353 2185 merabilibus,
388 2149 425 2180 et
449 2145 533 2190 qnia
557 2145 647 2180 nihil
670 2146 838 2191 impedit,
871 2145 997 2182 eadem
1022 2146 1142 2192 capita
1165 2143 1390 2182 harmonicoe'
1414 2146 1472 2182 bis
1495 2142 1710 2190 comparari:
1746 2141 1900 2186 primum

105 2195 323 2233 coelestibus
345 2196 384 2231 in
407 2207 556 2242 genere,
595 2202 635 2233 nt
658 2199 695 2233 in
720 2198 897 2244 capitibus
922 2198 1215 2235 antecedentibus
1230 2226 1239 2242 ,
1270 2198 1401 2233 iterum
1424 2197 1461 2233 in
1486 2196 1663 2245 capitibus
1688 2193 1818 2229 abhinc
1842 2202 1898 2230 se-

106 2247 314 2294 «luentibus,
345 2248 499 2294 planetis
524 2250 685 2296 singulis.
731 2250 802 2286 Ubi
826 2247 1042 2295 notandum,
1067 2251 1163 2295 quod
1186 2250 1354 2285 binorum
1377 2250 1472 2284 inter
1496 2258 1536 2284 se
1559 2252 1721 2283 motuum
1745 2255 1896 2295 proporf

103 2299 222 2335 tiones
246 2301 282 2335 vi
305 2311 493 2336 causarum
516 2303 735 2338 moventium
758 2302 969 2348 plerumque
994 2303 1065 2338 sint
1089 2302 1291 2338 ineffabiles
1307 2300 1477 2345 numeris,
1501 2304 1619 2336 motus
1644 2298 1780 2334 scilicet
1803 2297 1898 2334 inter

106 2361 147 2388 se
170 2363 280 2388 cansa
302 2353 495 2389 celeritatis
521 2360 557 2390 et
580 2354 764 2390 tarditatis
789 2354 1180 2390 incommensurabiles.
1225 2359 1228 2362 ’

222 2416 291 2460 Qui
316 2416 478 2456 defectus
504 2429 585 2453 cum
608 2418 795 2463 impediat,
821 2428 893 2462 quo
915 2418 1032 2454 minus
1058 2422 1176 2454 motus
1202 2429 1283 2454 cnm
1306 2415 1503 2461 phthongis
1528 2412 1731 2460 systematis
1755 2423 1897 2460 compa-

106 2471 241 2513 rentur,
266 2468 399 2514 quippe
421 2468 461 2504 hi
484 2471 606 2505 omnes
630 2471 724 2505 inter
748 2479 788 2505 se
814 2470 1154 2509 commensurabiles
1179 2474 1281 2505 sunt:
1306 2469 1398 2504 haec
1420 2468 1531 2512 igitur
1555 2476 1665 2502 causa
1686 2465 1757 2502 fuit
1778 2465 1898 2501 Ptole·

109 2527 224 2562 maeo,
250 2531 325 2565 cur,
352 2530 445 2564 quae
462 2520 656 2557 ineffabilia
680 2526 774 2566 sunt,
799 2521 902 2556 effari
925 2524 1120 2558 tentaverit
1143 2533 1208 2568 per
1232 2531 1411 2558 numeros.
1436 2520 1496 2556 Ex
1520 2529 1591 2564 quo
1618 2518 1726 2554 datur
1746 2517 1899 2565 intelligi

109 2570 280 2616 amplius:
305 2577 368 2608 aut
390 2582 462 2608 non
486 2578 674 2609 accuratas
697 2574 767 2609 hoc
792 2573 909 2618 capite
934 2575 1058 2618 quaeri
1078 2580 1239 2610 motuum
1263 2573 1527 2619 proportiones,
1551 2571 1615 2609 sed
1639 2581 1705 2617 pro
1722 2569 1816 2606 veris
1840 2581 1899 2607 ac-

110 2624 251 2668 ceptari
268 2623 362 2668 illas,
387 2634 479 2668 quae
502 2625 596 2661 veris
618 2630 779 2660 motuum
802 2626 1097 2671 proportionibus
1121 2628 1425 2672 appropinquant,
1449 2623 1607 2659 numeris
1631 2621 1813 2666 estabiles,
1836 2626 1900 2659 aut

109 2675 147 2710 in
168 2686 297 2720 magna
319 2677 442 2720 aliqua
463 2681 624 2711 motuum
646 2677 814 2712 hinorum
836 2677 1062 2723 planetarum
1080 2680 1288 2719 variatione,
1314 2688 1420 2722 quam
1445 2676 1608 2720 sequitur
1630 2673 1898 2711 innumerabilis

110 2729 382 2773 proportionum
404 2728 609 2772 multitudo,
633 2739 757 2765 omnes
779 2729 872 2775 illas,
898 2742 990 2776 quae
1007 2743 1088 2767 cum
1111 2731 1328 2768 harmonicis
1346 2729 1563 2773 coincidunt,
1590 2726 1767 2765 eruendas
1789 2727 1899 2773 inque

111 2784 344 2825 conspectum
366 2779 537 2815 locandas
561 2779 688 2825 fuisse,
712 2786 753 2816 ut
776 2786 933 2829 pateret,
966 2795 1136 2821 omnesne
1159 2784 1368 2819 harmoniae
1393 2781 1550 2817 omnium
1573 2780 1800 2826 planetarum
1823 2789 1898 2814 mo·

110 2831 208 2868 tibus
232 2832 324 2867 inter
347 2842 387 2867 sc
411 2833 624 2878 comparatis
647 2834 905 2881 respondeant,
942 2846 988 2872 an
1012 2842 1133 2873 certae
1166 2835 1373 2872 harmoniae
1396 2833 1546 2870 seorsim
1569 2837 1750 2870 certorum
1772 2831 1897 2882 plane-

111 2887 229 2920 tarum
248 2884 445 2920 motibus?

226 2949 302 2984 Nec
326 2940 480 2984 obscura
503 2953 559 2985 est
583 2949 764 2993 emphasis
786 2949 977 2987 locutionis
1001 2952 1130 2997 hujus:
1166 2961 1340 2996 «quonam
1364 2954 1472 2995 pacto
1498 2949 1578 2994 quis
1602 2949 1804 2994 sumserit»,
1826 2950 1899 2989 hoc
1927 2959 1933 2967 ¹

35 2996 39 3003 ‘
114 2998 291 3046 indicans,
328 3000 365 3035 id
388 3000 486 3044 quod
509 3011 650 3036 sumere
673 3001 900 3036 Ptolemaeus
923 3002 1150 3048 intendebat,
1186 3003 1328 3039 omnino
1353 3001 1499 3038 difficile
1524 3005 1560 3036 et
1582 3001 1796 3046 perplexum
1815 3013 1898 3040 esse

114 3058 250 3099 sumtu,
282 3063 349 3091 seu
373 3053 459 3098 quia
480 3054 577 3092 modi
600 3053 788 3091 sumtionis
813 3053 919 3101 varii,
955 3065 1022 3092 sen
1045 3056 1130 3100 quia
1153 3055 1191 3091 in
1214 3054 1364 3099 singulis
1387 3054 1595 3090 inconstans
1618 3058 1780 3089 motuum
1803 3055 1897 3095 cele-

1608 3115 1690 3155 26¹*
