1994 3276
621 161 850 201 Eunoni&
907 158 1019 203 Liber
1039 156 1107 198 m.
1131 156 1259 208 Caput
1272 159 1321 198 11.
1784 161 1867 206 145

195 266 488 335 Propositio
517 281 673 321 xvm.
731 281 863 321 Sectio
903 239 1072 322 chordae
1111 282 1151 319 in
1188 286 1322 332 partes
1356 279 1455 320 duas
1493 278 1739 333 longitndine
1768 280 1868 322 effa·

81 338 202 389 biles,
243 342 284 380 iu
311 351 392 392 qna
418 339 484 380 vel
514 346 598 380 tota
626 338 691 379 vel
718 341 887 390 partium
915 338 1040 379 altera
1068 350 1271 379 nnmerum
1310 339 1533 391 portionum
1571 339 1738 391 acquirit
1776 334 1872 391 pro-¹-

82 395 208 448 prlum
248 397 395 450 figurae
430 396 782 438 indemonstrabilis
818 395 998 453 (quando
1027 396 1185 449 quidem
1223 399 1373 439 numeri
1409 402 1449 436 et
1475 397 1598 437 totius
1634 402 1675 437 et
1701 399 1870 450 partium

82 457 184 495 inter
210 466 255 496 se
281 457 396 508 primi
423 454 610 511 fuerint),
637 467 718 495 non
746 460 806 495 est
835 456 1070 496 harmonica.

195 506 476 548 Demonntntur
496 517 539 548 ut
559 513 616 548 16.
660 510 772 548 Fiunt
796 511 892 548 enim
914 521 962 548 ex
983 510 1100 547 tribus
1122 510 1232 547 trium
1251 508 1484 547 terminorum
1507 509 1801 557 proportionibus
1823 509 1872 547 ad

80 563 198 600 minua
219 563 313 601 dm
336 563 529 609 dissonae,
554 568 680 602 eontra
702 563 948 601 definitionem
970 565 1215 611 praemissam-

194 612 273 653 me
300 619 393 654 sunt
420 616 496 653 tria
524 613 722 665 exempla,
766 616 805 653 in
835 616 961 666 primo
990 614 1117 665 major
1154 625 1247 665 pars
1275 618 1336 652 est
1364 617 1513 664 septem
1553 618 1772 682 octavae,

77 670 285 770 {2⁸:23⁰
313 674 438 712 minor
466 678 527 712 est
555 684 635 712 uua
660 683 775 723 nona,
807 675 847 711 in
875 671 1005 712 medio
1024 678 1151 713 totum
1179 673 1285 723 capit
1303 677 1435 722 partes
1453 676 1615 722 septem,
1646 660 1772 711 om-¹

270 741 332 770 na.

1787 705 1795 754 Ι

245 814 384 872 ..Ξ
738 815 975 895 {eg-{2
1469 755 1872 1036 ¹

1791 1075 1797 1134 Ι

195 991 199 995 ,
243 903 385 986 ᾗ
741 912 972 937 “m‘’

217 1030 429 1123 Ξ,
617 1037 717 1077 (Loe-
740 1037 788 1068 sie
810 1037 858 1077 Ξ
871 1038 986 1067 notate
1015 1036 1103 1067 notis
1132 1037 1276 1069 usitatae

686 1083 832 1115 munim
854 1086 1024 1124 noqueunt
1045 1082 1213 1125 exprimi.)

1391 814 1583 1106 ¹¹¹¹}

181 1100 428 1158 ,--Θ-ῐ·,

1382 1108 1602 1198 'i

610 1174 624 1196 Ἰ

283 1273 302 1295 ι
679 1269 698 1292 ³
1266 1269 1285 1292 ι
1810 1275 1823 1297 ι

196 1322 504 1374 propositio
533 1319 654 1358 XIX.
714 1319 810 1357 Post
839 1319 1108 1368 octogonicam
1147 1318 1256 1359 nulla
1284 1319 1399 1360 datur
1430 1325 1555 1362 sectio
1585 1323 1754 1363 chordae
1782 1323 1876 1363 har-

84 1390 398 1481 momesaequentes
420 1432 515 1468 enim
539 1433 718 1468 sectiones
742 1436 806 1467 aut
827 1431 920 1467 finnt
950 1439 1016 1476 per
1039 1428 1174 1475 figuras
1206 1431 1545 1472 indemonstrabiles
1575 1447 1770 1483 earumque
1793 1436 1879 1473 stel-

83 1488 149 1530 las,
172 1491 210 1523 et
231 1491 465 1532 tuncpartes
488 1484 574 1521 licet
596 1484 691 1519 inter
714 1494 754 1519 se
777 1493 977 1519 consonare
1000 1484 1152 1528 possint,
1176 1490 1296 1521 tamen
1321 1486 1510 1525 dissonant
1529 1499 1553 1525 a
1567 1494 1656 1531 toto,
1680 1499 1747 1535 per
1768 1498 1825 1525 ax.
1843 1489 1878 1533 3,

83 1543 149 1576 ιιιι
169 1548 235 1584 per
256 1538 393 1584 figuras
414 1536 712 1573 demonstrabiles
736 1536 1041 1573 demonstratione
1068 1537 1275 1583 impropria,
1300 1544 1342 1576 nt
1372 1551 1439 1586 per
1464 1541 1877 1592 peutekaedeengonnm‚

87 1593 347 1636 ἀιωοιιιιιιφιο
368 1591 538 1637 propriae
561 1596 683 1636 partes
706 1590 876 1626 sectionis
900 1600 923 1625 a
945 1594 1041 1631 toto,
1077 1600 1143 1635 per
1165 1590 1392 1629 corollarium
1417 1594 1464 1630 ad
1486 1605 1546 1632 ax.
1570 1595 1609 1638 3,
1644 1599 1708 1630 aut
1730 1603 1797 1640 per
1817 1593 1878 1630 de·

10 1675 14 1678 Δ
90 1643 345 1680 monstrabiles
369 1643 672 1680 demonstratione
695 1642 860 1688 propria,
888 1652 983 1687 qnae
1005 1647 1089 1687 post
1111 1649 1356 1702 pentagonum
1390 1657 1516 1683 omnes
1539 1651 1625 1683 sunt
1651 1647 1877 1697 parilnterae,

84 1695 168 1733 vide
191 1695 322 1733 librum
344 1696 375 1732 L
420 1695 520 1754 Ergo
550 1700 672 1740 partes
703 1693 829 1730 talium
864 1694 1063 1729 sectionum
1093 1696 1259 1740 proprias
1299 1703 1444 1742 oportet
1477 1698 1697 1735 constituere
1728 1708 1877 1735 numero

84 1749 292 1795 portionum
315 1747 484 1784 sectionis
509 1747 659 1792 impari,·
690 1745 722 1781 si
745 1745 840 1780 enim
863 1746 942 1790 pari
965 1757 1114 1783 numero
1138 1754 1382 1794 sumerentur,
1414 1761 1500 1796 pars
1534 1755 1633 1786 esset
1662 1760 1736 1786 non
1757 1749 1878 1809 hujus

18 1798 21 1805 “
88 1800 271 1843 sectionis,
296 1799 361 1836 sed
384 1799 514 1845 prioris
541 1798 703 1844 propria,
728 1803 771 1833 nt
794 1797 907 1833 divisa
929 1798 1064 1833 chorda
1087 1798 1123 1833 in
1149 1800 1205 1843 10,
1229 1801 1260 1835 si
1284 1801 1490 1846 portionum
1514 1802 1535 1837 4
1568 1801 1624 1837 vel
1648 1802 1669 1838 6
1692 1801 1876 1846 sumserit,

87 1852 237 1900 perinde
260 1857 317 1888 est
339 1862 381 1888 ac
405 1852 436 1887 si
460 1851 574 1886 divisa
597 1849 731 1886 chorda
754 1851 790 1884 in
815 1851 836 1886 5
861 1860 1020 1886 sumeres
1044 1851 1249 1895 portionum
1274 1853 1297 1888 2
1331 1853 1388 1889 vel
1412 1856 1447 1890 3.
1496 1853 1585 1890 Cum
1609 1864 1695 1900 ergo
1725 1863 1810 1899 pars
1834 1852 1883 1889 sit

0 1891 2 1916 ⁵
22 1930 26 1933 ·
89 1915 238 1941 numero
260 1904 399 1950 impari,
423 1909 500 1939 tota
524 1912 671 1940 numero
695 1902 791 1947 pari,
815 1902 896 1948 ipsa
917 1903 1061 1948 quidem
1084 1914 1169 1949 pars
1193 1905 1328 1950 poterit
1352 1916 1552 1943 consonare
1576 1906 1654 1952 toti,
1682 1905 1714 1942 si
1737 1916 1809 1942 nou
1833 1906 1881 1942 sit

89 1958 205 2003 maior
226 1957 390 2003 quinario
413 1960 492 2002 (per
514 1967 567 2001 pr.
591 1957 650 1999 5.),
674 1960 713 1991 at
735 1966 808 1990 una
832 1956 1069 1993 consonantia
1093 1968 1166 1992 non
1182 1958 1318 1994 sufficit
1341 1959 1387 1995 ad
1404 1959 1601 1995 sectionem
1624 1958 1879 2002 harmonicam,

88 2013 132 2045 ιιι
153 2014 257 2055 patet
280 2019 326 2045 ex
349 2007 574 2052 definitione3
597 2012 684 2042 tunc
707 2016 792 2041 vero
816 2006 1000 2044 dissonum
1024 2010 1094 2045 erit
1116 2010 1317 2052 residuum,
1355 2016 1435 2046 tota
1458 2012 1554 2047 enim
1576 2012 1725 2057 ponitur
1745 2010 1880 2057 portio·

88 2071 175 2096 num
196 2061 353 2106 plurium
375 2070 484 2106 quam
507 2059 540 2104 8,
565 2064 603 2094 et
624 2058 760 2094 residui
783 2058 943 2096 definitio
966 2067 1034 2104 est,
1056 2068 1098 2098 ιιι
1121 2062 1170 2098 sit
1191 2063 1309 2107 majus
1334 2062 1491 2108 dimidio,
1513 2074 1564 2100 sc.
1583 2063 1701 2108 majus
1723 2072 1832 2108 quam
1844 2062 1879 2098 4-

88 2112 276 2149 Minimum
307 2123 392 2157 ergo
420 2111 605 2147 residuum
634 2110 672 2146 in
703 2110 878 2147 divisione
907 2114 1093 2149 octonaria
1122 2119 1178 2150 est
1202 2116 1245 2159 5,
1278 2115 1315 2150 in
1348 2115 1654 2151 numerosioribus
1682 2121 1740 2151 est
1760 2114 1879 2159 majus

92 2176 201 2211 qnam
223 2168 258 2202 5.
303 2166 347 2201 In
371 2165 537 2201 omnibns
560 2174 645 2209 ergo
668 2163 886 2199 sectionibus
911 2164 1067 2201 chordae
1101 2172 1185 2211 post
1220 2167 1438 2202 octonariam
1469 2166 1615 2203 residua
1637 2170 1724 2201 sunt
1752 2164 1878 2211 impari

88 2228 249 2263 numero,
273 2217 401 2262 majori
422 2228 530 2262 quam
555 2218 588 2252 5.
635 2217 746 2261 Atqui
769 2218 907 2252 numeri
930 2218 1107 2263 impares,
1142 2218 1297 2263 majores
1321 2229 1429 2264 quam
1452 2220 1491 2262 5,
1521 2217 1659 2263 proprii
1681 2222 1767 2252 sunt
1789 2216 1878 2263 fign-

89 2279 210 2305 rarum
233 2267 618 2312 indemonstrabilium,
649 2279 716 2314 per
738 2268 767 2303 1.
798 2269 845 2304 45
876 2275 914 2306 et
941 2271 999 2307 47.
1046 2271 1145 2316 Ergo
1176 2282 1242 2317 per
1263 2282 1370 2317 prop.
1397 2271 1453 2307 13.
1485 2270 1594 2315 hujus
1621 2267 1766 2304 residua
1787 2267 1879 2304 haec

91 2326 284 2357 causatur
306 2322 483 2357 sectiones
506 2333 580 2357 non
603 2322 843 2358 harmonicas.

205 2404 510 2444 Corollaria.
569 2406 600 2443 I.
645 2405 846 2445 Sectiones
876 2408 990 2445 unius
1022 2407 1189 2446 chordae
1218 2407 1463 2446 harmonicae

90 2469 181 2502 snut
208 2473 368 2501 numero
397 2469 565 2513 septem,
595 2475 673 2502 non
702 2463 845 2513 plnres.

203 2519 257 2559 11.
300 2519 540 2570 Propagatio
568 2532 834 2569 numerorum,
874 2525 942 2572 qui
972 2529 1063 2561 suut
1099 2523 1341 2562 characteres
1378 2534 1467 2561 sec·
1714 2506 1793 2552 ι’
1835 2506 1858 2543 7

92 2579 262 2625 tionum,
309 2578 353 2615 fit
390 2579 464 2616 hoc
505 2584 641 2630 pacto:
681 2580 791 2618 initio
826 2582 982 2632 ponitur
1021 2581 1218 2620 fractionis
1248 2581 1371 2619 forma
1401 2588 1466 2620 to-
1670 2530 1710 2661 ἑὲ

36 2670 38 2673 ,
92 2641 196 2683 tum,
237 2637 366 2674 unitas
396 2635 544 2674 scilieet
581 2648 700 2686 supra
738 2649 808 2688 pro
837 2644 1102 2687 numeratore‚
1144 2645 1183 2678 et
1213 2641 1339 2678 unitas
1367 2640 1468 2677 infra
1629 2599 1669 2733 ἑὲ
1711 2643 1792 2690 ξ-
1811 2646 1854 2681 11

91 2704 161 2743 pro
190 2693 500 2742 denominatore3
540 2693 682 2733 deinde'
708 2703 869 2746 uterque
901 2709 1082 2735 numerus
1120 2698 1281 2737 seorsim
1311 2699 1468 2746 ponitur
1588 2713 1607 2757 ὲ
1673 2713 1691 2734 ι
1752 2719 1790 2738 ...ν
1834 2716 1856 2753 9

36 2748 57 2770 '⁴
92 2761 223 2804 supra,
254 2758 294 2790 et
322 2763 478 2789 summa
507 2753 707 2801 utriusque
737 2756 916 2804 utrinque
947 2756 1065 2802 infra,
1105 2761 1148 2793 ut
1177 2766 1225 2794 ex
1257 2766 1335 2793 una
1365 2766 1466 2804 qua·
1530 2750 1555 2815 s
1668 2734 1693 2761 ἶ
1751 2800 1789 2807 —
1833 2786 1855 2796 -

59 2835 62 2839 -
92 2808 191 2848 libet
219 2809 404 2848 fractione
435 2809 513 2847 duo
544 2810 716 2847 oriantur
743 2814 861 2860 rami,
898 2823 1070 2862 eousque
1107 2812 1197 2851 dum
1237 2824 1285 2851 ex
1314 2823 1466 2850 summa
1494 2842 1505 2863 ,
1551 2842 1560 2861 ,
1832 2797 1853 2864 ζ

91 2864 162 2904 fiat
188 2878 369 2905 numerus
398 2867 514 2905 index
543 2866 689 2914 figurae
718 2867 1081 2908 indemonstrabilis.
1379 2894 1384 2900 -
1410 2818 1563 2953 ἰΐέ
1613 2853 1648 2943 53
1747 2869 1792 2876 ‘⁸
1838 2865 1851 2890 ‘

205 2923 291 2963 Has
318 2926 510 2963 sectiones
540 2923 706 2963 chordae
735 2932 883 2981 septem
901 2930 1067 2978 primum
1087 2927 1224 2966 auditu
1245 2927 1371 2965 indice
1402 2929 1464 2963 in-
1586 2922 1625 3009 ἦ
1668 2921 1688 2966 ξ
1748 2942 1790 2947 -
1813 2926 1852 2960 11

88 2983 198 3032 seni,
225 2982 388 3020 totidem
415 2994 567 3031 nempe,
598 2986 694 3031 quot
722 2988 814 3021 sunt
840 2984 1064 3024 harmoniae
1094 2996 1171 3023 non
1190 2985 1357 3034 maJores
1386 2996 1466 3022 una
1529 2955 1539 3050 Ι
1622 2947 1666 3077 33

13 3049 21 3073 ,ἦ
96 3036 307 3089 diapason3
336 3045 475 3089 postea
505 3051 643 3078 causas
673 3044 713 3078 et
740 3042 954 3080 sectionum
973 3043 1213 3093 singularum
1244 3048 1282 3080 ct
1307 3043 1465 3080 univer-
1529 3052 1688 3120 biam}
1747 3081 1788 3087 ,-
1808 3063 1854 3100 13

1546 3099 1565 3122 Ξ

70 3103 223 3135 ‘mum
255 3098 402 3136 numeri
447 3109 524 3136 non
560 3099 644 3136 sine
682 3097 816 3136 labore
855 3110 903 3138 ex
938 3102 1189 3150 penitissimis
1223 3101 1458 3149 geometriae

162 3169 285 3202 &pleri
301 3169 399 3202 open
414 3169 451 3197 V.
1612 3173 1664 3210 10
