1988 3276
163 148 214 187 12
938 145 1163 183 Prooemium

169 277 315 317 vapore
352 266 440 307 ferit
481 277 593 305 nares
630 265 870 316 odoratuque
913 267 1139 318 percipitur,
1188 278 1273 306 cum
1311 267 1493 317 strepitus
1534 265 1618 316 eJus
1653 265 1824 315 auditur,
1865 276 1951 304 cum

164 324 329 364 videtur.
403 324 491 364 Hae
534 326 682 375 species
723 324 926 364 sensibiles
965 337 989 364 a
1027 326 1204 365 sensibus
1246 326 1481 376 recipiuntur
1517 325 1723 364 introrsum
1760 335 1829 375 per
1869 325 1950 362 vim

163 385 533 433 repraesentativam
575 395 644 422 seu
685 382 988 433 phantasticam,
1041 388 1326 434 cognoscuntur
1376 395 1444 434 per
1497 394 1653 422 sensum
1679 393 1947 431 communem,

161 441 326 492 denique
365 453 435 492 per
471 453 689 492 supremam
721 443 872 480 animae
902 442 1124 481 facultatem
1155 443 1253 481 inter
1283 453 1324 481 se
1356 445 1643 492 comparantur,
1685 440 1791 491 quod
1816 439 1948 480 itidem

162 504 221 538 est
256 501 359 549 pati.
433 499 508 538 His
549 499 599 538 ad
636 499 854 539 harmonias
893 500 1089 539 translatis
1130 499 1386 549 concluditur,
1430 511 1514 539 esse
1555 511 1622 539 eas
1659 511 1720 538 res
1761 496 1811 538 ab
1855 500 1950 549 ipsis

164 557 450 608 quodammodo
480 558 595 597 rebus
627 559 859 603 abstractas,
902 563 1093 608 quatenus
1123 561 1271 609 species
1303 570 1428 598 rerum
1471 570 1541 608 per
1576 569 1712 596 sensus
1754 558 1950 607 ingressae

160 615 287 665 adque
317 617 486 655 tribunal
516 618 668 656 animae
697 616 905 667 perductae
935 617 1029 656 fiant
1058 619 1209 656 termini
1239 617 1497 667 proportionis
1518 616 1764 655 harmonicae
1783 615 1948 655 sensilis.

160 673 258 712 Sunt
299 685 391 713 vero
429 674 608 723 eaedem,
655 676 798 724 inquit,
840 680 1060 724 concretae,
1104 681 1142 715 et
1180 677 1270 726 quia
1305 676 1379 715 hae
1417 676 1566 726 species
1595 686 1720 714 rerum
1743 673 1950 713 ‘sensilium

160 736 250 770 sunt
280 732 479 782 qualitatis
510 733 662 772 sensilis
702 731 763 786 (in
794 744 910 782 sono,
953 733 1097 773 lumine
1128 732 1223 788 etc.)
1268 738 1306 773 et
1336 738 1426 784 quia
1455 739 1538 772 tum
1567 731 1721 772 demum
1750 733 1788 770 in
1821 733 1950 771 animo

160 790 385 840 clarescunt,
417 803 536 842 quum
566 803 627 830 res
658 793 766 841 ipsae
798 795 950 830 exstant
980 797 1018 830 et
1047 797 1215 832 manent.
1256 793 1470 831 Discrimen
1502 792 1601 831 inter
1629 791 1701 830 has
1729 790 1950 829 harmonias

161 853 200 888 et
229 861 341 888 veras
375 849 693 901 „archetypicas“
734 851 774 887 in
806 861 851 889 eo
891 854 960 898 est,
993 850 1097 900 quod
1128 852 1168 888 in
1197 851 1258 889 his
1289 852 1439 889 termini
1470 854 1561 888 sunt
1591 861 1638 888 ex
1667 849 1950 888 mathematicis

159 908 375 958 generibus,
409 908 550 947 circulo
571 913 609 947 et
629 919 732 957 arcu,
764 912 870 947 certo
901 907 1016 947 modo
1046 909 1231 958 formatis,
1264 908 1341 947 illis
1372 913 1504 948 contra
1533 908 1608 947 hoc
1638 907 1822 957 singulari
1853 907 1949 946 sub-

156 966 261 1016 Jecto
291 977 368 1004 non
399 978 496 1016 opus
528 970 604 1015 est,
648 966 717 1005 sed
756 968 908 1005 nonnisi
944 977 984 1005 re
1026 967 1158 1017 aliqua
1195 967 1337 1006 sensili.
1409 966 1471 1005 Ad
1510 966 1584 1005 hoc
1626 970 1755 1004 autem
1791 967 1830 1003 in
1871 964 1950 1004 illis

159 1024 365 1074 requiritur
384 1037 445 1063 res
464 1036 596 1074 agens,
628 1024 775 1064 scilicet
804 1037 923 1073 mens,
955 1025 1132 1075 subJecta
1154 1025 1384 1075 dijudicans.
1425 1025 1564 1075 Itaque
1593 1024 1758 1063 circulus
1789 1024 1950 1074 ejusque

161 1094 289 1130 arcus,
337 1082 504 1133 regulari
542 1083 731 1122 divisione
767 1083 877 1130 facti,
919 1088 1008 1122 sunt
1047 1084 1264 1134 subjectum
1301 1084 1525 1123 harmoniae
1564 1081 1837 1133 inquirendae3
1878 1081 1950 1120 has

163 1142 399 1191 quantitates
442 1144 571 1180 mente
615 1146 682 1179 aut
723 1143 959 1180 extrinsecus
997 1147 1172 1192 receptas
1215 1146 1282 1184 aut
1316 1142 1365 1180 ab
1404 1143 1516 1180 initio
1554 1142 1594 1179 in
1635 1153 1683 1180 ea
1718 1145 1757 1180 et
1787 1152 1873 1179 cum
1903 1151 1950 1178 ea

161 1203 308 1238 creatas
341 1211 424 1238 esse
454 1211 611 1238 necesse
643 1203 701 1238 est
732 1204 770 1238 et
800 1201 854 1239 ita
884 1199 1050 1250 quidem,
1093 1206 1134 1239 ut
1174 1199 1337 1240 circulus
1380 1200 1542 1250 ejusque
1573 1210 1684 1238 arcus
1714 1199 1950 1238 extrinsecus

161 1259 200 1295 in
231 1261 397 1296 mentem
427 1259 577 1308 possint
606 1270 692 1297 esse
722 1257 831 1307 illati,
863 1257 932 1297 sed
950 1260 1048 1297 ratio
1069 1260 1167 1298 inter
1187 1258 1370 1298 circulum
1397 1259 1557 1309 ejusque
1588 1269 1700 1297 arcus
1728 1257 1952 1296 harmonica

162 1328 185 1354 a
214 1317 337 1366 primo
368 1317 478 1355 initio
509 1317 628 1356 menti
659 1318 708 1355 sit
737 1317 864 1365 insita,
896 1328 974 1356 nec·
986 1318 1115 1367 imago
1146 1319 1197 1356 sit
1227 1319 1308 1356 veri
1337 1317 1397 1355 sui
1417 1316 1706 1367 paradigmatis,
1736 1314 1805 1355 sed
1824 1317 1950 1365 ipsum

163 1373 285 1412 veluti
322 1374 561 1425 paradigma.
622 1374 695 1413 His
737 1375 847 1413 dictis
891 1374 1083 1426 Keplerus
1127 1377 1322 1414 examinat
1350 1379 1527 1427 veterum
1553 1374 1874 1425 philosophorum
1903 1372 1950 1412 de

161 1433 363 1471 harmonia
383 1434 604 1481 sententias,
637 1434 754 1472 citato
773 1433 940 1472 maxime
961 1433 1089 1472 Procli
1108 1434 1194 1473 loco
1226 1434 1459 1483 (Comment.
1480 1435 1521 1472 in
1539 1433 1607 1472 lib.
1620 1433 1650 1471 I.
1674 1432 1795 1471 Elem.
1818 1429 1949 1484 Eucl.)

163 1490 210 1529 de
242 1493 410 1530 essentia
438 1503 564 1530 rerum
594 1491 965 1540 mathematicarum‚
1000 1493 1118 1543 „quia
1147 1504 1225 1532 non
1255 1497 1405 1531 tantum
1434 1493 1623 1542 genuinos
1642 1490 1950 1530 harmonicamm

162 1550 365 1598 terminos,
398 1549 562 1589 circulos
595 1554 633 1588 et
663 1561 774 1589 arcus
804 1562 828 1588 a
855 1550 987 1600 figuris
1017 1552 1220 1599 rescissos,
1259 1552 1299 1588 in
1337 1552 1466 1590 anima
1501 1551 1619 1600 inque
1655 1553 1784 1588 mente
1814 1549 1950 1588 statuit

162 1608 429 1657 essentialiter,
461 1607 531 1647 sed
552 1609 668 1648 etiam
699 1610 790 1658 quia
819 1609 895 1648 sibi
925 1609 1065 1648 similia
1094 1609 1303 1659 proterenti
1333 1608 1452 1648 demit
1481 1608 1668 1647 invidiam
1697 1607 1831 1658 reJecti
1859 1606 1951 1654 hinc

161 1665 250 1705 inde
279 1665 541 1705 Aristotelis“.

298 1724 386 1763 Hae
415 1725 583 1764 rationes
613 1723 860 1764 harmonicae
892 1725 942 1764 ab
973 1725 1109 1764 altiore
1127 1727 1292 1778 ¹animae
1330 1726 1390 1774 vi,
1437 1737 1536 1775 quae
1568 1723 1705 1764 eadem
1733 1724 1773 1762 in
1803 1723 1951 1763 artibus

164 1786 202 1822 et
229 1781 351 1821 literis
380 1783 504 1832 valet,
549 1782 825 1833 dijudicantur3
868 1788 1151 1834 cognoscuntur
1192 1789 1320 1823 autem
1359 1785 1398 1821 in
1437 1784 1576 1823 exteris
1618 1783 1733 1822 rebus
1773 1782 1950 1821 inferiore

162 1841 279 1879 animi
308 1842 368 1890 vi,
410 1853 487 1879 non
517 1841 633 1879 modo
674 1841 839 1890 homini,
886 1842 953 1880 sed
997 1844 1114 1881 etiam
1143 1839 1335 1892 pecudum
1365 1843 1515 1892 generi,
1558 1853 1681 1891 aeque
1712 1851 1759 1879 ac
1791 1839 1950 1890 „mundi

162 1899 341 1937 animae“
374 1899 508 1946 indita,
539 1900 623 1938 sive
655 1900 848 1939 instinctu.
898 1900 975 1938 Hic
1005 1901 1208 1939 instinctus
1238 1903 1270 1939 is
1303 1905 1372 1950 est,
1405 1901 1470 1949 qui
1502 1899 1683 1938 discernit
1712 1909 1829 1937 sonos
1858 1898 1951 1937 har-

162 1957 336 1995 monicos
377 1961 416 1996 et
455 1957 764 1996 harmonicorum
810 1957 977 1996 siderum
1016 1958 1211 1997 radiorum
1256 1960 1334 1996 vim
1378 1958 1507 1997 sentit.
1566 1956 1621 1997 Ut
1663 1956 1806 2007 plantis
1843 1957 1950 1995 notio

162 2016 311 2053 numeri
341 2015 391 2053 ab
421 2015 530 2053 initio
561 2017 662 2054 inest
705 2013 906 2069 (numerus
943 2016 1121 2055 foliorum
1161 2018 1201 2054 in
1240 2008 1638 2064 fioribus,'numerus
1675 2025 1883 2065 granorum
1912 2016 1952 2052 in

161 2069 322 2126 pomis),
365 2074 421 2111 ita
459 2074 719 2112 animantibus
755 2079 792 2112 et
831 2074 977 2113 homini
1014 2076 1131 2113 insita
1169 2080 1227 2114 est
1257 2074 1387 2113 circuli
1423 2076 1550 2123 noti03
1595 2075 1792 2123 „animae‚
1835 2073 1952 2112 etiam

163 2131 381 2179 inferiores,
425 2133 661 2182 compositae
701 2136 739 2170 et
781 2133 1039 2171 conformatae
1080 2137 1168 2171 sunt
1209 2132 1258 2171 ad
1300 2132 1502 2180 circulum,
1545 2132 1652 2172 velut
1688 2131 1739 2170 ad
1777 2142 1952 2170 normam

165 2190 384 2239 legemque,
417 2201 579 2241 cumque
600 2191 684 2240 ipso
708 2191 849 2229 circulo
873 2191 1033 2240 ejusque
1056 2191 1427 2230 demonstrabilitate
1458 2190 1584 2229 ideam
1614 2191 1731 2229 etiam
1761 2190 1952 2229 rationum

165 2248 494 2297 harmonicarum,
541 2260 640 2298 quae
680 2248 768 2287 inde
799 2249 1035 2299 dependent,
1078 2249 1324 2288 induerunt“.
1385 2249 1636 2299 Recipiuntur
1670 2248 1745 2287 hae
1782 2249 1952 2287 rationes

165 2307 294 2344 animo
325 2307 366 2343 in
396 2307 512 2345 rebus
542 2306 748 2346 sensilibus
780 2319 849 2357 per
869 2319 1016 2355 sensus,
1049 2309 1085 2345 in
1115 2308 1230 2346 rebus
1252 2307 1499 2346 insensilibus
1519 2307 1597 2345 alia
1618 2307 1734 2346 animi
1754 2306 1951 2355 facultate,

168 2364 377 2414 „facultate
415 2365 566 2403 animae
604 2364 756 2413 vitali“‚
803 2377 902 2415 quae
944 2378 1027 2415 cap.
1060 2365 1151 2404 VII.
1194 2365 1367 2415 pluribus
1406 2365 1628 2403 illustratur.
1697 2365 1953 2404 Praemissam

167 2426 296 2461 autem
315 2424 668 2472 interpretationem
689 2422 881 2473 Keplerus
903 2425 984 2474 ipse
1012 2423 1105 2461 dicit
1138 2425 1392 2473 „obseuram,-
1410 2423 1694 2473 quodammodo
1715 2422 1954 2462 materialem

167 2484 206 2519 et
237 2480 310 2518 sub
341 2481 443 2519 nube
475 2482 585 2530 quasi
615 2482 895 2531 ignorantiae“.
954 2481 1177 2521 Facultates
1208 2482 1299 2520 illae
1330 2482 1447 2520 animi
1478 2482 1673 2521 inferiores
1707 2493 1784 2520 non
1815 2482 1952 2529 sciunt,

166 2550 208 2577 se
236 2539 443 2589 percipere,
475 2543 518 2577 ut
549 2550 634 2578 cum
655 2538 830 2578 videntes
862 2539 1008 2588 aliquid
1029 2551 1104 2578 non
1125 2544 1253 2579 tamen
1277 2539 1628 2589 animadvertimus,
1660 2551 1731 2578 nos
1751 2538 1790 2576 id
1808 2538 1951 2577 videre.

165 2595 219 2636 Ut
259 2608 366 2635 amor
401 2596 554 2646 puellae
593 2598 722 2635 existit
759 2599 797 2634 in
836 2599 964 2635 animo
997 2598 1172 2647 Juvenis‚
1214 2599 1419 2637 nescientis
1458 2610 1535 2648 qua
1565 2599 1612 2638 de
1644 2609 1762 2637 causa
1791 2600 1830 2635 et
1861 2596 1953 2646 quid

167 2656 206 2692 in
236 2659 366 2705 amata
408 2655 562 2704 diligat,
605 2667 722 2706 quum
762 2655 1071 2706 physiognomon
1111 2657 1150 2693 in
1189 2657 1407 2695 amantibus
1449 2669 1616 2704 morum,
1662 2656 1756 2702 oris,
1796 2654 1953 2693 habitus

168 2712 448 2762 similitudines,
482 2725 581 2763 quae
611 2714 872 2752 nescientibus
903 2725 1070 2753 amorem
1101 2714 1326 2762 incendunt,
1358 2717 1528 2764 noverit,
1569 2717 1624 2754 ita
1652 2715 1690 2751 in
1722 2712 1798 2751 illis
1828 2712 1954 2751 facul-

168 2772 314 2810 tatibus
349 2776 435 2820 „est
463 2783 599 2810 sensus
629 2773 920 2822 proportionum
950 2774 1032 2811 sine
1063 2773 1219 2811 sensu“.
1279 2772 1394 2822 (Cap.
1426 2771 1500 2827 II.)

307 2829 368 2867 Ita
412 2834 621 2879 postquam
665 2835 723 2868 est
768 2829 1030 2878 disquisitum,
1079 2831 1141 2868 cui
1184 2831 1301 2869 insint
1344 2831 1567 2870 harmoniae
1598 2834 1781 2879 tanquam
1813 2829 1953 2879 agenti,

170 2886 349 2924 foi-manti
380 2899 449 2927 seu
481 2887 627 2937 opifici,
668 2887 859 2938 Keplerus
891 2899 972 2938 cap.
1001 2888 1071 2925 ΠΙ.
1104 2889 1228 2938 pergit
1259 2888 1307 2927 ad
1338 2890 1574 2939 subiectum,
1613 2889 1652 2925 in
1683 2886 1787 2936 quod
1817 2891 1955 2937 agatur

170 2944 388 2983 harmoniis.
434 2945 543 2984 Haec
564 2950 693 2984 autem
714 2945 890 2995 subjecta
919 2949 1026 2984 sunt:
1059 2948 1197 2995 anima,
1231 2959 1330 2996 quae
1362 2947 1551 2997 descripta
1572 2950 1630 2985 est
1650 2957 1674 2983 a
1696 2946 1781 2984 Deo
1812 2945 1852 2982 in
1881 2944 1953 2982 has

171 3003 438 3052 proportiones
477 3003 738 3053 harmonicas,
778 3003 975 3053 planetae,
1023 3005 1162 3053 quibus
1200 3005 1386 3055 regularis
1425 3006 1526 3044 inest
1566 3007 1692 3042 motus
1724 3007 1761 3042 et
1792 3013 1954 3052 quorum

171 3071 352 3099 numerus
383 3063 496 3100 certis
527 3074 574 3100 ex
602 3061 803 3101 harmonia
834 3061 1017 3100 desumtis
1060 3061 1212 3112 legibus
1256 3063 1434 3102 definitus
1465 3067 1541 3110 est,
1585 3060 1750 3111 denique
1787 3061 1952 3109 animae,

172 3120 354 3158 creaturis
371 3119 572 3159 mundanis
588 3121 817 3170 praefectae.
848 3120 1012 3170 Inquirit
1025 3119 1229 3171 Keplerus,
1247 3134 1338 3160 num
1355 3121 1578 3160 harmoniae
1594 3121 1711 3159 insint
1726 3119 1764 3157 in
1782 3129 1952 3167 numero,
