1994 3276
185 82 271 122 480
857 77 900 114 In
923 77 1156 115 Harmoniam
1169 77 1306 115 Mundi

184 193 343 231 lectione
366 193 550 231 retineret.
596 194 752 231 Tantum
783 195 877 231 enim
899 195 1042 231 illorum
1067 199 1104 230 et
1125 194 1306 240 tantisper
1328 195 1504 239 meminit,
1536 196 1620 233 dum
1651 209 1765 234 unum
1787 199 1891 245 <prius
1914 210 1976 236 no·

183 251 261 283 tum
285 247 434 288 alterius
459 256 572 282 causa
594 247 809 282 recordandi
833 252 890 283 est
922 251 959 284 et
982 259 1063 284 cum
1087 248 1150 284 illo
1177 248 1357 284 cohaeret.
1403 247 1504 284 Haec
1527 259 1634 287 causa
1665 254 1722 286 est
1744 250 1977 296 plurimarum

181 301 454 347 parenthesium
477 300 514 335 in
539 310 724 342 sermone,
749 300 834 336 dnm
859 302 994 344 omnia,
1025 312 1118 347 quae
1142 301 1211 346 ipsi
1236 301 1342 344 simul
1365 300 1543 348 incidunt,
1567 308 1723 348 propter
1745 304 1979 340 fortissimam

183 354 458 390 commotionem
484 354 640 389 omnium
665 358 898 399 cognatarum
924 355 1125 400 specierum
1149 354 1186 390 in
1211 354 1400 399 memoria,
1439 355 1491 390 sic
1514 355 1620 392 etiam
1646 355 1775 393 efferre
1798 356 1978 402 loquendo

181 406 291 452 cupit.
340 406 399 441 Ex
424 416 467 441 eo
491 405 657 441 taediosa
679 411 743 442 aut
767 412 865 443 certe
889 407 1063 453 perplexa
1088 413 1124 443 et
1146 408 1266 443 minus
1290 407 1526 452 intelligibilis
1548 407 1717 445 efficitur
1747 410 1826 454 ejus
1851 410 1977 446 oratio.

180 458 390 495 Notandum
419 463 556 503 autem,
582 468 693 503 supra
722 460 792 495 etsi
816 459 906 504 dixi,
944 470 1024 495 esse
1049 458 1283 503 cupiditatem
1314 459 1409 495 hanc
1433 459 1547 495 vivam
1581 460 1620 496 in
1643 462 1761 497 otiosa
1784 462 1874 504 vita,
1903 472 1977 496 non

180 517 302 548 tamen
326 511 527 556 verisimile,
554 511 772 547 exstinctum
795 513 839 547 iri
863 513 900 548 in
925 512 1122 557 negotiosa.
1171 512 1265 548 Nam
1289 522 1335 547 ne
1359 511 1411 547 sic
1437 511 1591 556 quidem,
1617 515 1778 558 quamvis
1803 519 1978 560 perpetuo

181 564 479 615 occupatissimus
505 563 561 608 (de
593 563 697 607 cujus
735 564 902 600 fortunae
934 575 1045 601 causa
1077 563 1195 608 alibi),
1229 564 1387 599 abstinet
1417 574 1438 599 a
1463 563 1720 609 cupiditatibus
1751 567 1837 602 suis.
1884 566 1979 611 Quin

179 618 301 663 potius
327 617 460 653 omissa
484 615 762 652 honestissimae
785 616 981 653 functionis
1004 616 1209 652 necessaria
1234 628 1330 659 cura,
1355 627 1398 653 eo
1422 617 1507 663 abit,
1533 628 1606 663 quo
1626 618 1740 654 fertur
1761 618 1876 664 ipsius
1900 619 1978 654 ani—

179 681 279 716 mus,
305 674 345 706 ut
361 667 677 714 reprehensionem
695 679 768 704 non
785 669 970 715 effugeret,
996 669 1066 705 nisi
1080 674 1222 714 promta
1236 670 1440 705 eruditione
1456 675 1736 716 extemporanea
1752 671 1979 708 satisfaceret

180 729 365 769 utcunque
389 722 567 758 functioni
591 732 690 757 suae.
741 722 902 758 Summa:
928 723 996 758 etsi
1020 721 1194 757 functioni
1218 723 1390 769 invigilat,
1415 723 1458 758 fit
1481 724 1550 760 hoc
1571 729 1690 760 tamen
1715 735 1796 760 cum
1818 723 1891 760 illis
1914 724 1978 759 im-

178 775 411 822 pedimentis,
437 785 530 820 quae
553 772 642 810 dixi.
685 775 879 820 Nunquam
911 776 1005 811 enim
1027 775 1098 820 ipsi
1126 775 1228 811 deest
1243 776 1394 811 materia
1412 777 1617 823 cupiditati,
1641 778 1771 822 ardori,
1796 777 1979 814 scrutandi

179 828 300 865 studio
332 827 504 863 difficilia.
551 827 603 862 Et
633 826 745 863 millia
780 827 887 863 simul
918 827 1100 870 incidunt,
1137 828 1268 872 quibus
1302 828 1541 875 explicandis,
1578 840 1659 866 cum
1686 834 1849 875 tempore
1878 830 1977 866 nullo

180 880 425 917 circumscribi
448 879 585 925 possit,
619 879 732 924 magis
757 879 953 925 impeditur
977 890 1064 915 cura
1088 880 1125 915 in
1150 880 1288 927 officio,
1320 892 1428 927 quam
1458 882 1607 919 incuria.
1655 883 1706 919 Et
1729 893 1817 918 sane
1846 883 1878 919 si
1902 871 1978 938 'ors

181 934 301 979 ipsum
325 933 361 968 in
386 932 548 968 militiam
573 931 756 968 intulisset
781 932 838 976 (de
855 943 927 977 quo
945 931 1054 976 alibi),
1083 931 1185 969 fortis
1210 935 1354 970 omnino
1377 934 1516 972 fuisset.
1562 936 1645 972 Non
1662 935 1756 971 enim
1779 935 1893 982 magis
1917 935 1978 970 ille

177 986 281 1023 miles
307 989 374 1030 est,
399 984 460 1030 qui
483 985 592 1019 rebus
617 983 814 1019 consumtis
839 994 885 1020 ex
910 984 1162 1030 desperatione
1186 987 1223 1023 in
1248 992 1370 1024 castra
1393 987 1588 1024 descendit.
1616 988 1752 1024 ·Adest
1772 988 1845 1032 ira,
1873 987 1979 1025 indu-

179 1039 268 1074 stria
293 1038 377 1081 doli,
401 1036 598 1083 vigilantia,
625 1035 785 1072 assultus
809 1039 990 1082 repentini
1013 1041 1206 1086 subitique,
1235 1051 1303 1080 nec
1325 1041 1482 1077 fortasse
1506 1040 1650 1076 deesset
1673 1040 1840 1077 felicitas.

270 1151 281 1154 U
298 1103 354 1138 De
378 1102 493 1148 primo
515 1100 591 1146 jam
617 1100 805 1137 dicendum
831 1107 938 1146 esset,
966 1104 996 1140 si
1019 1116 1092 1141 non
1118 1110 1215 1143 esset
1233 1106 1310 1151 ,iam
1334 1105 1479 1142 dictum.
1512 1102 1672 1152 Nullus,
1697 1105 1755 1142 cui
1779 1110 1852 1141 tam
1875 1106 1978 1142 fortis

180 1161 237 1193 est
269 1154 466 1202 cupiditas,
501 1153 633 1189 rationi
662 1158 782 1199 paret3
814 1154 988 1199 juvenum
1014 1158 1107 1193 enim
1128 1157 1302 1204 Juvenilia
1332 1162 1417 1194 sunt
1441 1158 1630 1194 desideria.
1679 1158 1750 1194 Sed
1785 1162 1906 1194 tamen
1931 1158 1977 1193 ad

180 1207 403 1256 quaestionis
428 1207 691 1244 absolutionem
714 1206 967 1251 inquirendum
998 1215 1055 1246 est
1077 1211 1114 1247 in
1127 1211 1312 1255 rationem,
1339 1211 1533 1256 judicium,
1563 1210 1844 1256 intelligentiam.
1891 1211 1977 1246 Exi-

179 1264 296 1308 stimo,
320 1261 431 1306 illum,
459 1260 520 1305 qui
545 1270 669 1295 verum
694 1263 730 1295 et
754 1260 947 1296 honestum
971 1262 1078 1308 videt,
1105 1262 1407 1299 omniumwridere
1425 1262 1642 1308 acutissime,
1666 1263 1818 1309 proinde
1835 1273 1978 1308 semper

164 1315 261 1352 ’cum
284 1314 428 1359 ingenio
454 1323 534 1348 esse
554 1311 740 1357 judicium,
766 1317 802 1347 et
827 1314 888 1357 qui
912 1310 1025 1351 ha'bet
1047 1316 1151 1362 signa
1174 1315 1260 1351 boni
1282 1315 1435 1361 ingenii,
1469 1316 1603 1351 habere
1628 1317 1736 1352 etiam
1759 1315 1885 1360 judicii
1909 1327 1975 1361 pro

178 1367 326 1404 modulo
350 1377 481 1411 rerum,
506 1366 544 1401 in
569 1365 699 1410 quibus
725 1371 906 1411 versatur,
932 1372 974 1402 ut
998 1379 1141 1414 semper
1163 1367 1291 1404 melius
1311 1368 1487 1412 judicium
1511 1368 1664 1414 literati,
1697 1376 1803 1413 quam
1828 1368 1976 1413 plebeji,

178 1420 307 1456 ceteris
331 1419 492 1466 paribus.
539 1417 645 1453 Unde
669 1427 812 1462 semper
835 1418 1049 1455 mirabilium
1073 1431 1221 1465 operum
1247 1421 1435 1457 architecti
1467 1425 1566 1457 recte
1593 1422 1638 1457 de
1661 1422 1769 1456 rebus
1798 1420 1975 1466 judicant,

178 1472 340 1519 quamvis
373 1483 447 1508 non
471 1480 612 1517 semper
635 1470 777 1507 faciant.
825 1471 918 1507 Nam
944 1471 1110 1516 jndicare
1142 1473 1275 1518 ingenii
1301 1476 1386 1518 ests
1408 1472 1528 1508 facere
1556 1473 1805 1518 cupiditatum.
1852 1473 1974 1517 Atque

178 1525 263 1561 hinc
288 1530 359 1570 est,
398 1523 496 1569 quod
519 1523 682 1559 homines
709 1523 907 1559 doctissimi
931 1524 1111 1560 interdum
1136 1525 1292 1570 pessime
1325 1525 1516 1561 consulunt
1538 1525 1776 1570 reipublicae,
1814 1523 1899 1568 quia
1923 1534 1983 1559 sc.-

178 1576 436 1622 cupiditatibus
460 1575 650 1619 indulgent
681 1579 717 1610 et
747 1574 877 1610 malam
903 1586 1047 1612 causam
1082 1577 1198 1622 pej0ri
1230 1577 1450 1614 conscientia
1480 1577 1696 1613 defendunt.
1735 1576 1879 1612 Etenim
1898 1586 1974 1621 quo

178 1630 332 1675 quisque
366 1629 507 1665 doctior
542 1633 613 1670 est,
649 1628 718 1663 hoc
755 1627 920 1672 aequior,
959 1633 995 1664 et
1025 1628 1171 1665 indocto
1203 1629 1278 1665 sive
1312 1630 1478 1676 imperito
1510 1629 1602 1665 nihil
1624 1639 1777 1674 usquam
1806 1629 1965 1674 iniquius

178 1683 362 1729 Quosdam
387 1682 494 1718 etiam
520 1681 612 1717 aliae
637 1681 912 1716 circumstantes
943 1691 1073 1717 causae
1104 1684 1288 1727 coercent,
1322 1694 1393 1727 quo
1426 1682 1543 1718 minus
1576 1693 1713 1718 verum
1723 1682 1821 1727 quod
1852 1682 1974 1718 vident

176 1737 374 1772 fateantur:
409 1735 571 1781 papistas
597 1733 802 1770 dominatus
827 1733 966 1778 Papae.
992 1733 1118 1779 religio
1143 1735 1384 1779 antiquitatis,
1409 1734 1498 1770 alios
1523 1735 1747 1780 superstitio,
1783 1733 1874 1770 alios
1898 1737 1973 1768 stu-

178 1789 274 1825 dium
299 1787 434 1824 ordinis
458 1786 604 1833 politici,
630 1785 721 1822 alios
746 1786 866 1831 opinio
891 1786 1131 1823 multitudinis
1155 1788 1467 1824 consentientium.
1515 1788 1642 1833 Itaque
1670 1785 1892 1831 impossibile
1917 1789 1973 1822 est

176 1842 360 1888 astrologo
385 1840 610 1887 praedicere,
644 1838 730 1885 quid
754 1839 790 1873 in
815 1839 976 1884 qualibet
1007 1851 1047 1875 re
1070 1846 1178 1876 natus
1204 1842 1406 1876 censiturus
1439 1841 1495 1876 sit.
1546 1839 1768 1875 Generaliter
1791 1842 1913 1874 autem
1935 1837 1972 1872 id

177 1906 300 1932 verum
330 1898 403 1935 est,
441 1892 502 1938 qui
534 1892 654 1928 valent
685 1891 847 1936 ingenio,
883 1892 1067 1927 minimum
1102 1893 1265 1938 impediri
1294 1893 1332 1928 in
1359 1892 1509 1937 judicio.
1557 1892 1634 1927 Nec
1664 1891 1771 1935 longe
1795 1890 1928 1926 absunt
1950 1900 1973 1924 a

177 1947 332 1993 fastigio,
360 1945 390 1982 si
415 1946 476 1991 qui
500 1948 689 1980 moventur
712 1945 820 1980 rebus
845 1944 927 1990 illis,
954 1956 1047 1990 quae
1073 1945 1262 1990 subiacent
1287 1944 1478 1980 universali
1500 1943 1635 1979 formae
1661 1948 1697 1978 et
1721 1943 1971 1979 consuetudini

175 2000 375 2042 humanae,
411 2002 452 2034 ut
474 2002 668 2042 propterea
691 2007 815 2032 verum
847 2008 920 2032 non
945 2003 1103 2034 cernant.
1153 1998 1225 2033 Sed
1254 2003 1390 2043 tamen,
1431 1997 1491 2042 qui
1521 1997 1578 2032 his
1601 1996 1860 2042 impediuntur,
1898 2007 1971 2032 non

177 2056 262 2088 sunt
294 2060 379 2087 vere
409 2050 473 2085 alti
503 2049 611 2085 animi
640 2060 707 2085 nec
738 2049 895 2084 omnium
922 2049 1128 2086 doctissimi.
1178 2049 1433 2085 Bellarminum
1463 2049 1556 2084 inter
1585 2048 1813 2084 doctissimos
1841 2047 1969 2084 habeo.

181 2104 253 2141 Sed
276 2103 377 2140 illum
401 2114 473 2139 non
497 2102 646 2148 impedit
670 2102 806 2148 religio,
833 2103 957 2137 verum
981 2102 1160 2148 cupiditas
1187 2105 1223 2138 et
1245 2106 1362 2138 metus
1385 2102 1564 2138 infamiae.
1613 2102 1694 2137 Heu
1719 2111 1825 2146 quam
1848 2101 1970 2137 multis

180 2157 377 2194 obstaculis
411 2161 581 2202 gravatur
603 2156 747 2190 veritas.
795 2155 878 2190 Non
901 2154 989 2199 legit
1012 2154 1072 2190 ille
1097 2155 1219 2190 forsan
1253 2158 1316 2190 aut
1347 2166 1419 2190 non
1443 2155 1634 2200 perpendit
1669 2159 1816 2190 nostrae
1840 2162 1970 2188 causae

177 2210 415 2246 defensiones.
465 2209 595 2254 Sperat
618 2207 756 2252 forsan,
795 2218 834 2243 se
858 2207 1060 2243 lenimentis
1086 2208 1299 2253 quibusdam
1330 2213 1573 2244 correcturum
1603 2217 1734 2244 causae
1757 2216 1846 2243 suae
1869 2205 1969 2241 mali-

176 2262 274 2298 tiam.
324 2262 374 2297 Et
396 2262 492 2297 inter
514 2260 651 2295 medios
676 2264 841 2295 versatur
864 2260 988 2295 hostes
1021 2265 1180 2306 nostros,
1214 2271 1287 2295 non
1311 2264 1446 2296 temere
1478 2261 1565 2306 quid
1587 2260 1814 2305 mutandum,
1851 2258 1986 2294 omnia'

177 2314 396 2361 experienda
420 2319 458 2350 et
480 2312 667 2350 toleranda
692 2317 825 2348 censet.
872 2312 964 2347 Nam
988 2311 1083 2347 idem
1107 2312 1225 2348 fecere
1250 2312 1448 2348 doctissimi
1463 2312 1767 2357 illustrissimique
1791 2314 1875 2346 ante
1898 2309 1968 2344 hoc

176 2373 332 2414 tempus.
384 2367 478 2412 Quid
509 2366 553 2402 de
581 2364 743 2401 Luthero
778 2365 916 2400 dicam?
964 2360 1153 2409 Singulare
1186 2365 1271 2410 quid
1303 2365 1340 2399 in
1370 2364 1443 2399 illo.
1492 2364 1541 2400 Ut
1563 2365 1751 2399 veritatem
1776 2363 1969 2405 desereret,

176 2431 250 2456 non
274 2420 345 2455 fuit
368 2423 498 2463 motus,
524 2417 655 2463 quibus
680 2422 907 2453 moverentur
932 2417 1185 2463 sapientissimi
1211 2418 1353 2462 quique.
1401 2417 1443 2452 In
1461 2417 1530 2452 hoc
1555 2417 1710 2453 omnium
1734 2416 1804 2452 fuit
1829 2415 1968 2461 sapien-

177 2473 349 2509 tissimus.
397 2470 468 2506 Sed
500 2469 585 2515 quid
618 2469 663 2504 de
687 2469 939 2505 maledicentia
969 2474 1005 2505 et
1035 2469 1315 2515 spurciloquiis‘?
1363 2471 1456 2505 Num
1481 2470 1572 2506 haec
1596 2469 1730 2506 cadunt
1762 2469 1799 2504 in
1823 2469 1965 2514 sapien-

175 2525 274 2562 tem?
321 2523 434 2565 Fecit,
458 2533 526 2558 nec
549 2521 724 2568 probavit.
773 2521 940 2556 Peccavit
961 2521 1070 2566 igitur
1094 2522 1307 2568 cupiditate,
1337 2533 1408 2558 non
1430 2523 1575 2568 judicio.
1624 2522 1774 2568 Oportet
1797 2522 1907 2568 igitur
1929 2521 1966 2556 in

173 2579 250 2614 viro
276 2576 465 2613 utilissimo
490 2576 609 2611 inesse
633 2585 705 2610 non
724 2573 901 2617 judicium
926 2573 1072 2618 saltem,
1109 2573 1172 2608 sed
1198 2574 1306 2609 etiam
1341 2575 1506 2611 ardorem
1539 2579 1575 2611 et
1599 2575 1843 2620 cupiditatem.
1889 2574 1965 2609 Ista

181 2641 277 2674 vero,
305 2629 336 2665 si
359 2639 425 2675 per
449 2627 568 2663 omnia
592 2626 749 2663 officium
772 2625 882 2661 faciat
906 2631 943 2662 et
965 2626 1095 2662 rationi
1123 2627 1357 2672 respondeat,
1392 2628 1558 2664 divinitus
1587 2627 1963 2675 utiquevgubernatur.

176 2682 276 2719 Alias
301 2682 336 2716 αἱ
358 2681 505 2726 μεγαλαι
529 2692 644 2721 φυσεις
677 2693 762 2721 μετα
785 2683 940 2723 μεγαλων
964 2677 1097 2722 ἀρετων
1121 2693 1176 2714 και
1200 2681 1350 2723 μεγαλοις
1376 2695 1496 2721 nantas
1519 2692 1743 2726 προφερουσι.
1789 2680 1963 2725 Aequitas

175 2734 290 2770 multa
312 2734 450 2780 patitur
474 2734 519 2769 ab
543 2733 719 2768 honorum
745 2731 884 2777 cupidis
909 2735 972 2766 aut
995 2730 1248 2767 dominationis
1274 2738 1337 2769 aut
1360 2734 1507 2778 argenti.
1555 2734 1598 2770 In
1621 2734 1692 2770 illis
1723 2733 1832 2771 vincit
1854 2732 1963 2768 ratio·

175 2798 258 2823 nem
282 2787 471 2833 cupiditas.
521 2785 649 2832 Itaque
679 2794 803 2833 verum
833 2783 875 2819 fit
899 2783 953 2828 id,
988 2783 1084 2828 quod
1107 2784 1211 2820 initio
1236 2785 1355 2831 posui,
1389 2796 1469 2821 cum
1500 2786 1642 2830 ingenio
1667 2795 1748 2822 esse
1775 2784 1960 2830 judicium.

176 2839 227 2875 Et
251 2840 336 2884 quia
358 2840 418 2876 hic
442 2844 527 2876 sunt
549 2838 646 2874 illius
672 2837 784 2883 signa,
810 2840 894 2872 sunt
918 2841 954 2871 et
978 2836 1098 2880 hujus.
1150 2837 1219 2873 Sed
1244 2837 1290 2873 ad
1314 2838 1580 2883 producendam
1601 2849 1688 2873 eam.
1713 2837 1758 2872 de
1782 2847 1852 2882 qua
1875 2837 1960 2878 dixi,

178 2892 447 2935 poenitudinem
471 2902 543 2927 non
569 2889 714 2935 sufficit,
750 2894 791 2926 ut
814 2888 947 2924 lumine
966 2887 1093 2932 judicii
1119 2891 1255 2935 valeas,
1281 2897 1322 2926 ut
1346 2891 1472 2927 ardeas
1498 2891 1752 2936 cupiditatibus
1775 2889 1893 2935 variis,
1920 2897 1963 2927 ut

177 2943 290 2980 multa
312 2944 473 2989 incipias,
499 2943 623 2985 facias,
649 2942 746 2977 dicas
770 2940 1043 2985 inconsiderate,
1070 2946 1106 2976 et
1129 2941 1166 2976 in
1185 2942 1374 2986 juventute
1397 2954 1468 2978 non
1494 2944 1610 2978 omnia
1633 2943 1763 2979 videas.
1809 2941 1959 2979 Accedit

179 3001 347 3038 quartum
370 2994 589 3032 incredibilis
615 3004 715 3029 amor
737 2993 889 3039 gloriae,
926 2991 1192 3035 celebrationis,
1217 2994 1360 3040 favoris,
1387 2995 1583 3040 applausus
1607 2994 1805 3037 hominum,
1833 2999 1869 3028 et
1891 3005 1957 3039 par

177 3046 229 3085 illi
252 3052 367 3084 metus
391 3046 598 3084 offensionis
619 3047 758 3093 justae,
792 3050 856 3083 aut
879 3048 1079 3081 contemtus
1105 3046 1159 3081 sui
1182 3045 1219 3081 in
1244 3046 1325 3082 alio.
1372 3047 1509 3093 Metus,
1543 3051 1584 3083 ut
1616 3048 1757 3091 ineptus
1781 3046 1955 3093 videatur,
