1994 3276
125 98 209 138 266
676 95 733 131 De
759 94 1110 141 Configurationibus
1135 94 1373 132 Harmonicis.

123 215 230 254 tione
259 218 414 265 partum
443 215 674 264 insequitur.
734 213 788 254 Ut
827 217 883 254 ita
923 216 1127 266 impressio
1156 214 1253 254 haec
1283 215 1463 255 coelestis
1491 228 1569 256 non
1601 218 1804 268 quisecens
1831 221 1923 257 tan-

125 277 209 312 tum
241 273 374 321 duret,
405 272 475 312 sed
506 274 623 313 etiam
655 273 829 313 durando
869 286 955 314 sese
985 278 1093 312 motu
1125 275 1363 312 extensionis
1403 275 1443 312 in
1472 274 1650 326 longiora
1686 277 1792 315 vitae
1821 280 1922 315 tem-

123 332 222 383 pora
251 335 454 382 propaget.
515 331 704 371 Nimirum
743 333 842 371 haec
870 333 1037 372 facultas
1079 343 1157 370 non
1188 337 1340 370 tantum
1380 333 1546 373 circulus
1579 339 1656 382 est,
1696 334 1764 373 sed
1794 339 1922 373 motus

125 394 185 430 est
217 391 414 429 circularis
445 389 597 438 idealis‚
630 395 670 429 et
700 392 733 429 is
764 393 964 440 geminus3
1007 395 1066 429 est
1096 390 1283 440 denique,
1314 403 1383 441 per
1412 396 1582 441 motum,
1624 393 1742 431 etiam
1770 396 1923 444 tempus

124 448 265 487 ideale.
329 447 431 487 Vide
471 460 592 498 supra
622 449 688 488 sol.
721 451 805 490 220
836 449 966 488 Procli
997 449 1131 487 verba.
1193 449 1315 498 Cujus
1356 450 1409 487 rei
1453 450 1671 502 exemplum
1712 462 1864 489 rursum
1900 464 1924 490 a

124 508 323 554 memoria,
357 518 458 556 quae
487 506 608 557 paulo
640 509 817 558 superior
849 512 908 548 est
938 506 1116 556 facultas,
1148 512 1280 557 petere
1309 517 1531 557 possumus.
1589 510 1690 548 Nam
1719 511 1759 547 in
1788 509 1924 548 tabula

124 565 281 615 quidem
311 566 525 616 pinguntur
554 577 615 605 res
645 570 797 605 tantum
829 578 915 605 cum
948 567 1236 604 circumstantia
1267 566 1363 615 loci,
1407 567 1447 603 in
1477 569 1663 606 memoria
1692 579 1784 607 vero
1804 579 1923 610 ,con-

124 628 329 663 servantur
358 635 420 662 res
451 629 586 673 gestae
618 626 739 663 etiam
770 636 855 663 cum
889 625 1110 663 charactere
1142 626 1351 674 temporis;
1391 623 1557 675 deniqne
1587 627 1628 664 in
1657 626 1732 664 hoc
1761 627 1920 675 negotio

126 682 380 721 directionum
425 680 624 722 character
665 684 810 722 situum
851 687 889 722 et
927 688 1103 721 motuum
1141 687 1313 732 tempore
1354 682 1602 722 decursorum
1646 684 1924 734 multiplicatur

124 742 163 778 in
195 741 453 791 operationes,
486 741 696 780 observata
725 742 976 792 proportione
1007 740 1140 780 sensili
1170 740 1369 779 mundana
1396 742 1653 781 revolutionis
1684 742 1843 781 diurnae
1873 742 1924 782 ad

124 799 419 838 translationem
461 800 533 838 sub
572 799 734 839 zodiaco
777 812 969 850 annuam3
1013 801 1068 838 sic
1106 805 1149 838 ut
1189 800 1434 850 operationes
1474 801 1557 850 jam
1597 801 1741 841 distent
1774 802 1924 840 ratione

124 859 310 908 temporis
342 870 365 896 a
395 858 476 896 suis
508 857 686 896 stimulis.
749 859 917 908 Dixeris,
950 869 1038 897 cum
1068 859 1154 909 ipso
1187 869 1345 909 corpore
1373 860 1454 897 nati
1496 871 1666 899 crescere
1704 864 1744 899 et
1772 864 1924 910 tempus

125 916 359 956 characteris
391 915 629 965 genethliaci
659 922 848 956 motuum.

240 973 436 1024 Quicquid
477 975 597 1024 igitur
638 976 823 1025 astrologi
869 974 916 1014 de
961 976 1067 1014 vitae
1109 974 1354 1024 longitudine
1398 975 1620 1024 praedicere
1667 988 1713 1015 ex
1739 976 1924 1015 themate

123 1038 394 1084 praesumunt,
434 1037 558 1071 totum
589 1033 686 1072 illud
717 1036 756 1071 in
788 1035 863 1073 hoc
905 1038 1022 1084 caput
1053 1033 1309 1072 contrahitur:
1349 1032 1599 1072 directionum
1634 1033 1845 1085 praeludiis
1877 1046 1924 1074 ex

125 1093 309 1131 thematis
338 1091 574 1141 genethliaci
606 1093 728 1131 veluti
759 1093 911 1143 pulpito
943 1092 1104 1131 vitalem
1135 1092 1359 1130 facultatem
1389 1092 1706 1142 informantibus,
1739 1104 1816 1142 quo
1845 1105 1923 1144 po-

124 1151 318 1190 tissimum
349 1162 450 1189 anno
483 1151 589 1189 vitae
621 1150 825 1190 humorum
859 1162 959 1189 unus
990 1150 1053 1189 vel
1086 1150 1183 1189 alter
1212 1149 1434 1188 redundans
1465 1163 1512 1190 ex
1536 1163 1695 1202 corpore
1727 1152 1924 1190 exturbari

125 1214 194 1248 aut
236 1208 436 1247 sollicitari
479 1208 642 1257 debeat,
685 1209 866 1248 stimulus
909 1211 942 1247 is
984 1214 1042 1247 est
1082 1215 1243 1247 naturae
1285 1208 1335 1246 ad
1373 1210 1636 1258 peragendum
1680 1221 1778 1260 opus
1809 1222 1922 1248 suum

126 1268 488 1319 extraordinarium,
521 1267 626 1317 quod
657 1269 762 1307 vitae
793 1267 1063 1319 prorogandae
1095 1267 1218 1314 cedat,
1251 1278 1353 1305 mors
1384 1269 1422 1304 in
1443 1270 1568 1316 astris,
1599 1270 1637 1306 in
1670 1268 1851 1316 themate,
1883 1270 1923 1306 in

127 1326 338 1365 directione
369 1325 490 1374 nulla,
522 1325 664 1364 nedum
695 1329 830 1366 variae
862 1327 996 1365 mortis
1017 1326 1183 1374 formae;
1214 1327 1376 1364 materia
1398 1328 1568 1376 corporis
1589 1331 1659 1373 est,
1692 1338 1791 1377 quae
1810 1327 1924 1365 flam-

124 1397 230 1423 mam
260 1386 365 1423 vitae
397 1384 462 1423 vel
492 1384 685 1423 inundans
717 1386 910 1435 opprimit,
943 1384 1007 1423 vel
1039 1383 1220 1422 deficiens
1252 1383 1404 1431 deserit,
1437 1395 1537 1433 quae
1567 1390 1729 1424 naturae
1760 1389 1922 1424 conatus

125 1443 289 1494 impedit
319 1443 449 1493 adque
478 1445 688 1493 perniciem
721 1444 943 1493 detorquet3
975 1448 1177 1493 peccatum
1211 1447 1279 1490 est,
1312 1441 1416 1492 quod
1442 1454 1563 1492 genus
1584 1443 1801 1481 humanum·
1828 1455 1924 1482 con-
1983 1475 1986 1478 .

126 1513 237 1541 cesso
270 1501 360 1540 olim
393 1502 696 1540 immortalitatis
725 1501 896 1541 remedio
928 1503 1108 1552 privavit,
1142 1501 1244 1551 quod
1278 1502 1487 1539 etiamnum
1520 1501 1701 1550 angelum
1724 1501 1923 1540 custodem

125 1573 150 1600 a
178 1560 304 1599 tutela
344 1561 452 1598 vitae
484 1564 619 1598 contra
651 1560 904 1608 daemonum,
946 1560 1145 1598 hominum
1188 1560 1544 1609 elementorumque
1582 1560 1750 1598 insultus
1787 1560 1923 1609 abigit,

124 1618 298 1669 impedit,
331 1618 497 1669 repellit.
559 1618 639 1657 Sed
671 1618 717 1657 de
747 1619 821 1657 hac
851 1631 891 1658 re
922 1619 1099 1669 pluribus
1127 1617 1319 1668 agendum
1339 1622 1441 1656 esset
1470 1619 1508 1655 in
1539 1618 1753 1668 astrologia
1783 1619 1925 1668 egique

128 1689 207 1716 non
250 1678 406 1716 concise
448 1678 610 1715 nimium
655 1678 695 1715 in
733 1677 832 1716 libro
871 1676 919 1716 de
950 1676 1075 1715 Stella
1106 1676 1170 1715 fol.
1205 1677 1272 1715 43.
1314 1680 1352 1714 et
1392 1677 1430 1713 in
1471 1676 1603 1715 Tertio
1635 1677 1923 1715 Interveniente

129 1748 235 1775 num.
271 1736 336 1774 65.
370 1740 409 1775 et
439 1747 543 1786 seq.,
585 1739 624 1774 et
653 1736 751 1774 forte
783 1737 872 1782 erit,
915 1740 959 1773 ut
995 1735 1115 1773 libros
1145 1734 1237 1773 Joh.
1270 1734 1355 1772 Pici
1386 1734 1648 1774 Mirandulani
1690 1746 1775 1774 cum
1818 1746 1926 1774 com·
1990 1761 1992 1763 »

127 1795 318 1834 mentatio
350 1795 482 1842 edam,
517 1795 550 1832 si
581 1806 642 1832 me
673 1806 753 1833 rem
784 1794 972 1833 studiosis
1001 1793 1275 1844 philosophiae
1305 1797 1455 1844 gratam
1485 1793 1676 1832 facturum
1711 1793 1927 1843 intelligam

126 1865 197 1892 1100
228 1852 368 1892 mediis
399 1854 629 1892 necessariis
659 1853 767 1892 fuero
800 1853 1019 1891 destitutus.

243 1911 367 1958 Nunc,
401 1912 494 1961 quia
524 1911 573 1950 ad
604 1911 719 1949 finem
737 1923 915 1961 propero,
947 1911 1275 1961 comparationem
1298 1910 1532 1959 subjungam
1554 1910 1684 1948 vitalis
1711 1911 1749 1946 in
1769 1909 1925 1948 homine

125 1970 330 2009 facultatis
372 1981 458 2007 cum
500 1972 632 2007 anima
662 1969 849 2017 Telluris,
893 1981 1012 2008 causa
1053 1968 1221 2006 influxus
1259 1968 1505 2015 coelestium,
1551 1968 1784 2018 videturque
1827 1967 1925 2006 haec

131 2040 231 2075 esse,
264 2027 369 2077 quod
401 2028 531 2065 anima
560 2027 703 2066 Terrae
735 2028 901 2066 circulus
930 2027 1031 2074 talis,
1064 2027 1129 2075 qui
1160 2027 1338 2077 nuspiam
1367 2026 1512 2066 habeat
1538 2027 1687 2064 initium
1719 2025 1782 2064 vel
1810 2024 1925 2064 finem

126 2098 200 2125 nec
234 2087 284 2125 ab
316 2085 448 2135 aliqua
490 2087 550 2123 sui
580 2090 690 2136 parte
728 2087 779 2124 sit
808 2097 951 2133 nexus,
994 2090 1035 2123 at
1063 2085 1232 2123 hominis
1271 2084 1435 2122 facultas
1471 2084 1603 2122 vitalis
1644 2083 1787 2123 circulo
1819 2095 1927 2122 com-

126 2149 299 2195 paratur,
332 2156 356 2182 a
387 2142 566 2193 pluribus
598 2145 752 2194 punctis
783 2144 906 2182 veluti
937 2155 1059 2192 nexo3
1092 2155 1210 2180 causa
1232 2147 1300 2190 est,
1335 2144 1426 2191 quia
1448 2142 1708 2181 characterem
1739 2153 1927 2191 geneseos

130 2205 263 2242 anima
293 2202 438 2241 Terrae
468 2202 617 2240 nullum
649 2202 789 2248 habet,
830 2213 915 2240 cum
948 2212 1101 2250 semper
1131 2200 1266 2239 eadem
1297 2206 1471 2247 maneat,
1517 2213 1716 2250 nunquam
1747 2204 1928 2239 nascatur

131 2266 200 2300 aut
230 2259 471 2309 incendatur,
503 2260 672 2299 hominis
703 2272 796 2298 vero
828 2261 1015 2298 nativitas
1045 2270 1178 2296 recens
1208 2259 1397 2307 mortique
1418 2261 1636 2309 propinqua
1666 2259 1926 2298 characterem

130 2324 237 2359 ortus
270 2321 330 2358 sui
361 2321 534 2369 recepit,
577 2320 643 2368 qui
681 2317 882 2357 zodiacum
915 2319 1028 2357 certis
1060 2318 1158 2354 initii
1191 2316 1355 2365 finisque
1385 2319 1540 2366 punctis
1571 2318 1819 2367 interpungit.
1880 2316 1928 2354 Et

129 2378 278 2417 Telluri
311 2377 488 2427 quidem,
535 2378 714 2427 quamvis
755 2377 1016 2415 characterem
1056 2374 1344 2424 genethliacum
1386 2387 1432 2413 ex
1465 2377 1589 2426 prima
1621 2375 1683 2414 die
1724 2375 1927 2414 creationis

131 2437 293 2485 tribuae,
325 2440 451 2474 totum
489 2441 620 2474 tamen
653 2434 752 2474 coeli
784 2437 954 2485 spatium
985 2445 1135 2483 semper
1166 2432 1221 2469 illi
1255 2438 1314 2471 est
1345 2434 1527 2486 obvium,
1571 2433 1665 2471 nihil
1696 2435 1736 2471 in
1765 2433 1832 2470 illo
1863 2445 1927 2471 ra-

128 2497 275 2535 tionem
316 2495 436 2533 habet
479 2495 659 2545 principii
696 2494 856 2545 finisve,
900 2498 1005 2531 ortus
1047 2502 1284 2539 occasusve3
1324 2491 1469 2529 homini
1509 2491 1731 2541 superficies
1760 2490 1927 2529 Telluris

133 2553 335 2592 dimidium
366 2553 467 2591 coeli
498 2552 681 2598 occultat,
715 2556 821 2590 ortus
854 2555 891 2591 et
922 2562 1083 2590 occasus
1116 2551 1228 2598 signa
1260 2548 1473 2599 distinguit.
1535 2550 1650 2588 Patet
1671 2551 1789 2599 igitur
1818 2560 1926 2587 com-

129 2613 346 2663 parationis
376 2612 490 2649 ratio.
552 2610 743 2659 Adeoque
786 2621 880 2648 vera
918 2613 976 2648 est
1005 2609 1103 2646 haec
1134 2609 1372 2656 comparatio
1404 2608 1536 2646 vitalis
1578 2610 1617 2645 in
1648 2611 1736 2646 actu
1779 2608 1927 2646 consti-

130 2675 239 2709 tutae
269 2669 469 2708 facultatis
500 2680 588 2708 cum
619 2667 762 2707 circulo
794 2679 894 2705 nexo
927 2679 974 2706 ex
1005 2667 1118 2705 certis
1148 2667 1321 2714 punctis,
1363 2671 1405 2704 ut
1438 2669 1554 2705 etiam
1593 2666 1664 2704 sub
1695 2666 1925 2716 principium

131 2729 258 2767 morbi
288 2726 371 2778 (qui
402 2739 506 2766 nova
538 2728 650 2777 quasi
682 2727 764 2764 vita
795 2730 871 2773 est,
914 2734 1018 2763 nova
1047 2735 1101 2762 sc.
1135 2725 1290 2772 energia
1320 2724 1452 2763 vitalis
1490 2724 1686 2762 facultatis
1726 2735 1795 2762 seu
1826 2724 1925 2761 actio

132 2787 215 2836 ejus
248 2785 575 2833 extraordinaria,
617 2783 826 2830 naturalis,
860 2787 1012 2831 praeter
1041 2786 1218 2819 naturam
1257 2787 1386 2821 tamen
1418 2782 1704 2822 constitutionis
1746 2782 1925 2825 usitatae,

130 2845 332 2883 humorem
363 2845 523 2882 noxium
555 2856 575 2882 e
608 2853 766 2892 corpore
797 2842 1001 2880 exturbare
1031 2837 1175 2890 nitens)
1205 2839 1327 2888 locus,
1360 2853 1475 2889 quem
1506 2840 1617 2878 Luna
1646 2839 1832 2890 possedit,
1864 2840 1926 2876 in-

131 2902 226 2940 fluat
256 2904 295 2940 in
327 2904 496 2941 animam
533 2903 692 2951 vimque
723 2900 917 2948 concipiat
947 2898 1068 2937 veluti
1111 2909 1228 2936 verae
1270 2899 1435 2949 alicujus
1467 2899 1624 2947 Lunae,
1663 2899 1702 2935 in
1739 2897 1813 2939 1100
1852 2907 1923 2935 suo
1955 2927 1959 2929 >
1990 2915 1994 2929 η·

133 2960 255 3009 gradu
285 2960 515 3008 immobilis3
556 2960 606 2998 ad
638 2959 748 3008 cujus
780 2957 971 3007 quadrata
1002 2960 1040 2994 et
1071 2958 1252 3006 opposita
1281 2957 1370 2995 loca
1408 2959 1441 2995 si
1471 2956 1584 2994 Luna
1615 2963 1708 2995 vera
1743 2957 1781 2993 in
1813 2954 1922 2994 coelo

134 3019 373 3068 pervenerit,
416 3023 555 3057 natura
584 3018 752 3057 hominis
793 3014 1061 3054 exstimulatur
1097 3014 1147 3053 ad
1188 3014 1472 3065 agonisandum
1510 3026 1597 3054 cum
1629 3013 1777 3053 morbo.
1837 3012 1923 3052 Hac

1991 2965 1994 2984 4

1988 3099 1994 3196 ἰ

1976 3202 1994 3276 ,1
