1988 3276
612 136 614 145 '
690 127 1014 169 neumatum.
1062 127 1173 166 Liber
1194 130 1223 165 L
1793 130 1848 170 83

66 250 197 302 potuit
221 248 439 300 significare
468 247 650 297 Terram,
679 252 720 289 et
746 246 892 287 mundo
922 245 1191 287 dodecaiidron
1220 246 1400 295 adscribi,
1430 247 1525 297 quia
1550 246 1696 286 Terrae
1726 248 1848 286 curri-

68 306 199 355 culum
226 307 301 348 hnc
326 306 452 357 figura
482 308 718 354 continetur,
761 304 965 345 duodecim
1001 304 1259 356 longitudinis
1292 305 1468 356 partibus
1508 304 1752 354 distinctum,
1794 305 1852 344 uti

68 364 137 405 illa
162 364 288 416 figura
314 363 520 404 duodecim
559 370 642 404 toto
678 364 827 403 ambitu
857 363 984 414 planis
1014 364 1243 403 continetur.
1302 362 1416 412 Quod
1444 364 1561 413 igitur
1589 364 1628 401 in
1657 363 1852 415 mysteriis

67 421 400 480 Pyfflngofeomm
435 421 510 462 hoc
551 427 668 473 pacto
707 423 878 472 quinque
917 421 1064 472 figurae
1104 421 1333 461 distributae
1362 422 1503 460 fuerint
1532 432 1610 460 non
1640 423 1740 461 inter
1769 421 1852 460 ele-

68 484 210 532 menta,
239 486 284 520 ιιι
306 480 537 521 Aristoteles
557 479 730 528 credidit,
759 480 830 519 sed
858 481 957 519 inter
986 481 1094 530 ipsos
1113 480 1313 530 planetas,
1345 478 1442 517 illud
1475 479 1538 518 vel
1566 482 1734 528 maxime
1756 490 1852 519 con-

68 538 204 592 ἅπμι,
234 537 340 590 quod
360 538 524 577 Procius
550 538 668 579 finem
695 539 931 589 geometriae
961 539 1063 576 inter
1093 544 1242 578 ceteros
1271 537 1375 576 hunc
1405 536 1534 585 tradit,
1566 537 1670 588 quod
1701 538 1851 586 doceat,

69 606 149 648 φο
175 596 294 636 modo
322 595 465 648 figuras
494 598 768 636 couvenientes
799 596 951 636 coelum
985 597 1097 635 certis
1127 598 1188 636 sui
1217 596 1392 646 partibus
1422 598 1625 646 acceperit.

112 695 115 698 Α
180 653 355 694 Necdum
393 653 482 693 finis
522 660 581 694 est
610 655 762 703 damni,
802 653 908 705 quod
937 653 1085 693 Ramus
1114 655 1227 694 nobis
1258 653 1515 703 dedi13ecce
1545 654 1853 694 sollertissimum

66 717 349 764 menarum
377 712 650 752 hodiernorum
679 712 885 761 Snellium‚
916 712 1036 763 plane
1062 696 1340 763 suffragantem
1369 711 1512 760 Ramo,
1544 713 1783 762 praefatione
1813 713 1852 750 in

69 769 269 821 Ludolphi
297 782 323 809 a
353 769 511 810 Coelleu
540 768 853 821 Pr0blemata²):
884 773 1048 821 primum
1067 772 1134 819 ait,
1165 771 1221 810 ad
1249 782 1370 809 usum
1389 770 1572 809 inutilem
1594 782 1671 809 esse
1691 771 1854 810 divisio-

68 840 160 868 nem
197 828 312 868 illam
349 828 615 879 &affabilium
654 831 699 867 in
729 829 914 868 tredecim
942 831 1097 878 species.
1157 828 1356 876 Concedo,
1398 829 1432 867 si
1467 828 1615 866 nullum
1647 828 1711 867 ille
1742 840 1855 867 nsum

74 890 277 937 agnoscat,
313 887 390 924 nisi
419 888 458 924 in
489 888 572 926 vita
601 889 792 926 communi
831 892 871 926 et
899 888 933 925 si
961 887 1092 925 nullus
1132 886 1499 937 contemplationum
1529 886 1777 938 physicarum
1807 888 1858 925 sit

70 955 165 984 usus
194 943 246 983 ad
276 945 408 984 vitam.
467 944 522 983 At
551 956 618 983 cur
646 957 724 984 non
754 945 934 984 Proclum
972 947 1167 996 sequitur,
1209 956 1326 995 quem
1360 944 1526 995 allegat,
1569 946 1637 995 qui
1679 946 1855 995 agnoscit

71 1001 230 1054 aliquod
266 1002 394 1053 majus
431 1005 666 1053 geometriae
701 1004 865 1052 bonum,
907 1014 1026 1054 quam
1063 1009 1153 1042 suut
1189 1009 1292 1042 artes
1335 1002 1387 1042 ad
1423 1006 1545 1042 vitam
1582 1003 1854 1043 necessariae?

71 1064 164 1112 tune
191 1060 370 1111 equidem
400 1065 439 1099 et
468 1060 605 1100 decimi
635 1061 724 1101 libri
753 1073 847 1101 usus
876 1063 1121 1112 apparuisset
1159 1063 1198 1099 in
1237 1061 1490 1100 aestimandis
1526 1060 1733 1112 figurarum
1763 1073 1855 1111 spe-

0 1146 13 1155 .
73 1118 219 1158 ciebus.
279 1117 437 1168 Allegat
463 1118 633 1158 Suellius
663 1125 840 1160 auctores
876 1125 1115 1170 geometras,
1153 1121 1222 1170 qui
1258 1131 1335 1158 non
1375 1124 1532 1159 utantur
1566 1120 1666 1159 libro
1706 1119 1854 1158 decimo

73 1174 257 1215 Euclidis.
315 1175 419 1216 Sane
450 1188 583 1216 omnes
611 1177 669 1215 illi
699 1184 768 1217 aut
796 1178 958 1218 linearia
988 1183 1155 1218 tractant
1183 1177 1425 1228 problemata
1453 1183 1522 1217 aut
1552 1177 1700 1226 solida,
1739 1183 1777 1216 et
1806 1177 1855 1216 de

73 1233 205 1285 figuris
235 1233 301 1274 vel
327 1236 611 1285 quantitatibus
638 1235 794 1286 talibus,
826 1247 927 1287 quae
956 1247 1034 1275 non
1063 1237 1210 1276 habeut
1237 1236 1353 1274 finem
1382 1247 1496 1275 suum
1525 1238 1627 1275 intra
1656 1247 1758 1288 sese,
1787 1235 1855 1275 sed

73 1292 274 1332 manifeste
302 1292 466 1336 tendunt
494 1293 545 1332 ad
574 1305 667 1332 usus
697 1294 797 1333 alios
826 1306 896 1333 nec
926 1296 1010 1333 sine
1040 1296 1088 1333 iis
1118 1295 1420 1345 exquirerentur.
1481 1295 1534 1333 At
1563 1294 1709 1345 figurae
1739 1305 1855 1344 regu-

73 1349 174 1392 lares
202 1355 358 1402 propter
385 1362 427 1390 se
455 1351 561 1403 ipsas
591 1353 841 1401 exquiruntur
869 1358 913 1391 ut
942 1352 1153 1404 archetypi,
1183 1365 1296 1392 suam
1326 1355 1365 1391 in
1395 1365 1437 1392 se
1467 1353 1563 1404 ipsis
1591 1353 1737 1391 habent
1766 1364 1857 1402 per-

73 1408 279 1448 fectionem
307 1414 473 1459 suntque
503 1410 601 1448 inter
629 1410 806 1460 subjecta
835 1410 1037 1461 planorum
1068 1411 1374 1461 problematum,
1403 1422 1482 1450 non
1513 1405 1713 1465 obstante,
1745 1410 1850 1460 quod

74 1466 202 1517 planis
230 1465 359 1506 hedris
384 1466 556 1507 solidum
586 1469 703 1506 etiam
733 1469 946 1508 clauditur:
976 1470 1154 1510 similiter
1184 1475 1223 1510 et
1251 1470 1391 1509 decimi
1420 1469 1509 1507 libri
1538 1470 1701 1508 materia
1729 1470 1858 1519 potis-

75 1525 215 1563 simum
243 1523 294 1563 ad
324 1525 442 1575 plana
470 1527 648 1576 pertinet.
709 1526 787 1565 Cur
815 1529 930 1578 igitur
960 1527 1220 1579 allegarentur
1249 1527 1535 1577 heterogenea?
1575 1533 1643 1566 aut
1673 1538 1739 1565 cur
1769 1526 1857 1565 vilis

76 1584 303 1621 aestimatur
332 1594 457 1631 merx,
498 1595 616 1633 quam
645 1595 723 1622 non
753 1587 845 1624 emit
877 1585 1045 1634 Codrus,
1088 1592 1129 1625 ut
1168 1598 1214 1625 ea
1244 1592 1418 1626 ventrem
1446 1591 1604 1636 pascat,
1643 1586 1734 1624 emit
1765 1595 1857 1623 vero

78 1638 297 1690 Cleopatra,
328 1644 372 1678 ut
401 1652 511 1680 aures
542 1641 676 1680 omet‘?
719 1643 848 1691 „me
878 1649 1029 1682 tantum
1059 1644 1186 1682 defixa
1216 1650 1274 1683 est
1304 1643 1528 1693 ingeniis“‘?
1578 1643 1767 1693 Equidem
1797 1644 1856 1690 iis,

78 1699 145 1748 qui
171 1699 361 1746 numeris,
398 1698 472 1736 hoc
509 1704 568 1737 est
607 1699 757 1738 effando
797 1706 939 1740 vexant
976 1702 1200 1740 ineffabilia.
1261 1702 1314 1740 At
1345 1713 1418 1751 ego
1457 1702 1528 1739 has
1557 1703 1705 1750 species
1735 1706 1857 1739 tracto

77 1767 157 1794 non
184 1757 363 1804 numeris,
393 1767 471 1794 non
500 1768 569 1806 per
597 1756 807 1806 algemam,
838 1759 907 1798 sed
926 1761 1221 1798 ratiocinatione
1251 1761 1413 1808 mentis3
1444 1771 1537 1798 sane
1569 1760 1661 1809 quia
1689 1760 1736 1797 iis
1766 1758 1860 1797 mihi

77 1825 157 1853 non
184 1819 244 1852 est
273 1824 371 1864 opus
401 1813 451 1852 ad
480 1814 750 1854 subducendas
781 1818 949 1855 rationes
979 1824 1237 1865 mercatuum‚
1276 1817 1344 1856 sed
1375 1817 1425 1855 ad
1455 1816 1704 1867 explicandas
1733 1828 1860 1855 rerum

79 1882 229 1911 causas.
286 1870 535 1922 Segreganda
566 1880 695 1912 censet
723 1875 884 1913 subtilia
912 1877 987 1913 ista
1017 1888 1041 1914 a
1070 1890 1296 1928 στοιχειωσει
1335 1877 1451 1926 inque
1488 1875 1748 1914 bibliothecas
1785 1876 1859 1914 ab·

3 1943 29 1977 J
79 1928 300 1969 strudenda.
360 1927 527 1969 Omnino
556 1930 678 1969 fidum
706 1931 820 1970 Rami
852 1933 1083 1982 discipulum
1120 1935 1203 1984 agit
1239 1945 1311 1972 nec
1349 1935 1517 1984 ineptam
1555 1932 1659 1971 locat
1688 1945 1858 1983 operam.

23 2006 26 2009 ·
79 1986 227 2027 Bamus
255 1986 431 2026 aedificio
463 1988 646 2028 Euclideo
675 1989 836 2029 formam
867 1991 1032 2039 ademit,
1070 1992 1220 2030 culmen
1259 1994 1429 2041 proruit,
1467 1993 1638 2042 quinque
1677 2003 1859 2042 corpora3

81 2045 221 2095 quibus
250 2045 393 2085 ablatis
431 2057 638 2096 compages
680 2051 803 2087 omnis
846 2048 1035 2088 dissoluta
1070 2051 1163 2098 fnit,
1205 2054 1309 2088 stant
1338 2051 1436 2088 muri
1477 2049 1577 2116 fissi,
1614 2050 1780 2088 fornices
1820 2051 1859 2087 in

79 2102 231 2150 ruinam
257 2104 445 2142 minaces.
478 2103 646 2143 Suellius
676 2107 792 2155 igitur
821 2109 937 2146 etiam
959 2114 1198 2147 caementum
1229 2109 1365 2156 aufert,
1395 2113 1439 2146 ut
1469 2108 1579 2157 cujus
1607 2109 1683 2146 nisi
1713 2107 1763 2145 ad
1793 2119 1861 2146 so-

19 2171 39 2179 >
82 2159 273 2205 liditatem
300 2160 435 2200 domus
466 2163 538 2200 sub
570 2165 738 2214 quinque
768 2164 901 2214 figuris
922 2172 1215 2215 coagmentatae
1245 2165 1377 2205 nullus
1407 2172 1466 2205 est
1494 2178 1601 2204 usus.
1643 2164 1676 2204 Ο
1706 2166 1858 2204 felicem

3 2222 19 2274 ᾖ,
82 2222 241 2268 captum
259 2217 465 2269 discipuli!
506 2232 620 2269 quam
659 2221 725 2260 ille
764 2222 894 2262 dextre
926 2224 1126 2264 Euclidem
1156 2224 1371 2274 intelligere
1403 2223 1535 2262 didicit
1566 2236 1590 2262 a
1618 2223 1764 2262 Ramol
1803 2235 1858 2263 sc.

8 2290 24 2302 -·
82 2275 171 2317 ideo
199 2280 338 2326 putant
366 2290 531 2329 στοιχεια
562 2278 686 2331 dicta,
722 2281 825 2329 quod
856 2283 1075 2320 inveniatur
1104 2285 1143 2320 in
1173 2282 1333 2321 Euclide
1363 2283 1670 2331 propositionum
1700 2287 1737 2319 et
1766 2293 1860 2330 pro-

83 2334 294 2372 blematum
324 2339 362 2372 et
390 2335 669 2375 theorematum
699 2340 900 2377 omnifaria
929 2342 1062 2389 copia,
1093 2341 1143 2378 ad
1175 2351 1286 2378 omne
1315 2352 1438 2389 genus
1470 2341 1728 2389 quantitatum
1759 2341 1855 2378 arti-

0 2400 19 2425 1
75 2403 226 2441 ,umque
256 2393 356 2430 circa
384 2392 471 2432 illas
491 2401 784 2444 occupatarum:
815 2409 900 2436 cum
930 2397 1028 2436 liber
1046 2410 1280 2449 στοιχειωσις
1308 2400 1359 2436 sit
1380 2398 1503 2435 dictus
1533 2409 1558 2435 a
1586 2397 1720 2446 forma,
1751 2396 1856 2447 quod

84 2460 234 2499 setnper
263 2461 428 2499 sequens
455 2454 668 2501 propositio
699 2455 883 2493 innitatur
911 2456 1154 2505 praecedenti
1177 2467 1299 2506 usque
1330 2455 1379 2493 ad
1411 2455 1584 2493 ultimam
1614 2455 1703 2494 libri
1731 2455 1856 2493 ultimi

24 2533 26 2535 »
79 2507 246 2564 *gpartim
277 2513 314 2546 et
344 2507 431 2546 libri
460 2512 582 2559 noni),
626 2523 726 2560 quae
755 2513 864 2551 nulla
890 2515 1060 2563 priorum
1090 2525 1216 2552 carere
1246 2518 1387 2563 potest.
1446 2514 1506 2551 Ex
1535 2513 1744 2552 architecto
1776 2513 1857 2551 sal-

7 2569 54 2616 ῗ-
87 2566 252 2605 marium
281 2565 426 2604 faciunt
465 2572 536 2605 aut
571 2571 848 2619 materiariam,
888 2573 1170 2619 existimantes,
1209 2571 1408 2610 Euclidem
1448 2571 1536 2609 ideo
1576 2572 1716 2609 librum
1746 2582 1859 2608 suum

16 2631 31 2672 ς
63 2623 303 2675 scripsisse,
334 2628 378 2661 ut
408 2625 585 2663 omnihus
614 2627 702 2665 aliis
732 2629 1012 2676 commodaret,
1054 2630 1161 2668 solus
1191 2631 1273 2679 ipse
1303 2630 1498 2679 propriam
1529 2629 1683 2667 domum
1714 2629 1858 2666 nullam

83 2679 258 2720 haberet.
296 2680 375 2719 Sed
402 2681 491 2731 plus
519 2684 613 2721 satis
642 2684 716 2723 hoc
744 2686 831 2725 loco
862 2686 910 2725 de
930 2687 1047 2736 hisce,
1077 2687 1346 2726 revertendum
1376 2687 1504 2726 estad
1526 2692 1643 2736 eaput
1664 2688 1859 2724 orationis.

63 2764 67 2772 ι
202 2737 300 2776 Cum
329 2740 430 2777 enim
461 2751 664 2789 cernerem,
694 2755 806 2782 veras
837 2749 875 2783 et
903 2746 1092 2793 genuinas
1121 2757 1246 2783 rerum
1266 2747 1585 2794 geometricarum
1616 2740 1860 2790 differentias,

91 2806 117 2833 a
143 2796 284 2845 quibus
323 2797 574 2836 arcessendae
612 2799 704 2837 mihi
742 2807 833 2839 sunt
872 2813 1012 2841 causae
1053 2803 1358 2841 harmonicarum
1393 2803 1703 2852 proportionum,
1743 2801 1862 2851 vulgo

87 2853 257 2902 ignorari
286 2856 452 2904 penitus,
483 2855 692 2904 Euclidem,
724 2861 790 2908 qui
819 2859 947 2898 studio
978 2860 1064 2899 illas
1085 2861 1307 2911 tradiderat,
1335 2860 1448 2897 Rami
1470 2859 1618 2897 cavillis
1640 2870 1864 2909 oppressum

84 2910 248 2966 explodi
282 2913 519 2963 strepituque
556 2913 839 2955 lascivientium
878 2918 1107 2957 obturbante
1146 2931 1170 2957 a
1208 2920 1358 2957 nemine
1397 2915 1590 2964 exaudiri,
1633 2922 1702 2956 aut
1738 2918 1864 2956 surdis

75 2969 209 3010 ‚etiam
238 2980 391 3008 narrare
420 2971 695 3021 philosophiae
724 2976 930 3024 mysteria,
967 2975 1169 3024 Proclum,
1212 2978 1277 3025 qui
1308 2982 1473 3013 mentem
1504 2973 1675 3013 Euclidis
1704 2978 1867 3027 aperire,

20 3042 41 3085 jz
95 3025 272 3065 abstrusa
301 3039 451 3080 eruere,
489 3028 704 3067 difficiliora
741 3037 855 3080 captu
888 3033 1019 3071 facilia
1047 3034 1204 3072 reddere
1234 3035 1434 3083 potuisset,
1472 3038 1509 3070 et
1541 3032 1752 3072 deridiculo
1783 3045 1867 3072 esse

18 3085 45 3122 fi.
96 3092 166 3122 uec
196 3083 478 3124 Commentaria
506 3099 578 3125 sua
606 3099 729 3137 usque
759 3088 808 3126 ad
838 3089 975 3128 librum
996 3091 1187 3130 decimum
1207 3092 1473 3129 continuasse:
1510 3089 1588 3127 vidi
1616 3090 1692 3130 hoc
1713 3093 1868 3130 omnino

1610 3157 1664 3193 6*
