1994 3276
58 209 304 252 harmoni·-
326 215 471 259 menet,
502 212 525 248 '1
558 220 656 249 vero
678 207 852 260 plebm,
889 218 1005 258 quem
1033 218 1235 247 nnmerum
1262 211 1367 247 reete
1395 204 1562 245 affimat
1587 205 1640 245 ab
1669 210 1836 256 utroque

55 269 226 319 prioru-
253 267 484 308 diaeodare.
541 267 737 307 Potuisset
764 266 904 305 melius
932 265 1124 306 uti-hhee
1154 267 1203 315 4,
1241 266 1285 314 6,
1324 265 1374 314 93
1413 275 1508 306 m
1546 270 1592 303 ιι
1632 264 1659 302 6
1687 275 1777 303 eum
1806 264 1833 302 9

56 325 429 375 hamonis-lacit,
458 328 486 364 4
515 324 767 365 cumoedem
798 326 823 363 9
853 323 999 363 nullam
1026 324 1132 372 facit,
1162 325 1218 362 ita
1247 322 1837 370 nobilitatis-efflorescens—

56 385 222 424 soeiatie
248 395 343 426 eun
367 383 495 435 plebe,
527 394 647 434 quam
674 384 779 433 regi,
807 388 846 421 et
875 388 918 421 ut
948 382 972 421 6
1010 387 1070 421 en
1104 381 1275 421 medium
1302 381 1713 431 gennente-riute
1740 381 1768 418 4
1797 385 1842 419 et

60 443 113 488 9„
129 441 369 483 concordans
393 443 572 492 utrique,
611 442 670 480 sie
694 440 877 480 nobilitas
904 451 975 490 pro
1005 440 1161 479 vinculo
1190 440 1393 489 inte-:jecta
1422 444 1483 478 est
1509 440 1609 479 inter
1634 449 1774 489 regem-
1794 442 1837 477 et

56 499 212 553 plebem
238 499 422 540 iffinnm.
480 499 796 539 Aristomtienm
833 509 924 537 vero
959 499 1068 548 regni
1097 497 1337 548 gubernandi
1370 498 1534 536 immam
1570 500 1836 548 amassent-t

55 560 225 599 numeris
250 559 512 609 proportionis
530 558 786 607 geometricae
816 555 1033 606 disjunctae
1053 557 1092 604 3,
1125 557 1165 605 6,
1196 557 1235 604 5,
1270 557 1333 595 10.
1393 555 1704 605 Disjunctionem
1725 565 1837 594 ecm-

57 621 169 667 pnrst
196 615 368 656 dissidiis
397 618 436 655 in
466 617 637 663 civitate,
665 626 712 654 ex
742 614 1154 654 ordinumseeimione
1173 616 1334 653 nimium
1354 620 1557 663 accursts3
1583 624 1663 652 non
1691 615 1835 664 hepta.

58 675 111 712 Δι
138 673 214 713 boc
241 675 363 723 male,
402 673 509 724 quod
545 673 646 712 haue
682 671 975 722 disjunctionem
1011 671 1294 712 discordantise
1330 683 1436 712 ream
1469 673 1564 723 agit.
1622 670 1768 711 Omnes
1795 682 1835 710 n.

56 731 100 770 hi
125 733 275 772 numeri
305 734 354 781 3,
385 733 430 780 6,
462 733 508 781 5,
541 732 592 771 10
621 742 863 770 communem
892 730 1133 769 harmoniam
1161 731 1320 770 iaciunt.
1378 730 1487 770 Nihil
1515 731 1619 769 enim
1660 729 1711 768 ad
1740 729 1834 768 har-

55 791 214 830 maine
232 789 481 830 affectionem
508 791 648 828 attinet
675 788 856 839 analogia
885 790 1137 838 geometrica,
1177 795 1222 828 ιιι
1250 799 1369 839 saepe
1397 788 1563 838 dietum3
1602 787 1701 827 nihii
1728 787 1834 826 illius

58 847 265 899 analogiae
294 847 522 895 differentia,
552 847 771 896 disjunctio
830 848 889 885 Ae
916 847 1071 886 tametsi
1100 858 1143 886 se
1164 846 1284 886 veluti
1310 848 1509 898 eon-igem
1537 817 1675 886 gadem
1693 848 1839 896 pagiua

58 904 166 945 aliud
202 917 448 945 numerorum
485 904 704 956 exemplum
738 904 921 955 subjiciat
956 905 1172 955 disjunctae
1200 906 1484 963 proportionis,
1519 904 1648 943 eidem
1687 906 1837 943 intento

58 963 305 1012 mustum,
334 964 420 1003 scil.
449 965 490 1012 2,
520 965 560 1012 4,
592 963 732 1012 8,18,
774 965 813 1001 in
842 963 983 1013 quibus
1012 974 1104 1002 vce
1140 963 1331 1003 dissident
1360 964 1447 1002 soni
1488 974 1559 1013 per
1585 965 1626 1012 2,
1656 964 1683 1001 4
1713 964 1838 1001 notati

57 1033 85 1061 a
110 1022 220 1061 souis
249 1022 409 1070 9,18.
443 1032 523 1060 ιιοιι
552 1027 611 1060 est
641 1027 770 1060 tamen
798 1020 895 1060 haee
924 1020 1185 1060 dheordantia
1212 1023 1363 1061 musica
1398 1021 1451 1060 ab
1479 1020 1550 1060 ills
1578 1020 1838 1071 disJ'unctione

57 1081 315 1130 geometrica,
352 1068 421 1119 sed
450 1091 478 1118 a
503 1080 587 1118 suis
616 1081 744 1118 causis
772 1080 954 1129 propriis,
986 1091 1035 1118 ex
1062 1091 1110 1118 eo
1138 1091 1214 1128 σα,
1251 1079 1356 1130 quod
1385 1079 1488 1118 latus
1517 1079 1730 1129 nonauguli
1758 1090 1837 1118 non

59 1144 121 1177 est
147 1138 246 1176 iuter
274 1135 468 1188 ἐιισιητα.
525 1136 706 1188 Denique
743 1142 1085 1204 temperamentum
1122 1139 1323 1188 utriusque
1350 1136 1593 1188 gubernandi
1620 1137 1767 1176 formae
1797 1139 1836 1175 in

58 1200 163 1235 stata
191 1196 319 1246 regio,
362 1202 406 1234 ιιι
432 1207 487 1235 se.
518 1195 733 1246 nobilitatis
762 1196 904 1234 muniis
932 1197 1165 1234 misceantur
1197 1196 1320 1246 aliqui
1349 1195 1513 1247 plebeii,
1550 1194 1620 1234 sed
1649 1197 1767 1246 pauci
1796 1202 1837 1234 et

59 1254 181 1305 copiis
209 1253 317 1292 oneri
345 1265 469 1304 pares,
499 1260 568 1292 aut
598 1255 739 1292 virtute
767 1247 895 1292 aliave
924 1265 965 1291 re
994 1253 1262 1302 eomendati,
1293 1259 1414 1304 utque
1440 1252 1632 1292 interdum
1649 1254 1838 1292 nobilium

58 1313 276 1351 tenuiorum
303 1323 403 1350 uuus
429 1311 608 1362 plebeJae
635 1311 858 1350 stuctuosae
885 1311 1071 1350 functioni
1100 1313 1331 1362 praefectus,
1361 1311 1481 1350 decus
1500 1311 1556 1350 illi
1586 1312 1839 1362 eiroemjieiat

52 1368 260 1420 ,splendore
288 1371 452 1420 goeris,
483 1381 560 1419 quo
590 1371 716 1419 magis
744 1369 784 1407 id
813 1370 865 1407 sit
891 1371 929 1407 in
958 1377 1153 1419 posterum
1181 1370 1233 1408 ad
1252 1370 1406 1422 plebem
1432 1369 1765 1419 commendabile,
1792 1375 1839 1408 ut

0 1461 3 1464 .
60 1426 325 1467 duumviratus
354 1439 403 1467 ex
430 1427 552 1466 nobili
582 1433 620 1466 et
648 1427 803 1478 plebeJo
834 1428 1099 1476 constituatur,
1129 1428 1273 1468 solatio
1291 1430 1445 1478 utrique
1465 1428 1602 1475 ordini,
1635 1429 1837 1467 ut-euriae

61 1487 337 1525 constituantur
372 1496 422 1524 ex
461 1487 634 1524 omnium
673 1485 850 1524 ordinum
885 1488 1080 1536 personis,
1122 1492 1165 1525 ut
1193 1488 1232 1524 in
1272 1486 1615 1526 deliberationibus
1653 1485 1703 1525 de
1732 1487 1837 1525 bono

37 1536 216 1595 'publico
246 1548 382 1582 tenus
411 1542 672 1593 locupletibus
699 1544 949 1591 misceantur,
986 1549 1029 1582 ut
1057 1555 1134 1583 non
1164 1546 1258 1584 meri
1299 1546 1455 1583 virmtis
1494 1550 1535 1583 et
1562 1545 1721 1595 pietatis
1748 1543 1837 1583 eul-

61 1607 164 1640 tores
193 1600 365 1640 habeant
391 1603 532 1649 omnia,
562 1601 631 1640 sed
660 1601 794 1651 aliqua
822 1603 940 1640 etiam
967 1602 1139 1651 fortibus,
1170 1602 1304 1653 aliqua
1324 1604 1549 1652 ingeniosis,
1579 1602 1712 1652 aliqua
1742 1609 1838 1653 pru-

63 1658 255 1706 dentibus,
284 1658 418 1708 aliqua
446 1659 683 1709 experientia
711 1658 944 1709 pollentibus
973 1665 1224 1708 reserventur,
1256 1661 1395 1710 cuique
1422 1660 1505 1708 illa,
1534 1660 1586 1698 ad
1605 1671 1706 1710 quae
1727 1659 1839 1698 dotes

64 1712 177 1767 ap'tss
205 1721 247 1756 et
274 1716 457 1767 praesidii
484 1717 690 1767 plurimum
720 1717 846 1763 affert,
887 1717 963 1755 hoc
990 1718 1147 1767 inquam
1176 1724 1520 1768 temperamentum
1549 1720 1728 1768 exprimit
1756 1718 1839 1756 Bo-

63 1774 179 1813 dinus
205 1775 374 1813 numeris
404 1776 451 1822 4,
483 1775 531 1823 6,
564 1775 611 1822 8,
645 1776 712 1822 12,
741 1780 847 1812 ratus
876 1786 930 1821 se,
961 1781 1005 1813 ut
1030 1776 1113 1825 ipse
1142 1776 1321 1826 loquitur,
1360 1778 1591 1815 continentis
1621 1776 1838 1827 analogiae,

63 1838 106 1871 ut
133 1837 353 1883 geometrae
383 1843 495 1880 vero,
536 1834 740 1871 continuae
778 1833 1035 1882 proportionis
1063 1836 1258 1883 specimen
1293 1833 1419 1873 edere.
1476 1833 1645 1872 Rursum
1673 1834 1839 1883 fallimr3

62 1901 141 1929 non
169 1895 228 1929 est
255 1891 359 1929 enim
389 1891 415 1928 4
445 1890 495 1928 ad
527 1891 572 1938 6,
602 1895 647 1928 ιιι
678 1891 701 1928 6
732 1891 782 1928 ad
814 1891 861 1938 8,
892 1895 932 1928 at
960 1890 1034 1929 hoe
1061 1903 1214 1939 verum,
1244 1894 1415 1931 omnium
1444 1899 1611 1942 quatuor
1640 1893 1688 1941 4,
1719 1893 1767 1940 6,
1799 1893 1839 1942 8,

69 1949 120 1987 12
150 1947 214 1990 vel
242 1949 283 1985 in
309 1949 477 1986 minimis
507 1950 555 1996 2,
587 1949 634 1995 3,
668 1949 716 1996 4,
750 1949 794 1995 6,
831 1959 1071 1988 communem
1097 1961 1183 1988 esse
1212 1950 1549 1999 concordantiam,
1587 1951 1839 2001 quantumvis

62 2004 175 2044 aliter
203 2007 245 2053 2,
274 2007 300 2045 3
331 2011 553 2052 consonent,
584 2006 696 2045 aliter
726 2008 842 2045 etiam
872 2008 912 2055 3,
941 2008 980 2054 4,
1011 2008 1122 2046 aliter
1149 2007 1314 2058 denique
1344 2010 1382 2057 2,
1413 2010 1440 2048 4
1471 2008 1535 2047 vel
1555 2010 1594 2055 3,
1627 2009 1666 2046 6.
1717 2008 1839 2058 Quie-

0 2103 2 2120 ›
65 2062 160 2113 quid
185 2064 303 2113 igitur
330 2063 594 2102 similitudinis
624 2071 683 2102 est
711 2066 750 2102 in
780 2065 947 2103 numeris
976 2076 1061 2103 cum
1090 2066 1259 2116 rep.,1id
1279 2066 1356 2105 illis
1377 2068 1487 2115 inest,
1519 2072 1711 2116 quatenus
1728 2078 1840 2106 seon-

0 2123 1 2133 *
65 2122 138 2159 sim
167 2132 193 2160 a
220 2122 367 2160 musica
395 2123 638 2171 geometricis
669 2121 732 2160 vel
762 2122 1009 2161 arithmeticis
1037 2125 1371 2174 progressionibus
1400 2126 1613 2164 consociati
1640 2130 1743 2172 sunt,
1774 2124 1838 2163 vel

65 2180 231 2216 mixtura
259 2184 518 2230 utrammque.
579 2180 657 2217 Aut
687 2181 878 2228 vicissim,
915 2182 948 2218 si
983 2193 1097 2231 quam
1128 2182 1253 2221 lucem
1291 2183 1438 2233 politiis
1468 2182 1748 2232 cognoscendis
1778 2183 1839 2221 af-

65 2236 191 2275 ferunt
217 2238 483 2286 proportiones
511 2249 752 2276 numerorum
784 2238 1047 2288 harmonicae,
1085 2241 1228 2279 faciunt
1256 2241 1296 2278 id
1332 2252 1401 2291 per
1428 2252 1492 2288 se,
1530 2243 1691 2279 seorsim
1721 2252 1746 2279 a
1774 2251 1838 2279 re·

65 2299 203 2344 spectu
231 2296 519 2343 proportionum
546 2297 875 2345 geometricen-um.

180 2352 310 2402 Atque
339 2363 413 2401 ego
441 2365 554 2401 saue,
594 2355 627 2391 si
655 2355 750 2403 reip.
781 2355 957 2392 notitiam
994 2355 1087 2393 mihi
1116 2367 1401 2405 comparassem
1436 2360 1476 2394 et
1503 2355 1579 2395 hoc
1606 2355 1705 2394 libro
1734 2355 1839 2407 poli-

68 2410 186 2448 ticum
213 2421 390 2459 agerem,
420 2410 664 2450 distinctione
693 2423 817 2450 rerum
848 2423 960 2459 usus,
993 2418 1115 2451 totum
1146 2414 1283 2452 Bodiui
1313 2414 1439 2452 locum
1469 2414 1527 2451 sic
1554 2414 1837 2464 inter-potarem,

29 2489 36 2495 ·
68 2472 113 2507 ιιι
137 2472 180 2506 et
206 2467 406 2506 Aristoteli
434 2479 507 2507 sua
533 2468 678 2518 placita
706 2476 903 2508 manerent
931 2472 1169 2519 inconcussa,
1200 2477 1239 2510 et
1258 2471 1431 2509 Bodinus
1461 2482 1510 2509 ex
1537 2483 1624 2511 mea
1652 2472 1728 2511 hac
1747 2472 1839 2511 har-

67 2527 231 2572 monica,
261 2527 421 2563 seorsim
448 2526 499 2564 ab
527 2526 606 2571 illo,
638 2527 802 2566 disceret
830 2528 968 2566 melius
1005 2530 1044 2566 in
1073 2529 1211 2578 politia
1239 2529 1517 2580 philosophari.
1577 2529 1696 2568 Aliud
1731 2530 1839 2568 diec-

51 2593 149 2621 .rem
177 2594 261 2621 esse
289 2589 431 2621 statum
463 2585 631 2622 civitatis
660 2585 822 2634 ejusque
850 2586 1089 2634 gubernandi
1116 2588 1299 2633 formam,
1334 2587 1440 2625 aliud
1466 2587 1642 2636 justitiae
1672 2587 1839 2625 admini-

68 2636 311 2687 strationem,
350 2640 528 2678 differunt
556 2643 657 2680 enim
695 2650 739 2680 ut
765 2655 854 2692 pars
884 2649 924 2681 et
951 2650 1094 2692 totum,
1135 2645 1458 2695 quemadmodum
1496 2647 1535 2683 in
1564 2645 1839 2684 mathematica

68 2696 179 2736 aliud
219 2703 309 2736 sunt
345 2700 599 2747 geometricae
629 2700 967 2750 arithmeticaeque
997 2713 1238 2741 numerorum
1267 2704 1555 2752 proportiones,
1596 2703 1703 2741 aliud
1741 2715 1839 2742 eon-

69 2759 204 2793 centus
223 2757 356 2795 musici
375 2757 544 2794 numeris
563 2759 744 2806 expressi.
803 2757 959 2797 Judicia
977 2771 1071 2799 saue
1101 2763 1348 2806 constituunt,
1380 2761 1445 2809 qui
1473 2771 1599 2798 rerum
1626 2762 1839 2810 potiuntur,

71 2813 155 2850 sive
183 2823 283 2851 unus
311 2815 381 2862 sit,
423 2815 508 2852 sive
538 2815 671 2864 pauci,
709 2816 793 2853 sive
829 2827 980 2864 omnes,
1020 2824 1060 2856 at
1088 2818 1202 2856 iidem
1238 2817 1361 2856 tutela
1387 2820 1481 2867 reip.
1521 2823 1611 2856 sunt
1644 2821 1836 2869 occupati,

68 2868 216 2918 iudicia
243 2882 330 2909 raro
358 2873 433 2921 ipsi
463 2876 653 2918 exercent,
695 2873 770 2909 nisi
798 2885 885 2912 cum
913 2874 1006 2913 licet
1033 2876 1191 2914 arbitrio
1220 2877 1275 2913 uti
1316 2874 1444 2912 soluto
1473 2874 1636 2925 legibus.
1695 2876 1839 2916 eontra

0 2960 10 2979 ι,
67 2925 263 2975 judicibus
289 2939 376 2966 raro
404 2930 602 2978 superiora
630 2930 760 2967 munia
786 2931 1026 2980 mandantur,
1055 2933 1163 2983 leges
1189 2934 1319 2983 potius
1338 2934 1596 2982 praescriptae
1614 2939 1715 2982 sunt,
1746 2937 1837 2985 qui-

0 3026 1 3031 ,
70 2983 147 3022 bns
184 2991 373 3025 tenentur.
431 2987 569 3036 Itaque
607 2988 878 3035 geometricam
906 2990 1260 3040 arithmeticamque
1289 2992 1576 3041 progressiones
1613 2991 1665 3030 ad
1688 2992 1837 3042 judicia

0 3050 1 3056 ¹
72 3041 282 3091 relegerem
321 3055 408 3083 cum
438 3044 664 3092 Aristotele,
702 3055 779 3083 non
814 3045 985 3086 admixto
1026 3053 1199 3098 respectu
1236 3052 1489 3087 eonecutumn
1518 3048 1834 3102 hamonicornm,
