1994 3276
101 114 180 155 152
463 102 465 104 ,
809 110 865 148 Dc
888 109 1186 157 Propertionibus

99 227 446 285 usurpaveramus)
478 230 685 272 intervalla
714 242 885 271 consona
914 231 1064 282 maJora
1091 242 1142 270 ex
1170 232 1384 271 minoribus
1405 235 1598 283 consonis,
1629 246 1801 275 consona
1818 236 1894 274 mi-

100 291 208 328 nima
246 301 294 329 ex
332 290 530 329 concinnis
561 295 656 340 etc.,
697 292 791 341 quia
829 292 867 328 in
905 290 1003 329 haec
1043 289 1153 328 velut
1191 289 1382 330 elementa
1421 287 1707 343 dissolvuntur,
1745 289 1788 333 at
1816 305 1894 333 non

101 353 280 387 constant
311 347 465 387 diversa
493 349 593 387 inter
622 360 664 388 se
692 361 742 401 ex
772 350 886 387 unius
929 349 1144 388 communis
1173 349 1357 389 minimae
1395 351 1539 400 speciei
1574 351 1788 392 intervallis
1819 353 1895 392 ali-

102 418 220 458 quam
250 406 403 456 multis,
434 418 506 446 nec
535 408 574 445 in
605 407 701 446 talia
732 406 893 446 dissolvi
924 411 1099 458 possunt.

218 463 408 515 Quamvis
439 467 557 505 etiam
586 465 757 505 habeant
787 465 994 505 intervalla
1030 476 1201 504 consona
1232 476 1371 504 causas
1411 472 1618 517 cognatas,
1656 479 1734 507 non
1765 470 1896 508 omnia

100 526 232 562 tamen
263 522 449 571 eandem,
488 523 559 563 sed
588 523 792 572 quodlibet
829 536 941 562 suam
970 523 1206 574 peculiarem
1236 535 1396 563 causam
1436 524 1576 574 habet,
1619 525 1841 566 distinctam
1871 539 1897 566 a

100 582 228 620 causis
256 587 490 630 ceterarum,
520 587 564 621 ut
593 584 632 621 in
662 582 926 633 superioribus
958 582 1206 632 explicatum.
1267 581 1534 623 Consonantia
1563 585 1664 624 enim
1707 587 1802 635 ipsis
1832 586 1895 623 in-

99 638 280 679 tervallis
305 642 508 691 competit,
547 651 624 679 non
656 646 699 679 ut
729 645 877 691 quanta
906 645 997 679 sunt
1026 640 1269 690 simpliciter,
1311 652 1440 691 neque
1470 642 1695 692 simpliciter
1735 648 1778 682 ut
1807 649 1897 682 sunt

98 698 328 747 relationes,
365 698 436 739 sed
466 704 509 738 ut
538 699 795 749 qualitativae
826 696 923 753 (hoc
953 703 1013 737 est
1044 697 1332 748 quodammodo
1372 698 1583 755 figuratae)
1613 707 1706 740 sunt
1733 701 1896 741 relatio-

99 768 180 796 nes.
239 756 379 808 Itaque
409 768 613 797 commune
643 759 815 808 ipsarum
845 758 1045 796 minimum
1075 756 1323 796 intervallum
1343 760 1576 798 constituere
1601 759 1715 808 velle,
1746 771 1808 799 res
1837 765 1897 799 est

101 816 368 866 impertinens,
412 827 499 855 cum
539 817 739 855 minimum
781 821 821 856 et
859 817 1071 854 maximum
1107 827 1186 853 non
1224 816 1263 853 in
1295 816 1556 867 qualitativis,
1596 818 1665 857 sed
1702 819 1741 856 in
1782 818 1897 857 nudis

103 874 388 925 quantitatibus
419 886 630 925 earumque
659 875 975 926 proportionibus
1014 874 1322 924 considerentur3
1365 886 1537 914 consona
1576 888 1687 924 vero,
1727 881 1772 915 ut
1801 888 1896 916 con-

101 943 210 981 sona,
241 932 434 980 dividere,
471 938 532 973 est
560 935 729 984 speciem
759 932 918 972 abolere
949 934 1110 972 consoni
1138 937 1178 971 et
1206 944 1275 983 pro
1307 944 1355 972 ea
1393 933 1456 973 vel
1486 934 1585 973 alias
1615 937 1776 974 consoni
1804 947 1897 986 spe-

101 991 179 1030 cies
209 990 274 1030 vel
303 992 493 1031 concinna
533 991 693 1031 dissona
730 992 794 1031 vel
836 993 954 1030 etiam
993 990 1108 1041 plane
1143 991 1374 1030 inconcinna
1408 992 1615 1032 intervalla
1651 995 1895 1033 constituere.

102 1049 188 1090 Non
219 1049 338 1089 babet
373 1051 492 1100 igitur
522 1050 768 1090 intervallum
806 1061 944 1088 causas
983 1054 1051 1088 aut
1082 1049 1273 1088 elementa
1310 1052 1588 1090 consonantiae
1619 1063 1714 1092 suae
1751 1064 1776 1091 a
1804 1064 1897 1102 par-

102 1108 207 1147 tibus
237 1107 362 1147 veluti
391 1109 614 1159 principiis,
651 1110 752 1148 sicut
782 1109 1019 1159 quantitates
1056 1108 1424 1148 commensurabiles
1455 1116 1679 1149 accrescunt
1708 1109 1897 1162 multipli-

103 1167 255 1207 catione
287 1168 499 1205 communis
531 1179 735 1206 mensurae
777 1172 816 1206 et
847 1176 934 1205 cum
963 1166 1044 1216 hac,
1067 1178 1248 1205 mensura
1286 1167 1358 1205 sub
1399 1178 1477 1206 uno
1514 1173 1553 1207 et
1589 1168 1727 1208 eodem
1755 1180 1896 1218 genere

103 1225 339 1272 consistunt,
370 1224 440 1265 sed
471 1238 492 1264 e
523 1226 730 1274 contrario,
762 1237 864 1275 quae
894 1229 1055 1263 veteres?
1077 1236 1146 1275 pro
1176 1226 1373 1276 principiis
1409 1225 1580 1266 habuere
1621 1228 1898 1271 consonantia-

102 1294 186 1322 rum
219 1279 355 1337 (tonos
385 1288 482 1334 puta
512 1290 551 1323 et
581 1285 789 1323 semitonia
818 1288 857 1323 et
887 1279 1035 1337 dieses)
1068 1295 1116 1322 ea
1145 1295 1192 1321 ex
1224 1285 1486 1323 consonantiis
1518 1290 1560 1322 ut
1589 1286 1787 1336 principiis
1815 1287 1897 1325 suis

103 1342 281 1390 genuinis
323 1343 507 1380 oriuntur.
568 1343 652 1381 Etsi
692 1343 793 1382 enim
833 1352 1004 1380 consona
1043 1341 1140 1380 haec
1181 1347 1360 1380 constant
1397 1342 1552 1382 exiliis
1583 1345 1780 1383 concinnis
1819 1356 1897 1383 non

105 1400 285 1438 consonis
316 1397 369 1453 (si
402 1412 478 1439 non
510 1412 558 1440 ex
587 1412 664 1439 uno
695 1400 827 1450 aliquo
858 1401 1063 1448 communi,
1095 1399 1233 1439 saltem
1266 1412 1312 1438 cx
1334 1399 1509 1450 pluribus
1540 1403 1637 1440 inter
1657 1413 1699 1441 se
1731 1402 1896 1441 diversi-

103 1457 217 1497 mode
249 1456 516 1512 compositis)‚
558 1458 599 1497 id
628 1464 757 1497 tamen
796 1469 874 1497 non
904 1457 1146 1497 referendum
1178 1463 1236 1497 est
1273 1458 1323 1497 ad
1355 1460 1480 1508 ipsum
1523 1460 1717 1499 intervalli
1755 1471 1897 1499 conso-

104 1517 292 1556 nantiam.
349 1516 393 1556 Si
429 1519 531 1555 enim
574 1518 762 1556 concInna
798 1516 1048 1555 conciliarent
1087 1516 1293 1555 intervallo
1330 1517 1468 1567 majori
1513 1529 1562 1556 ex
1600 1529 1643 1557 se
1683 1519 1898 1569 composito

104 1586 216 1614 suam
245 1577 558 1622 consonantiam,
598 1587 750 1626 semper
780 1575 854 1613 hoc
884 1574 993 1614 fieret
1022 1576 1061 1612 in
1092 1586 1324 1625 quacunque
1355 1577 1628 1615 concinnorum
1659 1576 1899 1627 multiplica-

105 1634 223 1681 tione,
256 1638 295 1672 et
323 1638 432 1673 tanto
463 1634 598 1673 melior
627 1639 730 1672 esset
759 1635 1024 1681 consonantia,
1057 1639 1202 1683 quanto
1233 1634 1346 1684 plura
1384 1635 1422 1671 in
1453 1634 1657 1673 intervallo
1697 1637 1898 1675 concinna.

105 1691 151 1730 Id
182 1703 276 1732 vero
305 1691 446 1730 falsum
476 1697 546 1741 est,
577 1704 668 1731 nam
697 1696 740 1730 ut
769 1692 868 1730 infra
897 1691 1114 1740 audiemus,
1152 1692 1228 1730 duo
1259 1693 1340 1731 toni
1372 1694 1576 1743 compositi
1605 1695 1899 1733 consonantiam

105 1750 269 1800 faciunt,
302 1755 379 1790 tres
411 1752 614 1802 compositi
655 1750 860 1789 dissonans
895 1750 1143 1790 intervallum
1183 1752 1432 1789 constituunt.
1493 1750 1608 1800 Quod
1644 1758 1781 1792 autem·
1805 1764 1900 1792 con-

107 1819 246 1848 sonum
275 1809 327 1847 in·
345 1810 534 1849 concinna
563 1809 721 1848 dissona
750 1809 851 1848 solvi
880 1814 1028 1859 potest,
1069 1813 1113 1847 ut
1142 1814 1347 1859 sequetur,
1386 1808 1426 1848 id
1463 1809 1522 1847 illi
1551 1821 1723 1850 consono
1759 1822 1829 1862 per
1858 1822 1900 1850 se

107 1866 349 1907 considerato
389 1867 506 1919 plane
548 1873 607 1907 est
648 1867 970 1919 accidentarium‚
1006 1867 1127 1917 fitque
1168 1866 1457 1916 tantummodo,
1497 1873 1690 1918 quatenus
1728 1870 1828 1908 inter
1856 1880 1899 1908 se

107 1930 376 1976 comparantur
406 1926 518 1977 plura
547 1937 741 1974 consona,
780 1925 983 1976 quodlibet
1013 1937 1059 1964 ex
1089 1927 1170 1963 suis
1200 1930 1327 1965 ortum
1355 1927 1573 1977 principiis.)

222 1983 421 2023 Concinna
450 1985 569 2035 igitur
598 1983 806 2023 intervalla
838 1983 1071 2023 definiuntur
1111 1995 1197 2023 esse
1228 1995 1362 2023 omnes
1401 1995 1657 2023 consonorum
1686 1983 1806 2035 duplo
1837 1986 1901 2024 in-

108 2042 272 2082 tervallo
303 2043 494 2081 minorum
525 2043 776 2090 differentiae,
806 2053 878 2080 nec
908 2042 987 2081 alia
1018 2042 1206 2081 concinna
1233 2043 1371 2092 recipit
1389 2042 1577 2081 naturalis
1598 2043 1764 2083 facultas
1785 2043 1901 2082 audi·

107 2107 182 2149 tus,
214 2112 332 2151 quam
361 2112 463 2151 quae
504 2112 552 2140 ex
581 2100 655 2139 hac
685 2100 951 2139 subtractione
982 2101 1182 2148 oriuntur,
1223 2105 1267 2138 ut
1296 2102 1351 2139 ita
1382 2111 1554 2140 consona
1582 2101 1789 2142 intervalla
1828 2101 1902 2141 ba-

109 2159 226 2199 beant
248 2163 381 2198 *ortum
412 2171 460 2199 ex
489 2159 703 2209 geometria
733 2163 771 2197 et
799 2158 931 2208 figuris
963 2157 1349 2207 demonstrabilibus,
1386 2160 1576 2198 concinna
1605 2171 1698 2198 vero
1730 2172 1778 2199 ex
1806 2161 1902 2210 ipsis

111 2218 304 2266 consonis,
333 2219 490 2268 sintque
522 2219 710 2256 concinna
740 2217 779 2253 in
801 2215 934 2254 ordine
963 2215 1013 2254 ad
1044 2227 1240 2264 consona,
1270 2217 1595 2266 quemadmodum
1624 2219 1663 2256 in
1693 2219 1904 2269 geometria

112 2280 318 2328 apotomae
347 2275 496 2326 (lineae
527 2270 766 2327 ineffabiles)
798 2279 888 2312 sunt
918 2273 969 2312 ad
999 2274 1172 2312 effabiles
1202 2276 1399 2324 potentia,
1441 2277 1534 2325 quia
1563 2277 1681 2316 etiam
1710 2276 1802 2316 illae
1833 2276 1902 2316 de-

114 2334 297 2374 finiuntur
326 2335 590 2374 subtractione
619 2333 747 2373 lineae
780 2332 944 2371 effabilis
974 2333 1024 2371 ab
1056 2331 1199 2371 effabili
1230 2332 1345 2372 linea.
1357 2332 1398 2381 “l

228 2459 268 2504 *)
291 2459 332 2494 In
358 2462 557 2494 erratorum
587 2458 703 2494 indice
736 2457 783 2493 ad
806 2457 1005 2503 praemissa
1029 2457 1119 2493 haec
1151 2461 1301 2493 annotat
1329 2458 1526 2502 Keplerus:
1556 2459 1690 2495 Tea-tus
1720 2470 1766 2494 ex
1788 2458 1902 2495 diver-

112 2524 235 2550 sorum
258 2516 458 2558 temporum
479 2511 619 2547 schedis
641 2511 821 2555 collectus,
854 2515 894 2547 at
917 2522 993 2547 non
1015 2511 1108 2546 satia
1130 2515 1215 2556 apte
1239 2512 1472 2556 compositas,
1499 2512 1566 2548 etsi
1588 2522 1674 2548 vera
1696 2511 1819 2547 omnia
1839 2510 1903 2546 ha·

116 2566 187 2610 bet,
219 2564 474 2602 obscuritatem
498 2567 619 2599 tamen
644 2572 688 2598 θα)
711 2564 923 2607 confusione
947 2563 1282 2609 distinyuendorum
1312 2568 1345 2598 et
1373 2565 1587 2609 repetitione
1610 2564 1903 2610 propositionum

115 2618 309 2655 contraxit.
359 2616 594 2663 Quaestione-5
617 2615 809 2651 distinctae
832 2620 918 2651 sant
940 2616 1048 2651 istae:
1071 2614 1097 2650 I.
1122 2615 1179 2649 An
1205 2616 1460 2651 consonantiae
1477 2616 1636 2651 habeant
1651 2618 1786 2660 partes,
1811 2624 1903 2659 quae

114 2671 214 2716 ipsae
239 2679 381 2716 quoque
405 2668 477 2704 sint
500 2667 757 2704 consonantiae
787 2667 843 2702 vel
868 2667 994 2703 saltem
1031 2667 1206 2701 concinna
1228 2667 1443 2703 intervalla?
1491 2668 1693 2714 Responsio
1724 2671 1775 2704 est
1798 2667 1903 2704 haec:

115 2723 150 2759 in
176 2722 416 2760 consonantiis
443 2731 523 2757 esse
548 2721 716 2756 distincta
739 2719 818 2764 ista,
845 2719 960 2764 primo
985 2719 1267 2764 proportionem,
1292 2730 1366 2754 rem
1381 2720 1642 2764 geometricam,
1668 2719 1797 2755 deinde
1821 2731 1901 2765 pro·

116 2775 290 2820 portionis
313 2775 531 2821 qualitatem,
557 2772 827 2810 consonantiam
850 2770 981 2816 ipsam;
1013 2771 1048 2805 in
1074 2776 1249 2815 quantum
1282 2771 1392 2817 igitur
1421 2777 1504 2808 sunt
1533 2771 1807 2818 proportiones,
1841 2782 1900 2808 ex-

117 2827 194 2862 cedi
218 2839 326 2864 unam
350 2827 396 2863 ab
420 2827 502 2872 alia,
526 2826 700 2861 minorem
733 2825 778 2860 ab
802 2822 941 2868 majori,
972 2828 1008 2858 et
1040 2822 1091 2858 sic
1115 2834 1221 2858 unam
1253 2824 1399 2860 alterius
1431 2827 1572 2870 partem
1601 2833 1682 2859 esse
1705 2834 1832 2869 posse3
1865 2824 1900 2859 in

120 2884 290 2924 quantum
313 2890 398 2915 vero
422 2878 603 2924 quaelibet
625 2877 766 2914 illarum
791 2874 1000 2920 qualitatem
1025 2875 1278 2910 consonantiae
1309 2878 1449 2922 accepit
1477 2888 1499 2912 a
1521 2876 1638 2922 figura
1662 2887 1729 2912 sua
1757 2876 1900 2912 demon-

122 2930 269 2973 sti-abili,
293 2943 364 2967 non
389 2931 552 2967 accidere
576 2931 664 2976 ipsis
688 2926 991 2974 compositionem.
1040 2927 1264 2970 Argumenta
1293 2935 1377 2964 sunt
1405 2929 1491 2965 ista:
1528 2929 1559 2963 1.
1587 2928 1733 2973 Species
1757 2933 1799 2964 ut
1822 2939 1899 2974 spe·

123 2982 195 3018 cies
219 2982 440 3019 indivisibilis
464 2988 500 3019 et
524 2993 598 3018 una
622 2987 688 3019 est.
735 2983 767 3018 2.
792 2979 953 3025 Speciem
978 2979 1165 3015 constituit
1189 2991 1299 3017 causa
1322 2993 1405 3028 sua3
1431 2987 1469 3018 at
1492 2991 1623 3017 causae
1647 2981 1741 3017 inter
1754 2991 1794 3017 se
1818 2987 1903 3017 sunt

125 3033 311 3070 distinctae
336 3034 555 3081 singularum
579 3034 933 3077 concordantiarum3
965 3031 1074 3076 igitur
1104 3037 1140 3067 et
1163 3034 1263 3078 ipsae
1296 3032 1571 3069 concordantiae
1606 3037 1732 3068 contra
1755 3043 1795 3068 se
1818 3037 1902 3069 sunt
1964 3066 1968 3070 .

126 3083 312 3126 distinctae
335 3087 471 3137 specie,
495 3097 562 3122 nec
585 3092 706 3133 potest
731 3085 877 3124 dissolvi
901 3094 991 3131 una,
1023 3088 1063 3120 ut
1086 3085 1209 3131 major,
1235 3085 1269 3121 in
1296 3085 1384 3124 alias
1410 3096 1496 3126 suae
1521 3085 1672 3131 speciei,
1705 3089 1746 3125 nt
1769 3089 1898 3132 partes,
