1988 3276
187 135 245 176 88
690 129 878 177 Epistolae
900 129 1049 178 Kepleu'
1070 130 1293 177 aliorumque
1315 133 1460 168 mutuae

194 250 293 290 nihil
322 250 438 302 hujus
466 252 507 290 in
538 262 612 290 usu
640 250 759 291 fuisse
786 255 1053 303 praeterquam
1080 255 1272 300 octavam,
1313 254 1358 290 ut
1389 262 1475 291 cum
1506 251 1625 334 μιαί
1635 254 1696 294 et
1706 250 1785 292 riti
1808 249 1970 292 eandem

192 309 403 352 melodiam
432 313 585 359 canunt,
615 308 673 348 illi
701 314 816 349 acuta
843 310 884 349 hi
913 311 1023 361 gravi
1052 322 1160 350 voce.
1823 335 1838 355 ·

336 370 442 408 Dum
470 368 568 408 haec
597 368 744 418 scribo,
785 368 919 408 incidit
954 368 1047 408 mihi
1076 367 1276 419 ἀκεφαλον
1301 383 1338 407 τι
1365 365 1564 420 ἀκροαμα,
1602 336 1855 421 reprehensos
1884 379 1968 408 esse

195 427 490 479 Pythagoraeos
520 440 545 466 a
573 428 703 466 nescio
733 438 830 477 quo,
874 427 979 477 quod
1016 427 1193 477 neglecto
1230 428 1380 466 aurium
1413 426 1559 477 judicio
1587 425 1681 466 solis
1709 427 1877 466 numeris
1906 427 1969 464 in-

196 486 393 525 dulserint.
436 485 499 525 An
521 485 560 524 id
578 485 678 524 forte
696 485 942 525 Ptolemaeus
975 486 1092 525 dicit?
1123 485 1184 524 An
1214 489 1274 525 est
1302 485 1377 524 hoc
1401 485 1591 535 judicium
1615 486 1778 537 practici
1806 484 1970 535 alicujus

192 557 239 584 ex
285 545 515 594 antiquitate
554 544 712 589 musici,
753 546 970 594 quaerentis
1009 544 1056 584 de
1097 544 1204 584 falsis
1243 545 1414 595 ipsorum
1453 542 1810 595 speculationibus?
1857 542 1968 583 Certe

193 602 295 641 idem
333 614 407 654 ego
448 603 585 642 sentio.
644 602 845 642 Hactenus
885 602 1041 653 quidem
1076 604 1197 642 instar
1229 604 1407 642 torrentis
1449 602 1578 641 omnia
1616 602 1792 642 omnibus
1819 602 1967 650 miscui,

195 673 284 701 cum
312 663 444 700 omnia
468 661 587 700 >simul
617 666 869 701 occurrerent.
917 662 1040 701 Dabis
1059 661 1160 701 hanc
1188 660 1460 713 inelegantiam
1490 665 1607 711 atque
1634 659 1723 700 inde
1751 665 1970 700 manantem

192 720 469 759 obscuritatem
497 720 612 788 genio
642 732 729 759 meo
751 724 789 758 et
808 721 1078 771 properationi.
1122 719 1318 771 Epistolas
1349 721 1450 759 enim
1479 718 1728 758 transcribere
1756 717 1844 759 ideo
1874 718 1969 757 mihi

189 777 347 818 difficile
384 782 461 827 est,
501 779 595 828 quia
630 777 669 816 id
706 778 905 829 hucusque
942 780 1126 830 imperare
1161 778 1257 817 mihi
1291 789 1369 818 non
1406 778 1527 829 potui.
1594 777 1657 817 Ita
1685 788 1777 818 vero
1807 776 1971 828 quilibet

190 838 322 877 vivere
353 841 474 888 optat,
504 837 560 876 uti
590 837 827 876 assuefactus
859 842 928 876 est.

325 895 418 935 Jam
446 895 645 946 principali
675 897 833 946 negotio
863 895 1043 947 expedito
1073 896 1241 935 breviter
1266 894 1320 933 ad
1349 893 1500 947 aliquot
1522 895 1708 947 epistolae
1728 899 1819 934 tuae
1841 893 1969 944 capita

190 953 418 1005 respondeo.
476 954 712 993 Harmonice
750 954 992 1005 planetarum
1026 956 1149 993 motui
1185 954 1321 1004 objicis
1352 953 1646 1006 discrepantiam
1673 964 1916 993 numerorum
1944 964 1970 990 a

193 1012 479 1064 Copernicanis.
553 1012 721 1052 Causam
765 1024 851 1052 eam
888 1013 970 1062 ,iam
1011 1012 1158 1064 pridem
1203 1014 1264 1063 egi
1310 1014 1500 1062 capitibus
1539 1013 1691 1063 aliquot
1731 1010 1853 1051 libelli
1893 1011 1969 1049 mei

191 1073 420 1119 (Prodromi),
451 1075 546 1122 puto
574 1072 634 1119 18,
660 1072 723 1120 19,
755 1070 804 1110 ad
835 1083 934 1121 quae
964 1072 1164 1111 brevitatis
1196 1082 1313 1110 causa
1341 1083 1523 1122 provoco.
1571 1070 1664 1111 Jam
1683 1075 1723 1111 et
1741 1069 1968 1110 auctoritate

188 1142 250 1170 me
283 1129 499 1170 defendam.
559 1129 712 1168 Etenim
741 1141 827 1169 cum
857 1131 882 1168 ii
914 1131 1077 1179 numeri,
1120 1130 1186 1179 qui
1223 1134 1314 1169 sunt
1350 1130 1389 1167 in
1418 1130 1551 1170 libello
1580 1142 1668 1170 meo
1699 1142 1783 1180 cap.
1815 1128 1882 1176 20,
1913 1129 1964 1166 21

190 1201 238 1229 ex
262 1190 441 1228 motibus
471 1189 652 1237 extructi,
684 1187 837 1239 longius
867 1188 994 1229 adhuc
1029 1187 1250 1228 recederent
1278 1200 1303 1226 a
1333 1187 1565 1239 Copernico,
1602 1187 1806 1228 noluerunt
1839 1190 1967 1225 tamen

193 1247 359 1287 artifices
402 1247 600 1286 theorema
635 1257 764 1286 meum
805 1247 979 1297 rejicere,
1019 1251 1236 1298 sperantes,
1278 1246 1359 1286 fore
1389 1251 1432 1286 ut
1461 1246 1696 1287 concilietur.
1759 1245 1853 1285 Jam
1882 1255 1969 1284 cum

192 1307 362 1346 habeam
399 1301 578 1344 numeros
616 1305 738 1344 multo
780 1308 996 1357 propiores,
1037 1305 1158 1344 multo
1200 1307 1316 1345 etiam
1355 1306 1540 1357 maiorem
1578 1317 1687 1358 spem
1716 1303 1891 1355 concipio
1921 1301 1968 1342 de

195 1364 402 1405 concordia
431 1376 517 1404 eum
547 1365 812 1403 astronomicis
843 1365 1177 1404 observationibus
1205 1364 1424 1403 sancienda.

306 1423 459 1463 Deinde
487 1426 711 1474 suspectum
739 1423 860 1462 habes
887 1422 1078 1473 quidquid
1096 1435 1121 1461 a
1141 1424 1256 1473 priori
1288 1434 1336 1461 ex
1364 1423 1582 1474 suspicione
1610 1424 1740 1474 potius
1769 1420 1965 1472 accipitur,

188 1494 305 1533 quam
347 1482 639 1522 demonstratur.
699 1481 871 1520 Primum
909 1483 1063 1533 opinor,
1107 1493 1223 1532 supra
1261 1482 1587 1532 propositionibus
1628 1480 1779 1531 aliquot
1817 1479 1851 1518 si
1889 1489 1967 1518 non

185 1540 492 1590 adamantinam,
521 1544 564 1578 at
593 1544 721 1579 tamen
746 1545 854 1579 ⁴eerto
883 1541 1047 1592 proponi
1078 1539 1457 1589 demonstrationem,
1490 1551 1589 1590 quae
1619 1551 1708 1579 cum
1736 1541 1866 1578 careat
1893 1535 1967 1576 ad-

187 1602 356 1639 versario
386 1603 624 1649 argumento,
655 1609 723 1648 per
752 1610 793 1637 se
823 1602 911 1638 stat.
971 1598 1121 1638 Deinde
1152 1610 1230 1637 non
1259 1599 1383 1638 omnis
1412 1599 1581 1650 suspicio
1610 1597 1709 1637 falsa
1738 1600 1808 1636 est.
1866 1595 1966 1634 Nam

184 1658 301 1698 homo
333 1662 392 1698 est
419 1659 547 1706 imago
578 1656 786 1696 conditoris
815 1657 974 1707 fierique
994 1661 1133 1707 potest,
1163 1662 1207 1696 ut
1235 1657 1275 1695 in
1305 1657 1536 1707 quibusdam
1564 1657 1679 1696 rebus
1710 1654 1760 1695 ad
1790 1657 1966 1694 ornatum

185 1715 317 1756 mundi
346 1716 575 1756 facientibus
604 1715 751 1754 homini
779 1714 883 1754 idem
913 1715 1105 1764 videatur,
1147 1715 1251 1765 quod
1281 1716 1380 1755 Deo.
1439 1715 1540 1755 Nam
1566 1714 1732 1754 mundus
1761 1713 1967 1764 participat

185 1776 421 1825 quantitate,
454 1779 492 1815 et
521 1784 629 1813 mens
659 1773 826 1812 hominis
856 1772 930 1827 (res
961 1774 1272 1826 supramundana
1300 1775 1342 1813 in
1369 1770 1526 1827 mundo)
1554 1773 1651 1812 nihil
1680 1773 1821 1812 rectius
1838 1770 1966 1810 intel-

184 1834 293 1885 ligit,
333 1846 450 1883 quam
490 1835 594 1884 ipsas
635 1833 888 1881 quantitates,
932 1834 1072 1883 quibus
1103 1832 1356 1884 percipiendis
1384 1832 1509 1872 sactus
1539 1832 1661 1871 videti
1690 1834 1829 1882 potest.
1888 1827 1966 1869 Sed

187 1896 226 1931 et
254 1891 318 1931 hic
346 1891 441 1934 mihi
471 1891 640 1941 suppetit
670 1893 937 1930 auctoritatem
967 1903 1014 1931 ex
1044 1891 1223 1941 Timaeo,
1254 1891 1322 1930 ubi
1350 1892 1584 1940 aestimatur,
1613 1893 1742 1929 motus
1772 1887 1966 1928 coelorum

187 1951 299 1990 certis
331 1952 453 2001 λυγοις
481 1949 751 1988 administrari.

307 2008 438 2056 Logos
467 2007 672 2046 musicales
702 2011 850 2057 septem
879 2019 994 2046 sensu
1025 2006 1207 2057 deprendi
1233 2007 1315 2057 Jam
1341 2007 1513 2057 probavi,
1543 2007 1627 2045 sive
1656 2006 1785 2056 potius
1812 2005 1965 2054 monui;

184 2070 223 2106 et
242 2067 275 2105 si
295 2066 418 2106 addas
440 2066 645 2106 verborum
665 2067 937 2115 geometricam
959 2065 1282 2114 dilucidationem,
1314 2065 1477 2116 probavi
1497 2064 1709 2103 rationibus
1731 2064 1962 2103 certissimis.

183 2125 261 2163 Hic
301 2136 457 2174 quoque
497 2134 668 2175 provoco
706 2123 756 2162 ad
796 2129 911 2174 caput
944 2125 1007 2163 10.
1037 2124 1160 2163 libelli
1196 2124 1283 2162 mei.
1355 2123 1402 2161 In
1437 2124 1609 2173 margine
1638 2121 1780 2162 videris
1811 2123 1962 2170 sentire,

185 2182 348 2223 educere
383 2195 446 2222 me
483 2187 630 2233 septem
667 2182 886 2221 harmonias
927 2194 973 2221 ex
1011 2187 1159 2233 septem
1196 2181 1407 2220 intervallis
1444 2182 1557 2220 unius
1588 2184 1650 2221 δια
1680 2195 1822 2226 naum,
1852 2178 1964 2219 ,unde

184 2241 252 2280 iila
272 2246 414 2281 octava
432 2240 580 2286 dicitur,
610 2244 671 2286 ut,
708 2238 762 2285 G,
793 2241 849 2289 A,
882 2241 924 2289 b,
956 2252 993 2290 c,
1026 2240 1072 2292 d,
1102 2253 1141 2289 e,
1170 2241 1210 2291 f,
1241 2253 1286 2290 93
1323 2241 1498 2289 minime3
1529 2239 1598 2279 sed
1618 2238 1822 2278 intervalla
1841 2237 1962 2278 educo
1987 2277 1988 2291 ζ

184 2311 233 2339 ex
261 2300 470 2339 harmoniis
498 2299 615 2349 idque
639 2298 872 2338 naturaliter.
915 2298 965 2337 Et
995 2303 1084 2337 sunt
1114 2299 1303 2348 quaedam
1331 2297 1545 2343 intervalla,
1575 2310 1652 2336 non
1674 2297 1785 2350 plura
1804 2301 1962 2347 septem,
1986 2321 1988 2326 ·

184 2359 216 2397 si
258 2360 343 2407 quis
373 2359 422 2397 ab
454 2359 531 2397 ima
560 2357 610 2396 ad
639 2369 827 2396 summam
856 2356 1009 2396 incedat
1038 2356 1207 2396 canendo
1240 2369 1307 2407 per
1337 2358 1467 2395 omnia
1504 2355 1650 2396 media:
1703 2355 1771 2396 sed
1809 2359 1964 2406 propter

185 2418 439 2456 variationem
471 2421 605 2456 cantus
636 2415 718 2454 duri
749 2420 787 2454 et
815 2415 943 2454 mollis
973 2415 1176 2455 intervalla
1204 2415 1300 2454 fiunt
1330 2414 1551 2460 duodecim,
1587 2415 1736 2454 termini
1767 2413 1962 2458 tredecim,

184 2474 345 2514 totidem
375 2479 470 2524 quot
499 2476 538 2513 in
568 2473 828 2513 clavichordio
859 2473 990 2513 claves
1018 2476 1150 2524 nigrae
1180 2478 1219 2513 et
1250 2473 1373 2522 albae,
1404 2473 1472 2513 sed
1502 2485 1569 2524 per
1598 2485 1695 2523 quos
1723 2484 1800 2511 nou
1831 2483 1962 2511 omnes

184 2545 263 2572 una
301 2534 386 2572 vice
424 2534 471 2570 iri
510 2531 683 2572 canendo
717 2537 849 2582 potest
877 2544 924 2571 ex
964 2532 1108 2572 ordine.
1169 2531 1247 2572 Sed
1286 2536 1372 2571 utut
1407 2532 1561 2582 habeat,
1602 2531 1700 2571 nihil
1741 2530 1830 2570 inde
1863 2541 1962 2569 sane

183 2592 357 2642 sequitur
386 2602 457 2630 nec
485 2602 642 2630 necesse
673 2594 742 2629 est.

323 2648 504 2698 Quaeris,
546 2650 580 2687 si
616 2659 836 2687 recenseam
876 2651 1071 2697 octavam,
1114 2659 1180 2687 cur
1208 2659 1285 2686 non
1317 2652 1355 2687 et
1385 2647 1670 2699 quadruplam?
1730 2645 1895 2696 Omnino
1925 2650 1963 2685 et

183 2707 426 2759 quadriplam
457 2707 622 2746 adhibeo
653 2711 808 2757 propter
838 2707 920 2756 eJus
951 2708 1097 2745 sociam
1126 2707 1430 2755 sesquitertiam,
1462 2711 1505 2745 ut
1534 2715 1650 2757 supra
1678 2704 1770 2743 dixi.
1829 2703 1896 2744 Sic
1924 2708 1963 2743 et

183 2766 337 2816 triplam
374 2764 514 2804 admisi
551 2776 719 2814 semper,
763 2770 917 2814 propter
958 2766 1103 2803 sociam
1141 2764 1434 2814 sesquialteram
1469 2765 1514 2820 ξ,
1556 2775 1656 2814 quae
1697 2762 1796 2802 duae
1832 2763 1961 2802 sociae

184 2836 333 2875 semper
357 2824 521 2874 junctim
551 2824 787 2862 constituunt
816 2826 894 2860 tres
925 2818 1039 2871 ὅρους
1069 2825 1181 2873 λογον
1210 2822 1344 2869 solidi,
1384 2828 1460 2863 tres
1490 2823 1708 2862 harmonias
1739 2821 1961 2860 harmoniae

183 2882 333 2932 plenae.
377 2882 430 2921 At
460 2882 655 2932 octuplam
672 2885 713 2920 et
730 2879 976 2931 sedecuplam
1005 2880 1092 2920 ideo
1122 2892 1199 2919 non
1230 2883 1400 2928 admitto,
1433 2883 1524 2931 quia
1553 2891 1629 2918 nou
1659 2879 1804 2918 habent
1834 2879 1963 2918 socias

183 2940 281 2978 infra
307 2944 495 2987 octavam,
526 2945 569 2978 ut
598 2942 638 2978 in
666 2939 866 2978 harmonia
895 2938 1020 2988 plena.
1079 2937 1293 2978 Unisonum
1327 2952 1415 2979 vero
1446 2938 1628 2978 admitto:
1670 2937 1740 2977 sed
1769 2935 1960 2979 interdum

184 3009 259 3035 non
290 3010 487 3046 recenseo,
529 2999 620 3047 quia
648 2997 743 3036 mihi
773 2996 820 3036 de
851 2996 1154 3036 demonstrandis
1184 3009 1308 3037 sermo
1340 3002 1409 3037 est·
1467 2996 1544 3036 Hie
1583 3007 1675 3035 vero
1711 2995 1959 3045 aequalitatis

183 3055 294 3105 logos
324 3067 401 3095 non
431 3055 720 3105 demonstratur,
748 3054 818 3094 sed
845 3057 1008 3094 sumitur
1038 3061 1076 3095 et
1105 3057 1234 3095 sensui
1256 3060 1382 3108 patet.
1431 3054 1508 3093 Cur
1526 3059 1656 3093 autem
1682 3055 1720 3093 in
1741 3057 1804 3093 δια
1825 3066 1959 3093 naum?

184 3112 334 3154 desinat
362 3126 540 3156 numerus
568 3114 869 3163 harmoniarum,
911 3125 1027 3154 causa
1055 3114 1151 3155 haec
1181 3119 1256 3162 est,
1300 3115 1392 3165 quia
1428 3111 1677 3153 desumuntur
1706 3124 1754 3152 ex
1783 3112 1934 3151 section
