1994 3276
130 113 212 153 226
678 108 734 146 De
760 104 1114 156 configurationibus
1138 108 1376 149 Harmonicis.

128 231 303 282 proxime
325 201 498 277 adstans,
532 240 663 268 crassa
684 231 797 267 nimis
814 241 939 280 eoque
970 236 1020 269 et
1031 231 1215 270 inhabilis
1237 229 1314 270 suit
1335 232 1384 271 ad
1405 203 1673 285 recipiendam
1687 234 1930 319 purissimam
1970 274 1973 280 ,

124 289 386 340 proportionis
418 287 558 335 ideam,
593 293 634 325 ut
659 289 744 338 jam
774 290 906 326 statim
938 288 1114 339 pluribus
1146 290 1363 341 explicabo.

241 347 355 385 Nunc
386 347 487 384 enim
519 317 568 384 ad
600 347 840 396 energeticas
871 347 1077 386 facultates
1110 351 1245 396 venio,
1277 360 1378 398 quae
1408 351 1527 388 circa
1538 351 1829 401 proportiones
1838 349 1931 388 har·
1977 353 1981 358 '

125 407 301 444 monicas
342 410 592 455 occupantur.
656 405 725 443 Est
755 417 791 443 n.
819 405 927 443 -haec
960 417 1116 455 quoque
1149 407 1323 457 duplex‚·
1353 419 1444 446 nam
1485 414 1554 447 aut
1592 411 1631 446 in
1662 416 1716 447 'se
1741 405 1840 458 'ipsa-
1872 412 1931 446 est

128 475 305 515 operosa,
338 468 406 501 aut
436 465 475 499 in
506 463 621 501 rebus
654 470 762 502 extra
790 474 852 509 se,
886 466 1066 512 utrinque
1098 465 1320 504 assimilans
1352 466 1572 517 opera'sua
1602 466 1929 518 proportionibus,

128 529 197 561 aut
227 520 516 560 inducens'has
548 523 586 558 in
618 522 698 559 illa.
759 521 808 558 Et
837 521 906 560 illa
938 522 1096 571 quidem
1125 525 1310 574 passivae
1340 525 1478 563 similis
1509 530 1580 573 est,
1612 527 1688 563 ista
1718 526 1814 562 citra
1835 535 1930 562 con-

85 577 99 581 ”
125 579 356 619 troversiam
386 581 425 624 in
456 579 608 629 agendo
641 584 857 625 exercetur,
901 580 969 618 illa
1001 581 1118 630 igitur
1147 582 1369 620 inferiorum
1401 585 1555 622 animae
1584 583 1814 621 facultatum
1846 593 1930 620 rur-

124 651 210 677 sum
243 644 301 678 est
332 637 500 686 soboles,
533 640 609 676 ista
640 639 903 688 superior3um
941 638 1011 676 illa
1041 645 1203 678 naturae
1236 642 1382 679 viribus
1415 642 1566 688 subest,
1607 642 1705 680 haec
1735 640 1928 679 voluntati

125 698 306 744 hominis,
339 696 408 734 illa
438 707 532 734 sane
554 701 662 747 motu
683 695 807 747 pollet
827 696 1080 745 alterationis,
1114 710 1231 747 quam
1255 701 1406 750 corpori
1435 711 1506 738 suo
1525 699 1676 747 inferat,
1711 705 1767 738 ut
1773 701 1929 738 omnino
1991 692 1994 735 J

126 756 331 810 facultati
343 756 469 793 subsit
509 743 632 792 vitali.
694 753 810 803 Quod
852 756 953 793 enim
995 755 1232 794 delectamur
1272 757 1484 796 harmoniis
1515 769 1716 802 sonorum,
1756 753 1929 808 speciem

93 859 95 861 ¹
124 815 320 866 passionis
343 813 479 862 habet,
512 814 657 864 quippe
689 812 926 851 delinitionis
959 812 1312 867 demulsionisque‚
1349 816 1451 855 unde
1482 818 1601 855 etiam
1631 815 1660 854 a'
1685 815 1929 867 philosophis
1990 807 1994 851 -ῗ

71 886 74 889 ·
125 885 150 911 a
178 871 363 924 patiendo
396 871 618 922 sympathia
649 871 789 909 dicitur
819 872 1035 910 animorum
1067 883 1154 910 cum
1186 876 1320 923 cantu3
1362 879 1422 914 est
1457 880 1587 914 tamen
1628 886 1668 929 re
1698 885 1792 913 vera
1821 885 1930 925 ope·

124 934 224 970 ratio
257 933 421 978 animae,
453 931 620 968 naturali
651 935 759 967 motu
790 931 943 979 agentis
972 931 1011 967 in
1042 934 1230 981 seipsam
1252 943 1415 982 seseque
1437 934 1721 982 exsuscitantis,
1755 931 1930 982 adquod

125 989 194 1028 illa
223 1000 301 1027 non
332 989 493 1027 consilio
524 1000 597 1027 nec
628 989 841 1035 voluntate,
875 988 943 1026 sed
975 990 1159 1027 instinctu
1192 991 1359 1029 naturali
1389 991 1734 1041 ferturhabetque
1765 991 1846 1040 jam
1879 991 1928 1028 ab
1984 1015 1994 1026 ,-

125 1050 210 1099 ipso
242 1053 328 1086 ortu
360 1059 553 1086 connexas
586 1046 693 1085 et‘in
724 1057 841 1085 unum
874 1049 986 1096 quasi
1017 1048 1204 1086 conflatas
1236 1049 1343 1087 ideas
1374 1055 1413 1088 et
1433 1050 1720 1089 harmoniarum
1750 1051 1790 1086 in
1810 1059 1929 1087 sonos
1985 1077 1986 1080 η

125 1108 479 1158 incorporatarum,
521 1110 559 1143 et
596 1105 843 1143 affectionum
883 1107 1002 1143 animi
1043 1107 1380 1157 respondentium,
1422 1112 1579 1159 ut'no'n
1620 1109 1732 1147 aliter
1773 1102 1850 1158 ipsi
1876 1109 1931 1145 sit
1986 1106 1988 1110 ’

125 1165 366 1215 implantata
392 1165 481 1203 idea
521 1164 768 1211 harmoniae,
820 1175 937 1213 quam
987 1170 1178 1214 quatenus
1229 1165 1414 1205 laetificat
1459 1173 1596 1217 estque
1637 1165 1928 1206 delectabilium
1975 1187 1980 1195 ·

125 1223 277 1273 aliquid
308 1228 346 1261 et
376 1228 568 1273 quatenus
601 1227 659 1260 est
689 1221 800 1260 ideae
830 1228 959 1260 motus
991 1223 1196 1261 conformis
1228 1224 1410 1275 implexa.
1471 1224 1561 1264 Hoc
1591 1227 1728 1276 opinor
1749 1223 1931 1262 Pro'clum
1968 1226 1972 1231 '

126 1294 243 1333 supra
283 1281 478 1329 voluisse,
522 1293 608 1319 cum
640 1280 866 1329 affirmaret,
909 1281 1181 1331 paradigmata
1220 1294 1342 1322 rerum
1384 1284 1745 1322 mathematicarum
1788 1283 1846 1332 (et
1875 1283 1931 1320 sic
1978 1324 1980 1326 ,

87 1335 90 1338 ’
128 1342 246 1394 etiam
276 1340 478 1389 multoque
509 1341 635 1388 magis
667 1338 973 1387 harmoniarum)
1005 1341 1132 1378 inesse
1170 1343 1207 1378 in
1239 1347 1368 1379 mente
1402 1342 1718 1381 intellectualiter
1747 1338 1930 1394 (ιὀερως),

126 1401 165 1436 in
203 1400 333 1437 anima
374 1409 467 1436 vero
505 1398 675 1436 vitaliter
711 1395 926 1449 (ζωτικως);
965 1400 1021 1435 sic
1059 1409 1096 1435 n.
1137 1400 1289 1437 inerunt
1325 1401 1443 1438 etiam
1481 1401 1518 1437 in
1550 1400 1736 1449 facultate
1774 1398 1931 1437 auditus
1979 1436 1982 1438 ,

126 1469 278 1505 sonore,
310 1457 491 1494 invitali
523 1456 790 1494 sublunarium
820 1455 974 1494 radiose
1005 1460 1043 1494 et
1074 1459 1284 1506 operative‚
1318 1469 1370 1496 sc.
1403 1469 1479 1497 uon
1510 1464 1599 1497 sunt
1629 1460 1715 1512 ipsa
1745 1457 1932 1510 paradig-
1971 1470 1982 1501 ς

77 1542 80 1546 -
129 1522 236 1554 mata
266 1527 364 1566 pura
394 1517 564 1561 interna,
598 1514 667 1553 sed
698 1516 829 1552 icones
860 1514 1036 1561 illorum,
1068 1515 1171 1553 foras
1204 1516 1381 1555 derivati.

243 1573 357 1623 Quod
387 1585 480 1612 vero
513 1584 589 1611 non
622 1578 773 1611 tantum
804 1571 1041 1611 delectamur
1072 1573 1273 1612 harmonia
1296 1579 1444 1623 cantus,
1476 1572 1547 1612 sed
1567 1575 1686 1612 etiam
1708 1573 1930 1623 digitorum,

128 1635 225 1680 oris,
263 1627 687 1684 pedum'corporisque
725 1637 854 1669 motus
886 1632 1243 1680 accommodamus,
1286 1632 1323 1670 id
1351 1633 1436 1683 Jam
1471 1636 1715 1683 praestamus
1746 1630 1930 1670 facultate
1967 1627 1973 1678 J

127 1687 314 1739 animali,
342 1691 480 1740 juncta
521 1690 734 1728 voluntate.
797 1690 850 1726 At
888 1701 974 1727 cum
1006 1692 1123 1729 etiam
1148 1698 1291 1730 'vocem
1331 1692 1380 1729 ad
1412 1691 1634 1729 harmonias
1666 1690 1935 1739 intelligibiles
1974 1730 1976 1735 ‚

127 1749 477 1798 accommodamus,
509 1742 741 1786 meditantes
773 1749 1002 1786 concinnum
1034 1755 1201 1797 cantum,
1224 1754 1351 1788 'antea
1381 1761 1458 1787 non
1482 1748 1670 1797 auditum,
1703 1748 1765 1787 hic
1795 1759 1932 1799 supre·
1967 1759 1975 1777 ³

127 1810 202 1847 mis
233 1808 453 1857 infimisque
485 1808 666 1845 omnibus
697 1806 950 1844 facultatibus
983 1808 1145 1856 utimur;
1177 1810 1366 1859 supremis
1397 1806 1567 1857 quidem,
1604 1806 1711 1856 quod
1745 1813 1784 1845 et
1814 1805 1931 1845 volu·
1968 1814 1970 1854 ζ

126 1879 212 1905 mus
245 1871 284 1904 et
315 1866 476 1904 consilio
507 1864 662 1911 utimur,
696 1864 941 1902 inferioribus
976 1876 1084 1912 vero,
1119 1866 1222 1916 quod
1255 1878 1460 1916 possumus
1495 1871 1534 1903 et
1563 1865 1668 1914 quod
1700 1861 1824 1903 etiam'
1847 1866 1931 1903 sine
1968 1883 1977 1897 ι

126 1925 389 1963 intellectione
420 1925 712 1975 proportionum
744 1922 848 1961 solas
880 1923 988 1961 ideas
1019 1925 1325 1972 intervallorum,
1357 1930 1496 1962 natura
1518 1923 1784 1974 'inplantatas,
1817 1928 1932 1961 cantu
1968 1958 1970 1960 ,

129 1984 397 2034 exprimimus,
440 1983 680 2021 inconcinnis
719 1982 897 2019 omnibus
936 1982 1123 2031 exclusis,
1167 1994 1236 2034 per
1272 1983 1357 2021 sola
1396 1982 1604 2020 intervalla
1640 1977 1830 2020 concinna
1871 1980 1932 2019 di·

129 2049 330 2092 vagantes.

243 2099 443 2141 Hactenus
474 2099 592 2147 igitur
622 2097 835 2147 explicatas
866 2097 1071 2136 facultates
1102 2099 1346 2137 harmonicas
1379 2098 1598 2136 essentialis
1631 2096 1700 2135 illa
1729 2097 1932 2136 harmonia
1967 2112 1974 2120 -·

128 2159 237 2197 Deus
268 2159 351 2207 ipse
382 2157 595 2207 exspiravit
636 2156 824 2202 creando,
869 2161 912 2193 ut
942 2158 1008 2205 qui
1050 2162 1108 2194 est
1139 2155 1252 2196 οὐσια
1283 2155 1467 2208 ἐνεργειᾳ,
1509 2154 1793 2211 ἱιιεριιιιιζὶιᾳιιθ
1830 2155 1930 2193 hanc
1961 2166 1973 2198 :j

128 2216 357 2268 particulam
396 2226 491 2252 suae
532 2214 710 2263 imaginis
749 2215 786 2250 in
830 2216 978 2251 animas
1011 2215 1165 2253 omnino
1199 2226 1355 2262 omnes,
1394 2213 1608 2253 secundum
1638 2215 1763 2263 magis
1801 2216 1928 2252 tamen
1960 2248 1966 2257 s,

129 2280 167 2314 et
196 2276 342 2321 minus,
376 2284 454 2323 qua
484 2272 743 2310 inculcatione
774 2272 889 2310 finem
920 2273 1078 2322 impono
1110 2278 1148 2311 et
1177 2273 1266 2311 huic
1298 2274 1427 2324 capiti.

889 2427 1076 2473 CAPUT
1113 2428 1180 2473 lll.

130 2527 250 2572 Quae
285 2525 375 2561 sint
411 2534 578 2570 genera
612 2538 692 2557 των
727 2523 1023 2569 ἢρμοσμενων,
1059 2523 1142 2558 hoc
1182 2527 1251 2558 est
1290 2533 1438 2557 rerum
1473 2533 1551 2559 seu
1581 2523 1817 2559 sensilium
1851 2511 1927 2574 seu
1952 2543 1984 2571 ⁵.

129 2583 553 2626 immateriatarum,
579 2581 625 2615 in
652 2580 822 2624 quibus
849 2590 1090 2625 expressae
1117 2584 1216 2616 sunt
1241 2580 1503 2616 harmoniae
1528 2581 1622 2616 sive
1648 2592 1669 2616 a
1695 2585 1805 2627 Deo,
1832 2576 1926 2624 sive

738 2638 789 2673 ab
815 2637 992 2672 homine
1027 2642 1071 2672 et
1098 2637 1326 2681 quomodo.

251 2738 465 2775 Distinctas
498 2747 582 2775 esse
614 2736 863 2785 quaestiones
884 2734 996 2772 facile
1016 2738 1143 2783 patet:
1184 2735 1224 2782 1)
1257 2736 1316 2771 cui
1337 2728 1710 2773 insint'harmoniae
1741 2739 1926 2785 tanquam
1965 2729 1994 2786 53

139 2798 283 2846 agenti,
313 2796 505 2843 formanti,
538 2805 605 2832 seu
639 2794 784 2844 opifici,
833 2793 877 2841 2)
909 2794 970 2830 cui
1001 2794 1118 2829 insint
1150 2797 1335 2841 tanquam
1363 2795 1471 2843 operi
1500 2794 1675 2831 formam.
1728 2793 1788 2831 De
1811 2792 1924 2844 priori

134 2857 283 2904 egimus
314 2854 524 2898 hactenus,
558 2852 604 2890 de
635 2852 836 2902 posteriori
865 2861 967 2887 nunc
997 2861 1109 2900 porro
1141 2851 1338 2898 agendum·
1366 2852 1595 2889 accuratius.
1811 2845 1814 2848 ’
1928 2904 1930 2906 K

246 2913 324 2950 Res
361 2913 477 2961 igitur
518 2922 651 2949 omues
694 2910 756 2948 vel
785 2913 874 2947 sunt
916 2909 1196 2947 immateriatae
1234 2909 1298 2947 vel
1338 2911 1501 2947 materia
1539 2909 1782 2959 participant.
1809 2911 1814 2915 '
1843 2907 1933 2945 Im-‘

133 2972 334 3008 materiata
363 2975 424 3008 est
454 2971 584 3007 anima
615 2967 811 3019 (respectu
843 2966 997 3016 quidem
1031 2967 1221 3018 corporis)
1251 2972 1368 3016 atque
1392 2967 1497 3014 haec,
1529 2972 1573 3004 ut
1593 2966 1780 3005 hactenus
1807 2976 1924 3011 usur-
1967 3005 1970 3006 γ

134 3030 323 3077 pavimus,
357 3033 439 3066 tota
468 3028 645 3077 respectu
676 3037 770 3064 suae
802 3025 992 3063 essentiae
1025 3023 1215 3074 descripta
1245 3030 1305 3063 est
1335 3037 1359 3062 a
1380 3025 1465 3063 Deo
1498 3026 1535 3061 in
1565 3025 1636 3062 has
1657 3025 1922 3075 proportiones
1978 3042 1982 3054 ,-

134 3085 388 3134 harmonicas,
422 3097 599 3135 quaeque
630 3087 735 3135 prius
766 3086 916 3122 inerant
945 3084 1098 3121 animae
1129 3088 1173 3121 ut
1204 3083 1344 3133 opifici,
1376 3095 1429 3129 sc.
1461 3087 1503 3121 ut
1534 3087 1595 3122 est
1623 3083 1791 3132 energia,
1821 3091 1922 3120 nunc
