1994 3276
158 82 241 121 394
683 95 688 102 “
833 79 1033 118 Ptolemaei
1044 81 1263 120 Harmonia.

156 195 304 231 stabiles
328 196 500 242 quinque.
549 196 611 232 Sin
634 200 755 234 autem
780 198 857 234 sine
881 209 991 236 causa
1013 198 1134 245 placet
1158 198 1340 244 duplicare
1363 199 1548 247 diapason,
1571 201 1730 248 placebit
1746 202 1809 239 alii
1829 203 1944 250 tripli-

156 258 252 292 care,
276 251 317 283 ut
339 248 463 294 plures
488 248 621 284 habeat
645 250 811 298 stabiles,
838 251 946 287 etiam
969 251 1150 288 veteribus
1177 252 1301 310 dictos.
1351 253 1423 289 Tot
1443 253 1555 299 igitur
1576 254 1778 291 nominibus
1802 255 1946 292 vacillat

157 300 384 346 septenarius
410 300 593 337 stabilium
618 312 796 339 sonorum.

274 353 370 389 Nota
393 353 456 389 IX.
506 356 539 391 E
563 361 688 391 contra
713 357 938 402 septenarius
962 367 1132 394 numerus
1156 357 1382 403 planetarum
1405 362 1462 395 est
1483 359 1522 395 in
1545 360 1692 404 antiqua
1716 363 1856 397 tantum
1881 371 1947 398 seu

157 410 378 447 Ptolemaica
402 410 631 455 astronomia,
656 415 697 446 ut
720 410 781 446 illa
799 409 907 447 nobis
931 410 1109 447 terricolis
1133 421 1172 446 se
1196 421 1261 456 per
1287 411 1410 448 oculos
1433 412 1602 458 insinuat,
1627 423 1709 449 cum
1731 413 1865 460 reipsa
1887 424 1946 450 res

158 465 264 510 longe
288 463 420 499 habeat
442 463 555 499 aliter.
604 464 696 500 Nam
721 464 751 499 si
774 464 963 509 primarios
988 465 1154 510 planetas
1187 464 1223 500 in
1247 465 1382 501 mundo
1407 465 1630 507 consideres,
1663 470 1748 503 sunt
1770 467 1795 502 ii
1819 477 1946 502 secun-

151 517 243 553 ‘dum
275 517 511 563 Gopernicum
541 527 690 553 numero
721 528 795 553 sex.
842 518 948 553 Luna
972 517 1091 553 Solem
1124 527 1195 553 non
1226 517 1522 564 circumvehitur,
1557 517 1622 555 sed
1652 518 1851 564 Tellurem,
1889 524 1944 556 est

155 570 266 615 igitur
287 570 383 605 inter
407 569 658 615 secundarios,
685 574 725 606 ut
747 572 771 606 4
794 569 1078 615 circumjoviales
1103 574 1140 606 et
1164 570 1284 606 ceteri.
1334 570 1396 607 Sin
1421 580 1545 607 omnes
1569 568 1798 608 numeramus
1822 571 1946 616 plane-

155 628 223 668 tas,
249 623 357 659 etiam
381 623 630 668 secundarios,
665 627 702 659 et
725 624 788 670 qui
813 623 979 669 planetas
1004 622 1093 659 alios
1119 623 1436 659 circumvehuntur
1466 624 1618 670 epicycli
1639 629 1758 670 motu,
1785 625 1862 669 Jam
1886 635 1945 660 ex-

154 676 331 721 perientia
361 674 407 711 ad
435 676 476 712 13
500 686 615 721 usque
651 676 821 712 excurrit.
870 676 1042 712 Omnibus
1074 676 1183 721 igitur
1213 677 1327 712 modis
1361 676 1510 713 fortuita
1542 682 1598 714 est
1621 678 1841 724 conspiratio
1867 687 1945 723 sep·

154 729 372 764 tenariorum
395 728 557 763 istorum.
1586 746 1597 765 ,

267 780 364 817 Nota
387 780 429 815 X.
477 780 578 825 Quae
602 781 662 816 hic
685 779 730 816 de
754 785 853 816 motu
878 781 1006 816 diurno
1029 782 1141 817 totius
1158 781 1282 817 mundi
1306 782 1351 819 ab
1369 786 1451 818 ortu
1467 783 1504 819 in
1521 793 1700 830 occasum,
1725 786 1762 819 et
1785 783 1830 819 de
1845 787 1946 821 motu
1984 806 1989 810 -

155 833 331 879 sphaerae
354 832 507 868 fixarum
530 833 737 868 tardissimo
761 833 799 868 in
816 833 1033 869 contrariam
1049 835 1194 880 plagam
1211 835 1388 880 dicuntur,
1414 845 1457 871 ea
1473 840 1557 872 sunt
1573 840 1816 872 consentanea
1831 841 1945 872 astro·
1981 828 1990 834 “

157 885 297 927 nomiae
319 885 571 922 Ptolemaicae.
620 885 839 930 Copernicus
862 886 978 922 reales
1003 886 1070 922 hos
1096 892 1215 923 motus
1241 898 1313 923 non
1337 887 1509 933 agnoscit,
1534 887 1599 924 sed
1610 887 1779 934 ‘priorem
1802 888 1944 934 quidem

155 938 382 974 transscribit
404 937 579 974 volutioni
605 938 759 974 Telluris
785 939 881 975 circa
899 950 1003 975 suum
1028 941 1131 976 aiem
1155 941 1192 976 in
1208 941 1351 987 plagam
1368 941 1582 988 oppositam,
1606 942 1845 988 posteriorem
1861 951 1946 978 vero

156 990 324 1026 emotioni
349 990 427 1026 axis
453 989 609 1026 Telluris
635 1001 654 1025 e
680 1001 746 1026 suo
772 991 843 1027 situ
867 991 1052 1037 parallelo.

268 1044 364 1079 Nota
387 1044 448 1078 XI.
497 1044 540 1078 In
566 1044 786 1080 astronomia
811 1045 997 1090 Copernici
1024 1046 1215 1083 dicendum
1239 1046 1298 1083 hic
1323 1051 1431 1091 esset,
1458 1055 1619 1092 apogaea
1642 1046 1847 1093 limitesque
1870 1046 1946 1092 pla-

151 1101 315 1133 netarum
338 1097 468 1132 boreos
501 1102 537 1132 et
561 1098 741 1134 austrinos
766 1103 943 1144 perpetuo
977 1100 1044 1135 sub
1068 1099 1195 1136 iisdem
1227 1099 1309 1137 fixis
1334 1100 1541 1146 quiescere3
1571 1100 1642 1136 hoc
1670 1100 1765 1136 enim
1795 1099 1948 1136 credidit

151 1149 382 1185 Ptolemaeus
408 1150 452 1184 de
476 1151 630 1196 planetis
657 1152 825 1212 quinque..
871 1152 918 1187 At
943 1151 1145 1188 observatio
1171 1151 1340 1196 longioris
1359 1152 1437 1187 aevi
1462 1151 1599 1188 detexit
1618 1152 1743 1197 plura3
1769 1151 1852 1188 narn
1869 1162 1948 1187 suc-

153 1202 286 1239 cedunt
310 1203 417 1238 etiam
441 1204 531 1239 haec
555 1210 691 1248 puncta
714 1205 924 1249 imaginaria
955 1215 977 1241 a
1001 1204 1074 1241 fixa
1104 1205 1150 1241 ad
1175 1205 1284 1241 fixam
1315 1205 1431 1251 aliam,
1459 1210 1494 1241 et
1522 1203 1778 1250 inaequalibus
1803 1203 1947 1248 quidem

156 1256 342 1293 celeritate
365 1257 628 1302 progressibus

269 1322 366 1359 Nota
388 1323 470 1359 XII.
519 1322 602 1358 Jam
635 1323 732 1367 quod
757 1322 991 1367 sphaerarum
1015 1323 1279 1366 magnitudines
1305 1322 1456 1364 attinet,
1489 1331 1562 1357 eae
1583 1320 1682 1357 nullo
1714 1301 1821 1356 modo
1851 1330 1950 1356 men-

157 1384 277 1411 suram
301 1375 451 1411 eandem
476 1375 684 1419 observant,
720 1386 825 1420 quam
851 1375 1064 1411 chordarum
1091 1375 1296 1421 longitudo,
1330 1384 1374 1409 ac
1405 1383 1451 1409 ne
1475 1373 1613 1409 eminus
1639 1373 1783 1418 quidem
1819 1383 1950 1433 appro-

157 1429 344 1473 pinquant,
370 1429 433 1465 sed
459 1428 730 1472 generalissima
754 1428 928 1472 quaedam
954 1428 1133 1472 allegatur
1157 1427 1430 1472 proportionum
1458 1425 1830 1471 inaequalissimarum
1855 1424 1951 1460 simi-

154 1481 285 1526 litudo,
320 1485 356 1516 et
390 1481 524 1517 nudum
558 1490 674 1516 meses
698 1491 847 1519 nomen,
884 1485 920 1515 et
950 1481 1111 1526 opinatio
1147 1481 1191 1516 de
1223 1480 1458 1525 sphaerarum
1491 1479 1754 1525 magnitudine,
1790 1490 1882 1525 quae
1914 1480 1951 1514 in

152 1535 379 1570 astronomia
402 1534 599 1583 Ptolemaei
622 1533 736 1569 libera
760 1533 902 1578 quidem
930 1539 995 1578 est,
1022 1534 1086 1568 sed
1110 1544 1131 1568 a
1155 1543 1240 1567 vera
1257 1531 1478 1568 astronomia
1493 1531 1684 1568 refutatur.
1734 1532 1828 1576 Quin
1844 1531 1953 1567 etiam

150 1586 238 1622 ordo
271 1586 500 1631 planetarum
534 1586 716 1623 veteribus
749 1587 907 1622 creditus
937 1587 1044 1631 longe
1077 1585 1187 1620 habet
1219 1584 1324 1620 aliter
1348 1584 1445 1629 apud
1471 1584 1709 1629 Copernicum
1738 1588 1775 1620 et
1808 1588 1953 1629 praeter

150 1639 371 1684 opinionem.
420 1640 502 1675 Etsi
527 1640 621 1675 enim
645 1640 681 1674 in
709 1639 876 1684 Saturno,
897 1639 998 1682 Jove,
1025 1639 1142 1674 Marte
1166 1637 1288 1673 nullus
1313 1648 1414 1672 error
1438 1635 1585 1682 ordinis,
1611 1641 1648 1672 at
1671 1646 1738 1672 nec
1761 1637 1798 1671 in
1814 1636 1954 1672 Venere

149 1697 185 1728 et
213 1692 413 1737 Mercurio,
446 1697 615 1738 respectu
646 1692 857 1728 inclusionis
889 1697 924 1728 et
949 1691 1308 1736 circumscriptionis3
1345 1694 1383 1725 at
1414 1689 1451 1724 in
1477 1689 1560 1724 Sole
1585 1693 1683 1724 errat
1710 1692 1814 1724 vetus
1839 1693 1953 1724 astro-

150 1745 284 1790 nomia,
313 1754 394 1779 cum
419 1745 627 1781 certissimis
653 1745 906 1790 experimentis
932 1745 1216 1780 demonstratum
1240 1743 1451 1787 habeamus,
1467 1742 1645 1778 Venerem
1662 1742 1790 1786 (eoque
1807 1745 1844 1776 et
1858 1741 1953 1776 Mer·

150 1797 300 1839 curium.)
338 1796 432 1832 circa
457 1797 576 1833 Solem
600 1797 663 1841 ire,
688 1802 761 1833 tam
786 1797 932 1833 altiores
956 1797 1018 1832 illo
1043 1796 1276 1841 quandoque,
1300 1805 1407 1841 quam
1431 1795 1587 1830 vicissim
1610 1793 1818 1830 humiliores
1843 1794 1952 1838 alias3

148 1854 185 1885 et
218 1849 450 1885 Mercurium*
465 1849 609 1894 quidem
633 1850 773 1885 Venere
797 1861 892 1886 nunc
917 1851 1099 1894 altiorem,
1125 1849 1156 1884 si
1181 1853 1266 1885 sunt
1290 1848 1500 1884 humiliores
1525 1846 1630 1892 Sole,
1655 1857 1751 1883 nunc
1775 1858 1818 1883 ea
1840 1847 1954 1883 humi-

147 1902 216 1937 lior
226 1912 293 1947 em,
319 1902 350 1937 si
374 1902 478 1937 ambo
504 1901 588 1937 Sole
613 1902 769 1938 altiores.
819 1903 946 1947 Itaque
980 1907 1021 1938 ut
1048 1903 1259 1939 emendetur
1281 1902 1341 1936 hic
1366 1901 1454 1936 ordo
1485 1899 1681 1935 secundum
1706 1900 1954 1950 Copernicum‚

152 1953 306 1990 Telluris
339 1958 375 1988 et
401 1954 494 1989 Solis
520 1954 742 1990 conditiones
767 1958 851 1990 sunt
875 1956 1152 2001 permutandae,
1185 1959 1226 1991 ut
1256 1966 1328 1991 non
1355 1954 1431 1998 Sol,
1464 1953 1527 1989 sed
1552 1953 1664 1988 Terra
1701 1953 1853 1987 circuitu
1889 1962 1955 1988 suo

156 2005 291 2042 mediet
323 2005 418 2041 inter
441 2006 621 2051 planetas,
657 2006 717 2041 Sol
741 2016 825 2041 vero
850 2018 912 2042 cor
943 2009 990 2044 sit
1013 2008 1169 2044 omnium
1194 2011 1231 2043 et
1263 2010 1437 2050 centrum,
1475 2016 1548 2041 non
1572 2004 1696 2040 Terra.
1753 2004 1802 2040 Et
1834 2008 1954 2041 tamen

154 2058 267 2094 etiam
291 2058 343 2094 sic
369 2058 550 2103 (restituto
575 2058 701 2093 ordine
724 2060 822 2103 vero)
849 2059 1009 2095 exulabit
1033 2070 1052 2094 e
1077 2070 1227 2095 numero
1252 2060 1366 2103 Luna,
1393 2063 1433 2094 ut
1457 2068 1550 2103 quae
1576 2057 1757 2094 Tellurem
1782 2057 1954 2099 circumit,

165 2121 280 2156 eoque
304 2121 326 2146 a
350 2115 474 2146 centro
501 2109 726 2155 planetarum
752 2111 856 2146 abest
879 2110 1021 2154 longius
1038 2112 1178 2147 Venere
1204 2116 1239 2147 et
1267 2111 1461 2147 Mercurio.
1507 2111 1564 2146 Ita
1589 2115 1672 2146 nete
1688 2110 1955 2156 hyperbolaeon

165 2163 302 2199 nullum
326 2163 475 2199 habebit
499 2163 690 2207 planetam,
717 2166 793 2209 aut,
817 2166 858 2197 ut
879 2163 1018 2198 Lunam
1042 2163 1191 2209 habeat,
1219 2174 1238 2198 e
1261 2174 1408 2199 numero
1427 2163 1614 2198 eximenda
1638 2166 1674 2198 et
1698 2161 1783 2198 alibi
1807 2161 1955 2197 seorsim

166 2217 234 2253 erit
256 2215 448 2253 tendenda.

281 2269 386 2314 Quod
409 2278 494 2304 vero
514 2268 589 2312 Jam
614 2267 763 2317 mobiles
787 2267 871 2302 hinc
896 2267 1004 2303 sonos
1029 2278 1093 2303 seu
1116 2267 1231 2312 locos,
1264 2267 1347 2306 inde
1371 2267 1608 2312 particulares
1633 2266 1856 2311 singulorum
1878 2265 1953 2311 pla-

169 2326 334 2359 netarum
356 2321 534 2364 >sphaeras
560 2319 700 2364 attinet,
725 2319 783 2355 hic
799 2319 927 2355 iterum
944 2320 1197 2365 impedimenta
1214 2320 1338 2364 multa,
1363 2332 1434 2365 quo
1458 2321 1575 2356 minus
1599 2319 1818 2365 comparatio
1841 2318 1958 2364 possit

167 2374 318 2409 institui.
367 2374 459 2408 Nam
484 2371 862 2417 proslambanomenos
887 2383 959 2407 non
983 2373 1093 2408 habet
1118 2373 1235 2408 socios
1259 2373 1423 2417 mobiles,
1449 2383 1529 2407 cum
1551 2373 1726 2408 Saturnus
1749 2375 1870 2407 tamen
1892 2370 1954 2405 ha-

165 2426 249 2461 beat
274 2425 483 2471 epicyclum,
511 2430 547 2461 et
570 2425 675 2459 Luna
700 2425 857 2470 epicyclo
883 2426 1040 2461 secundo
1067 2426 1121 2466 (in
1139 2426 1357 2461 astronomia
1379 2430 1571 2470 utrumque
1587 2425 1824 2469 Ptolemaica)
1848 2428 1955 2469 caret,

165 2489 247 2513 cum
272 2478 319 2513 sit
344 2477 441 2522 apud
466 2480 576 2511 neten
601 2477 699 2512 socia
723 2476 876 2522 mobilis,
901 2483 1084 2522 paranete.
1134 2478 1226 2513 Nam
1251 2478 1346 2522 quod
1364 2478 1592 2515 Ptolemaeus
1608 2479 1734 2514 Lunae
1749 2488 1816 2524 per
1831 2486 1955 2513 eccen-

165 2532 274 2567 tricos
300 2530 407 2565 etiam
432 2529 559 2565 tribuit
582 2528 710 2574 longos
736 2529 929 2567 descensus
954 2541 1197 2575 ascensusque
1221 2537 1339 2576 (quem
1363 2542 1429 2575 ego
1454 2531 1499 2566 ad
1523 2541 1708 2567 numerum
1724 2529 1954 2574 marginalem

163 2583 207 2618 13
231 2584 267 2618 in
291 2586 394 2617 textu
423 2591 502 2616 sum
535 2581 662 2615 merito
695 2585 855 2625 secutus,
893 2583 1024 2628 quippe
1054 2582 1205 2628 loquens
1241 2583 1341 2619 velut
1371 2594 1415 2619 ex
1447 2584 1525 2628 eJus
1557 2589 1650 2629 ore),
1685 2582 1862 2619 refutatus
1899 2584 1956 2616 est

165 2637 298 2673 dudum
323 2633 572 2670 astronomicis
598 2633 864 2678 experimentis.
915 2634 985 2669 Sed
1009 2644 1077 2669 nec
1101 2635 1323 2679 respondent
1348 2636 1587 2682 epicyclorum
1617 2636 1879 2680 magnitudines
1903 2634 1954 2668 in-

164 2689 324 2726 tervallis
349 2688 442 2722 inter
466 2686 623 2728 stabiles,
646 2696 762 2731 neque
786 2686 1088 2731 magnitudinibus
1114 2687 1167 2731 (ut
1192 2692 1342 2733 apparet
1366 2700 1411 2725 ex
1435 2700 1488 2734 eo,
1515 2690 1611 2734 quod
1628 2688 1862 2734 triplicandae
1877 2687 1974 2732 fue-v

164 2747 248 2777 runt
271 2741 529 2786 proportiones
554 2739 760 2785 systematis
783 2738 940 2783 musici),
976 2748 1093 2783 neque
1119 2739 1349 2776 similitudine
1373 2742 1634 2786 proportionis,
1659 2751 1732 2776 non
1756 2743 1895 2775 tantum
1918 2738 1955 2773 in

165 2795 435 2839 comparatione
471 2793 518 2828 ad
550 2802 591 2828 se
614 2796 754 2836 mutuo,
790 2790 855 2826 sed
889 2790 995 2824 etiam
1028 2790 1073 2825 ad
1098 2793 1206 2827 orbes
1230 2802 1335 2838 su0s3
1370 2793 1426 2828 his
1453 2793 1546 2827 enim
1580 2790 1879 2828 omnibus'modis
1903 2789 1954 2824 in-

166 2847 336 2892 aequales
361 2849 449 2880 sunt
472 2844 641 2890 utrinque
665 2842 933 2888 proportiones,
970 2846 1010 2876 ut
1035 2843 1215 2887 epicyclus
1239 2844 1368 2880 Martis
1397 2844 1553 2880 omnium
1576 2844 1770 2888 maximus,
1804 2843 1954 2879 Veneris

167 2898 213 2932 ad
238 2909 344 2933 suum
371 2897 493 2941 orbem
518 2900 747 2940 comparatus
773 2895 878 2930 etiam
896 2893 1020 2940 major,
1046 2906 1126 2930 cum
1143 2896 1326 2931 stabilium
1344 2906 1511 2931 sonorum
1527 2896 1716 2944 intervalla
1732 2894 1954 2931 solummodo

167 2950 238 2984 sint
262 2949 506 2994 magnitudine
533 2948 752 2994 differentia,
786 2958 895 2982 unum
925 2947 999 2982 toni
1027 2947 1247 2992 disjunctivi,
1284 2948 1437 2983 alterum
1468 2947 1687 2984 tetrachordi
1719 2946 1952 2985 diatessaron.

165 3002 220 3036 Ita
249 3003 349 3038 vides
373 3002 410 3036 in
435 3001 580 3046 tabella,
607 3011 652 3036 ne
678 3001 746 3036 hac
769 2998 912 3045 quidem
934 2999 1174 3042 triplicatione
1198 3000 1469 3045 proportionum
1495 3000 1697 3046 systematis
1723 2999 1855 3043 caveri,
1882 3010 1952 3044 quo

168 3052 283 3088 minus
307 3053 344 3089 in
369 3054 486 3089 Marte
520 3058 556 3089 et
580 3054 720 3089 Venere
744 3053 918 3088 immanes
949 3051 1021 3087 sint
1052 3063 1279 3089 numerorum
1303 3053 1623 3090 astronomicorum
1656 3062 1678 3087 a
1706 3052 1850 3089 musicis
1883 3051 1966 3088 dis«
