1994 3276
140 97 221 140 332
546 150 558 161 ρ
752 120 757 123 ,
935 94 1128 142 Appendix

136 212 339 264 simplicia,
371 225 472 263 quae
501 213 596 252 mihi
626 219 716 254 sunt
736 216 925 254 concinna
954 216 1114 254 minima
1135 214 1308 263 dissona,
1339 219 1455 254 tonus
1480 214 1616 265 maj0r,
1646 213 1781 263 minor,
1812 216 1932 255 semi-

138 273 298 321 tonium,
331 271 470 322 diesis3
512 272 590 311 alia
621 273 704 312 vult
735 285 819 312 esse
851 286 900 313 ex
929 273 989 312 his
1021 274 1259 324 composita,
1306 284 1407 323 quae
1439 284 1512 323 ego
1551 274 1826 312 consonantias
1858 287 1931 326 ap-

136 329 254 382 pello.
316 330 435 380 Atqui
472 332 703 369 sententiam
741 332 839 370 hanc
878 337 1073 380 veterum,
1120 331 1220 381 quod
1253 333 1532 371 consonantiae
1572 337 1853 383 componantur
1883 344 1930 372 ex

136 388 354 429 intervallis
379 389 592 428 minoribus
621 394 806 440 tanquam
835 395 975 429 natura
1005 390 1213 442 prioribus,
1247 401 1319 439 ego
1341 390 1511 429 refutavi
1540 401 1721 441 expresse
1742 392 1869 441 capite
1892 393 1928 430 4.

135 447 214 486 mei
242 447 329 486 libri
360 447 443 494 ΙΙΙ,
487 452 664 497 ostenso,
709 448 813 498 quod
854 450 1004 487 minora
1043 461 1063 487 e
1103 449 1292 487 contrario
1337 450 1507 487 oriantur
1545 459 1592 487 ex
1629 450 1808 488 consonis
1844 461 1930 488 sese

136 505 362 555 maj0ribus.
390 508 484 553 (VI.)
539 506 671 546 Tertio
701 507 801 547 libro
821 507 990 559 explicat
1010 512 1183 558 systema
1204 518 1273 545 seu
1295 506 1443 546 scalam
1461 508 1662 554 musicam,
1695 518 1796 556 quae
1817 519 1932 558 prae-

138 565 254 615 cipua
282 576 372 614 pars
405 569 463 602 est
493 565 569 603 mei
598 565 686 604 libri
718 566 790 604 ΙΙΙ.
824 578 848 604 a
880 577 963 617 cap.
997 569 1034 604 4.
1068 577 1191 615 usque
1222 564 1272 603 ad
1305 565 1343 604 9.
1390 564 1560 616 ,Reliqui
1596 568 1762 614 quatuor
1792 571 1931 605 aucto-

136 623 188 660 ris
218 622 306 661 libri
338 624 472 673 praxin
502 622 660 672 habent,
691 636 808 673 quam
839 635 912 672 ego
943 635 992 663 ne
1021 625 1171 674 attingo
1202 622 1371 673 quidem.
1430 623 1530 662 Nam
1567 624 1606 662 in
1637 622 1718 661 IV:
1741 623 1788 663 de
1819 636 1929 663 men-

135 691 227 719 sura
255 686 383 720 tactus
415 684 578 731 ejusque
609 681 732 721 modis
765 684 881 721 variis
913 687 951 722 et
981 682 1113 721 valore
1144 687 1322 720 notarum
1353 693 1420 732 per
1442 693 1510 721 eos
1540 682 1741 732 praecipit,
1773 681 1821 722 de
1851 694 1928 732 quo

137 750 210 789 ego
241 738 410 791 paucula
440 739 508 778 lib.
538 739 609 780 ΙΙΙ.
643 752 726 791 cap.
764 741 825 780 15.
869 745 908 779 et
936 740 1003 780 lib.
1034 740 1104 779 IV.
1137 752 1221 792 cap.
1257 741 1295 778 3.
1327 742 1442 788 (VH.)
1498 740 1545 779 In
1574 739 1623 778 V.
1665 739 1784 779 habet
1812 753 1929 791 prae-

141 802 254 848 cepta
293 799 568 848 compositoria
609 804 745 838 cantus
774 799 949 849 figurati,
990 810 1106 848 quam
1138 804 1261 838 artem
1303 810 1379 849 ego
1420 809 1498 837 non
1528 797 1721 850 profiteor.
1780 798 1826 837 In
1857 799 1927 839 VI.

136 857 303 895 excurrit
333 857 451 895 etiam
482 857 531 895 ad
564 858 672 896 varia
701 859 956 897 instrumenta
984 858 1152 906 musica,
1196 857 1242 895 de
1274 857 1415 907 quibus
1447 868 1520 907 ego
1558 868 1607 896 ne
1637 857 1808 906 cogitavi
1839 860 1929 908 qui-

139 913 239 953 dem.
300 914 344 952 In
376 914 469 952 VII.
502 915 667 966 denique
697 927 842 954 novum
874 917 1171 954 instrumentum
1201 917 1285 966 ipse
1316 917 1453 966 aperit.
1476 919 1594 963 (VIII.)
1648 914 1693 953 In
1723 914 1782 953 his
1812 918 1929 966 igitur

139 974 165 1010 4
195 974 400 1023 postremis
431 972 496 1011 ille
528 975 584 1013 sic
614 987 638 1012 a
668 986 729 1014 me
761 974 896 1023 differt,
930 979 972 1012 ut
1001 968 1194 1025 practicus
1225 987 1249 1013 a
1269 974 1500 1022 theoretico,
1531 985 1620 1012 nam
1639 983 1710 1024 pro
1732 985 1790 1023 eo,
1822 975 1927 1025 quod

137 1032 222 1081 ipse
255 1030 368 1071 docet
399 1043 630 1082 componere
661 1032 784 1072 melos
813 1033 980 1084 plurium
1012 1044 1163 1080 vocum,
1200 1043 1272 1082 ego
1303 1031 1649 1072 demonstrationes
1678 1031 1928 1073 mathemati-

142 1101 208 1127 cas
239 1091 427 1128 concinno
459 1091 741 1142 plerorumque,
773 1103 875 1141 quae
906 1090 1130 1130 naturaliter
1161 1093 1290 1130 insunt
1322 1092 1359 1128 in
1392 1095 1508 1130 cantu
1537 1095 1616 1130 tam
1639 1089 1785 1129 chorali
1813 1103 1929 1142 qnam

136 1147 315 1198 figurato.
335 1151 423 1197 (IX.)
470 1149 683 1199 Propterea
713 1151 828 1189 etiam
860 1151 897 1187 in
929 1151 1052 1199 ipsius
1083 1161 1197 1200 opere
1226 1148 1413 1199 plurimae
1437 1153 1528 1188 sunt
1546 1149 1741 1200 picturae3
1773 1150 1812 1188 in
1842 1163 1928 1190 meo

141 1205 425 1257 diagrammata
462 1208 737 1256 mathematica
771 1208 893 1246 literis
935 1210 1133 1248 instructa.
1161 1212 1239 1256 (X.)
1294 1207 1441 1246 Videas
1471 1208 1609 1260 etiam,
1649 1209 1776 1257 ipsum
1805 1207 1930 1259 pluri-

140 1276 245 1303 mum
277 1265 460 1319 delectari
493 1278 616 1305 rerum
649 1267 935 1317 aenigmatibus
965 1266 1201 1314 tenebrosis,
1245 1277 1331 1304 cum
1363 1277 1436 1316 ego
1466 1277 1528 1305 res
1558 1267 1664 1316 ipsas
1694 1265 1930 1307 obscuritate

138 1323 335 1364 involutas
365 1325 405 1362 in
435 1324 561 1364 lucem
592 1325 813 1364 intellectus
843 1325 1011 1375 proferre
1043 1326 1155 1365 nitar.
1215 1324 1318 1363 Illud
1349 1324 1507 1375 quidem
1537 1323 1726 1363 familiare
1757 1330 1817 1364 est
1834 1325 1931 1378 chy-

146 1383 276 1430 micis,
309 1382 548 1432 hermeticis,
581 1383 864 1431 Paracelsistis,
894 1384 968 1422 hoc
998 1385 1195 1434 proprium
1224 1382 1371 1422 habent
1399 1382 1675 1422 mathematici.
1705 1386 1794 1431 (XI.)

255 1440 446 1491 Adeoque
484 1443 600 1481 etiam
630 1442 740 1481 libris
770 1442 821 1480 II.
855 1447 893 1480 ct
922 1441 1002 1490 III,
1048 1442 1115 1480 ubi
1159 1441 1321 1480 eandem
1362 1452 1513 1480 mecum
1550 1446 1689 1481 tractat
1717 1443 1931 1490 materiam,

140 1498 217 1538 hoc
247 1498 567 1539 discriminis‘est
597 1502 695 1540 inter
724 1512 814 1547 nos,
859 1500 963 1549 quod
995 1511 1095 1550 quae
1126 1501 1209 1550 ipse
1241 1501 1466 1538 transsumit
1495 1512 1520 1539 a
1550 1501 1763 1548 veteribus,
1806 1498 1879 1550 ego
1911 1512 1931 1539 e

136 1569 262 1596 rerum
293 1563 433 1597 natura
462 1570 554 1597 eruo
586 1564 624 1598 et
655 1559 705 1597 ab
737 1560 831 1609 ipsis
863 1557 1122 1597 fundamentis
1153 1559 1370 1608 constitu03
1403 1560 1512 1608 ipse,
1551 1569 1652 1608 quae
1679 1560 1851 1609 accepit,
1885 1570 1933 1598 ea

138 1616 300 1656 confusa
331 1614 509 1670 (propter
551 1618 748 1656 variantes
785 1616 1019 1656 tradentium
1049 1613 1283 1670 sententias)
1315 1622 1354 1656 et
1393 1617 1608 1656 incorrecta
1638 1621 1818 1667 usurpat,
1857 1629 1930 1666 ego

137 1674 307 1713 naturali
339 1675 472 1714 ordine
505 1675 691 1727 procedo,
731 1680 774 1714 ut
805 1677 934 1714 omnia
963 1675 1174 1714 secundum
1211 1674 1319 1725 leges
1350 1680 1512 1714 naturae
1541 1677 1618 1713 sint
1649 1674 1854 1714 emendata
1895 1680 1933 1714 et

141 1733 315 1772 confusio
347 1735 511 1783 vitetur,
557 1734 734 1784 adeoque
773 1746 821 1773 ne
853 1734 1008 1783 quidem
1049 1733 1099 1772 ad
1131 1739 1306 1772 veterum
1337 1734 1483 1784 placita
1521 1733 1675 1784 applico
1708 1735 1930 1782 constituta,

138 1792 210 1830 nisi
243 1792 308 1831 ubi
341 1793 516 1831 confusio
548 1792 657 1832 nulla
687 1794 872 1842 sequitur.
896 1796 1000 1839 (XII.)
1049 1792 1132 1840 Ita,
1175 1793 1241 1831 ubi
1286 1803 1359 1841 ego
1401 1797 1550 1831 veteres
1588 1803 1768 1842 expresse
1806 1792 1931 1830 refuto

139 1849 186 1889 de
217 1851 344 1890 causis
377 1850 738 1890 concordantiarum
770 1850 1013 1903 disserentes,
1046 1851 1101 1889 ibi
1131 1849 1197 1890 ille
1227 1856 1379 1890 veteres
1412 1851 1506 1888 citra
1522 1850 1777 1889 dubitationis
1805 1850 1932 1890 aleam
1956 1860 1958 1863 ’
1987 1862 1990 1866 ’

141 1909 327 1957 sequitur,
361 1908 407 1947 de
440 1911 568 1948 causis
600 1909 815 1948 verioribus
844 1920 892 1946 ne
925 1909 1072 1958 cogitat
1102 1908 1269 1958 quidem.
1291 1913 1410 1956 (XIII.)
1473 1907 1559 1948 Uno
1582 1909 1712 1956 verbo,
1745 1909 1782 1946 in
1814 1908 1933 1948 disei-

139 1966 246 2017 plina
276 1966 500 2006 harmonica
532 1967 628 2006 alter
658 1969 846 2006 musicum
885 1968 967 2017 agit
998 1966 1174 2006 vocalem
1212 1972 1251 2006 et
1281 1967 1632 2015 instrumentalem,
1676 1967 1773 2005 alter
1803 1965 1933 2018 philo-

139 2025 303 2075 sophum
336 2031 374 2064 et
404 2026 730 2067 mathematicum.

257 2083 348 2122 Jam
380 2083 429 2122 ad
461 2084 624 2123 alterum
656 2083 825 2122 auctoris
854 2082 982 2122 locum
1015 2087 1275 2130 transeamus,
1320 2082 1385 2121 ubi
1424 2083 1609 2120 musicam
1642 2081 1706 2120 ille
1747 2083 1786 2120 in
1818 2094 1932 2120 mun-

143 2141 235 2180 dum
266 2141 487 2180 introducit.
547 2142 623 2181 Hic
652 2153 746 2180 vero
778 2143 944 2179 immane
976 2146 1161 2190 quantum
1193 2142 1292 2178 inter
1311 2151 1382 2179 nos
1405 2139 1607 2179 discrimen
1632 2147 1702 2180 est.
1762 2140 1933 2179 Primum

142 2212 239 2250 quas
269 2200 335 2241 ille
365 2200 586 2239 harmonias
627 2200 765 2238 docere
807 2199 990 2247 intendit,
1034 2210 1104 2237 eae
1134 2204 1224 2236 sunt
1264 2199 1358 2236 meri
1397 2198 1660 2248 symbolismi,
1703 2198 1751 2237 de
1789 2199 1932 2248 quibus
1974 2206 1984 2220 '

139 2258 243 2297 idem
275 2258 387 2307 dico,
430 2259 536 2308 quod
566 2257 613 2297 de
644 2257 908 2308 symbolismis
939 2256 1171 2305 Ptolemaei,
1214 2258 1389 2306 poeticos
1420 2258 1550 2306 potius
1582 2268 1682 2296 esse>
1702 2261 1770 2295 aut
1801 2262 1933 2296 orato-

143 2318 233 2365 rios,
266 2329 382 2367 quam
414 2316 708 2368 philosophicos
739 2320 807 2354 aut
827 2315 1133 2353 mathematicos.
1157 2317 1272 2360 (XIV.)
1327 2314 1436 2353 Haec
1459 2316 1589 2354 anima
1611 2316 1809 2367 estgtotius
1828 2315 1932 2353 illius

141 2376 280 2425 operis,
313 2381 356 2413 ut
386 2375 449 2414 vel
480 2387 527 2414 ex
558 2375 671 2413 titulo
703 2379 812 2424 patet
841 2374 1095 2412 Macrocosmi
1128 2377 1166 2411 et
1186 2370 1444 2411 Microcosmi.
1504 2373 1604 2412 Nam
1627 2375 1789 2412 intorno
1810 2374 1943 2421 altero*
1992 2380 1994 2410 i

140 2433 402 2472 demonstrare
442 2434 577 2483 procul
611 2433 730 2471 dubio
771 2432 943 2470 intendet
981 2431 1111 2470 nobile
1143 2429 1239 2468 illud
1282 2430 1432 2478 thema,
1472 2432 1592 2470 totius
1632 2431 1763 2469 mundi
1802 2432 1933 2480 magni

141 2493 390 2541 omniumque
430 2492 513 2541 ejus
550 2492 718 2542 partium
759 2490 867 2529 ideas
898 2491 1052 2540 reperiri
1094 2491 1131 2526 in
1163 2489 1331 2527 homine.
1391 2488 1502 2528 Haec
1543 2489 1680 2528 eadem
1715 2491 1845 2528 anima
1874 2494 1934 2527 est

143 2556 181 2588 et
211 2551 323 2604 primi
354 2551 462 2600 tomi,
495 2551 588 2599 quia
619 2554 742 2587 totum
772 2548 957 2587 mundum
989 2547 1183 2586 distribuit
1214 2548 1251 2583 in
1284 2551 1359 2585 tres
1389 2549 1588 2596 regiones,
1625 2548 1691 2586 ubi
1721 2547 1932 2586 secundum

145 2608 489 2647 celebratissimum
534 2606 628 2645 illud
659 2606 854 2645 Hermetis
891 2607 1046 2644 axioma
1081 2616 1230 2653 supera
1258 2606 1407 2643 similia
1445 2617 1513 2643 seu
1545 2605 1714 2655 analoga
1742 2605 1836 2644 facit
1864 2607 1932 2644 in-

136 2667 244 2716 feris.
305 2666 414 2705 Haec
460 2677 549 2704 vero
589 2664 772 2714 analogia
802 2669 843 2702 ut
873 2676 943 2713 per
973 2664 1102 2702 omnia
1137 2662 1343 2711 succedat,
1384 2675 1501 2713 saepe
1533 2663 1932 2702 crinibus—trahenda

140 2729 241 2772 sunt,
275 2736 375 2774 quae
407 2725 587 2773 utrinque
618 2726 900 2773 comparantur.
924 2724 1024 2766 (XV)
1066 2721 1158 2758 Mea
1188 2720 1235 2759 de
1266 2721 1458 2771 analogiis
1489 2723 1682 2760 sententia
1711 2733 1759 2760 ex
1780 2721 1930 2771 digres-

140 2783 249 2822 sione
288 2784 325 2819 in
371 2783 477 2821 calce
509 2783 582 2820 mei
613 2780 700 2819 libri
732 2780 804 2818 ΠΙ.
848 2784 974 2830 patet3
1017 2780 1194 2816 nimirum
1237 2781 1308 2817 etsi
1349 2779 1533 2828 analogia
1570 2781 1860 2830 proportionum
1891 2780 1931 2816 in

140 2840 384 2889 geometricis
415 2839 578 2878 formale
610 2839 702 2888 quid
734 2843 804 2885 est,
835 2842 1012 2886 respectu
1043 2838 1164 2887 ipsius
1187 2838 1370 2875 materiae
1401 2839 1685 2886 quantitativae
1705 2836 1930 2876 indefinitae

142 2903 179 2935 et
208 2898 548 2945 indeterminatae,
587 2902 715 2936 tamen
746 2901 922 2945 respectu
953 2896 1245 2944 proportionum
1275 2895 1584 2933 harmonicarum
1613 2895 1824 2934 materialis
1854 2906 1930 2944 po-

142 2957 216 2993 tius
247 2956 404 2995 affectio
435 2961 565 3006 potest
595 2955 748 3001 haberi,
789 2954 880 3003 quia
912 2964 997 2990 cum
1030 2953 1275 2991 harmonicae
1314 2953 1586 3004 proportiones
1629 2959 1771 2992 certam
1802 2964 1929 3001 quan-

146 3014 294 3052 titatem
328 3014 523 3061 definiant,
556 3013 761 3063 analogiae
793 3015 925 3050 contra
968 3023 1009 3049 se
1041 3012 1134 3061 ipsis
1165 3012 1203 3048 in
1235 3010 1425 3049 infinitum
1457 3023 1654 3051 excurrere
1693 3015 1783 3050 sunt
1812 3016 1928 3061 aptae

140 3075 178 3108 et
207 3072 263 3111 sic
292 3072 538 3112 materialem
570 3071 770 3110 infinitatis
802 3069 1044 3109 affectionem
1076 3074 1309 3120 supponunt.
