1994 3276
113 147 195 188 134
815 146 871 184 De
894 145 1194 193 Proportionibus

111 262 306 303 inscibiles
347 264 414 315 (eo
444 275 580 313 sensu,
625 267 694 315 qui
729 266 830 305 libro
869 267 992 318 primo
1031 266 1244 317 explicatus
1275 264 1371 316 est),
1413 271 1637 306 manserunt
1676 267 1793 316 igitur
1829 266 1920 305 soris

114 327 221 362 extra
268 327 435 362 mentem
477 322 627 374 opificis
681 326 851 376 aeterni,
906 336 978 364 nec
1019 324 1215 364 ullatenus
1256 325 1305 364 ad
1345 325 1598 376 archetypum
1637 330 1919 364 concurrerunt.

113 380 191 420 Sed
222 380 269 419 de
299 381 359 419 his
386 381 475 431 jam
498 381 622 433 plura,
655 383 723 420 ubi
754 383 969 422 doctrinam
998 382 1099 422 hanc
1129 385 1254 434 ipsam
1284 395 1351 433 per
1381 394 1454 421 sua
1483 385 1610 434 capita
1638 382 1921 431 tradiderimus,

114 450 229 490 quam
259 440 488 490 incipiamus
520 451 606 478 cum
637 441 744 489 Deo,
786 441 833 480 de
865 446 983 481 cantu
1015 441 1170 491 quidem
1211 442 1357 491 ubique
1387 453 1603 481 sermonem
1631 442 1841 490 habentes,
1882 441 1922 479 id

115 503 174 536 est
204 490 250 536 de
280 498 495 537 intervallis
525 498 759 538 harmonicis
788 511 866 538 non
897 501 1122 548 abstractis,
1163 499 1232 539 sed
1274 511 1361 538 cum
1391 511 1489 539 sono
1531 502 1737 547 concretis,
1783 501 1922 538 mentis

113 567 205 595 vero
238 555 396 595 eruditis
427 558 584 596 auribus
614 558 760 608 ubique
790 559 987 597 abstracta
1017 571 1040 596 a
1070 560 1174 596 sonis
1216 557 1423 597 intervalla
1452 558 1748 608 subaudicmus,
1787 562 1922 609 utpote

116 626 215 664 quae
246 626 324 653 non
354 619 503 653 tantum
533 616 573 653 in
603 617 709 655 sonis
739 618 856 667 inque
888 620 1003 655 cantu
1034 616 1216 662 humano,
1249 616 1318 655 scd
1348 618 1466 655 etiam
1496 618 1535 654 in
1565 616 1650 656 aliis
1680 618 1796 655 rebus
1826 627 1921 654 sono

115 673 332 713 carentibus
362 685 473 713 suam
501 675 656 726 pariunt
683 676 870 726 gratiam,
902 681 946 714 ut
975 680 1113 725 quarto
1144 680 1183 715 et
1212 676 1347 725 quinto
1376 675 1486 714 libris
1517 674 1731 716 audiemus.

813 798 985 844 Capita
1008 798 1140 834 Libri
1163 798 1227 834 ΠΙ.

120 877 238 924 Caput
321 878 349 914 Ι.
376 877 486 913 Ortus
511 879 829 915 consonantiarum
853 890 898 916 ex
923 880 1041 916 causis
1068 880 1142 916 suis
1166 879 1334 925 propriis.

303 930 349 966 II.
376 930 431 966 De
456 934 595 975 septem
627 931 783 968 chordae
817 933 1037 969 sectionibus
1070 933 1286 969 harmonicis
1318 931 1542 976 totidemque
1571 929 1694 981 formis
1726 938 1924 966 consonan-

393 981 524 1018 tiarum
547 982 735 1020 minorum.

287 1035 352 1072 III.
376 1035 431 1071 De
455 1035 708 1072 medietatibus
732 1036 967 1082 harmonicis,
993 1042 1029 1073 et
1052 1037 1214 1073 trinitate
1239 1036 1509 1073 consonantiae.

284 1087 346 1122 IV.
371 1086 483 1123 Ortus
509 1093 546 1123 et
571 1088 812 1125 denominatio
837 1090 1108 1126 intervallorum
1133 1089 1313 1125 usualium
1337 1099 1403 1125 seu
1428 1089 1692 1125 concinnorum.

301 1139 342 1175 V.
371 1140 488 1176 Sectio
515 1145 551 1176 et
575 1140 818 1177 denominatio
846 1142 1160 1179 consonantiarum
1185 1153 1251 1188 per
1275 1153 1342 1179 sua
1364 1142 1556 1178 intervalla
1580 1141 1730 1177 usualia.

277 1192 338 1227 VI.
365 1193 419 1227 De
446 1197 573 1228 cantus
598 1192 809 1239 generibus,
836 1194 925 1230 duro
950 1199 986 1230 et
1010 1195 1118 1231 molli.

258 1245 334 1279 VII.
361 1245 550 1290 Propertio
576 1245 734 1281 omnium
759 1252 840 1282 octo
866 1258 1037 1287 sonorum
1063 1250 1241 1286 usualium
1266 1249 1372 1289 unius
1399 1248 1586 1294 diapason.

234 1296 329 1332 VIII.
355 1297 540 1333 Abscissio
565 1298 847 1345 semitoniorum,
875 1304 912 1334 et
936 1300 1023 1336 ordo
1048 1302 1273 1338 minimorum
1297 1301 1567 1337 intervallorum
1590 1300 1626 1335 in
1652 1300 1835 1345 diapason.

265 1349 326 1384 IX.
351 1349 406 1384 De
433 1348 704 1395 diagrammate,
738 1350 860 1397 lineis,
894 1353 990 1388 notis
1015 1353 1202 1399 literisque
1228 1365 1396 1390 sonorum
1422 1353 1618 1399 indicibus3
1652 1352 1695 1388 de
1721 1355 1924 1397 systemate,

398 1401 558 1438 clavibus
584 1407 620 1438 et
645 1401 743 1438 scala
767 1380 917 1440 musica

277 1453 322 1489 X.
353 1453 408 1489 De
433 1455 676 1491 tetrachordis
701 1461 737 1490 et
763 1456 911 1502 syllabis
936 1462 995 1501 ut,
1019 1469 1077 1505 re,
1103 1459 1171 1505 mi,
1195 1458 1251 1502 fa,
1277 1459 1348 1506 sol,
1375 1459 1422 1495 la.

262 1505 325 1541 XI.
351 1507 405 1541 De
430 1507 691 1568 compositione
716 1514 954 1554 systematum
978 1511 1166 1556 majorum.

243 1558 326 1594 XII.
353 1559 408 1595 De
432 1561 677 1596 consonantiis
703 1561 931 1607 adulterinis,
958 1573 1003 1599 ex
1027 1565 1288 1611 compositione
1313 1565 1413 1601 ortis.

225 1611 324 1647 XIII.
349 1613 403 1648 De
428 1618 535 1648 cantu
560 1613 734 1648 concinno
760 1614 923 1659 simplici.

231 1662 327 1699 XIV.
353 1664 408 1699 De
432 1665 547 1701 modis
572 1675 637 1701 seu
660 1666 766 1701 tonis.

248 1715 326 1753 XV.
353 1717 422 1761 Qui
445 1719 541 1755 modi
566 1718 698 1764 quibus
719 1720 879 1756 serviant
902 1719 1104 1757 affectibus.
1159 1761 1163 1763 ,

171 1782 187 1801 ›
226 1767 320 1806 XVI.
348 1770 402 1806 De
429 1776 538 1808 cantu
563 1771 716 1816 figurato
742 1782 807 1808 seu
832 1783 899 1818 per
922 1773 1156 1810 harmoniam.

168 1048 190 1379 υυυυνυυ

170 1466 199 1748 &QUOQ-

895 1943 1083 1992 CAPUT
1120 1945 1150 1991 l.

651 2029 727 2069 tDe
764 2030 919 2066 causis
958 2041 979 2066 c
993 2030 1377 2067 onsonantiarum.

236 2134 503 2175 Definitio.
562 2134 661 2174 Cum
690 2140 841 2175 veteres
871 2138 931 2175 usi
961 2138 1039 2176 sint
1078 2137 1139 2175 his
1171 2137 1357 2176 vocibus:
1408 2137 1674 2186 Μονοφωνον,
1714 2134 1938 2188 ἀντιφωνον
1991 2154 1994 2155 ’

120 2191 333 2245 ὃμοφωνον,
364 2197 570 2245 διαφωνον,
599 2208 814 2242 συμφωνον,
845 2192 1092 2246 ἀσυμφωνοιν,
1122 2196 1236 2234 nobis
1267 2195 1465 2233 dissonum
1495 2194 1598 2233 idem
1627 2195 1795 2241 sonabit,
1827 2195 1943 2244 quod,

124 2252 370 2303 ἀσυμφωνον,
405 2262 616 2290 consonum
648 2252 750 2291 idem
782 2253 887 2302 quod
920 2267 1138 2305 ονμφωνον,
1171 2253 1281 2303 cujus
1313 2258 1402 2291 sunt
1433 2253 1689 2292 differentiae:
1721 2252 1943 2302 identicum,

126 2310 229 2362 quod
262 2322 330 2361 pro
362 2306 555 2363 ὁμοφωνῳ
586 2311 883 2363 usurpabimus,
920 2315 960 2349 et
999 2323 1077 2350 non
1108 2311 1338 2358 identicum,
1383 2310 1486 2360 quod
1529 2322 1597 2361 pro
1640 2314 1832 2362 διαφωνῳ.
1894 2311 1943 2350 Et
1992 2309 1994 2311 ’

123 2369 281 2408 identici
312 2373 422 2407 eru-nt
455 2367 553 2406 duae
584 2370 753 2419 species:
785 2371 991 2409 unisonum
1022 2376 1060 2408 et
1090 2369 1300 2407 identicum
1332 2381 1379 2408 ex
1410 2370 1603 2420 opposito.
1877 2415 1885 2419 -

241 2426 508 2465 Definitio.
569 2426 613 2464 In
645 2429 859 2476 geometria
891 2428 1072 2466 differunt
1101 2427 1297 2466 vocabula
1327 2439 1415 2478 pars
1446 2433 1484 2466 et
1514 2432 1655 2477 partes.
1716 2427 1811 2464 Pars
1842 2428 1943 2466 enim

126 2485 274 2533 dicitur,
306 2484 417 2533 cujus
449 2489 508 2522 est
539 2489 664 2522 totum
695 2485 907 2524 secundum
927 2491 1071 2525 certam
1092 2487 1381 2536 proportionem
1400 2485 1614 2535 multiplex,
1647 2489 1740 2536 puta
1770 2484 1940 2536 duplum,

125 2543 294 2596 triplum,
327 2542 609 2593 quadruplum3
655 2548 783 2593 partes
814 2556 927 2592 vero,
961 2544 1118 2594 quando
1151 2555 1229 2582 non
1269 2543 1395 2582 solum
1433 2548 1470 2582 et
1499 2545 1656 2582 unicum
1687 2547 1830 2589 totum,
1872 2541 1941 2581 sed

124 2602 259 2651 aliqua
300 2605 471 2639 totorum
510 2601 718 2639 multitudo
759 2602 873 2639 suerit
911 2602 1063 2640 illarum
1102 2601 1317 2652 multiplex.
1387 2600 1441 2641 Ut
1478 2613 1556 2639 una
1604 2602 1769 2652 septima
1805 2600 1942 2644 dicitur

125 2671 227 2712 pars,
260 2660 352 2709 quia
382 2664 489 2697 totus
521 2658 685 2697 circulus
717 2664 777 2698 est
806 2661 1029 2711 septuplum
1047 2660 1165 2709 hujus
1195 2662 1337 2710 partis,
1369 2666 1410 2698 at
1440 2665 1515 2698 tres
1547 2661 1733 2710 septimae
1764 2658 1940 2696 dicuntur
1992 2684 1994 2689 s

125 2730 202 2756 non
232 2728 321 2769 pars
352 2716 422 2756 sed
452 2721 593 2767 partes,
626 2718 718 2766 quia
748 2729 899 2756 summa
930 2721 1045 2756 trium
1067 2718 1298 2757 circulorum
1329 2724 1388 2756 est
1418 2717 1636 2768 septuplum
1666 2717 1783 2766 hujus
1814 2727 1936 2755 arcus.

124 2775 201 2814 Hic
234 2787 326 2814 vero
356 2787 428 2814 nos
459 2775 532 2813 hac
564 2775 812 2814 distinctione
851 2788 927 2814 non
961 2781 1134 2823 utemur,
1177 2776 1246 2814 sed
1289 2782 1437 2826 partem
1477 2776 1647 2814 dicemus
1689 2779 1768 2812 tam
1807 2785 1935 2822 unam,

126 2845 243 2884 quam
274 2833 435 2872 alteram
466 2832 655 2873 dictarum
685 2834 924 2884 portionum,
965 2834 1039 2872 hoc
1070 2839 1146 2881 est,
1193 2835 1316 2872 omnis
1346 2835 1471 2884 portio
1501 2831 1743 2882 longitudine
1774 2831 1935 2870 effabilis

127 2891 273 2929 dicetur
301 2891 414 2930 nobis
444 2903 547 2942 pars,
581 2903 665 2930 cum
695 2891 768 2930 hac
788 2895 917 2930 tamen
949 2891 1198 2939 restrictione,
1231 2893 1264 2930 si
1285 2892 1394 2931 fuerit
1424 2903 1501 2930 non
1530 2891 1655 2940 major
1685 2887 1933 2928 semicirculo.

126 2948 339 2988 Residuum
371 2960 461 2988 vero
492 2949 587 2988 illud
618 2949 772 2998 dicetur,
804 2949 917 2999 qu'od,
940 2949 1073 2989 ablata
1102 2952 1278 3001 portione
1309 2950 1452 2989 effabili
1473 2961 1497 2988 a
1517 2953 1614 2998 toto,
1645 2953 1827 2996 remanet,
1857 2957 1934 2986 non

128 3008 254 3046 minus
286 3008 454 3047 existens
485 3007 735 3047 semicirculo.

254 3061 367 3097 Valde
398 3064 604 3099 necessaria
635 3067 687 3099 est
721 3062 908 3099 distinctio
941 3062 1080 3098 residui
1104 3073 1129 3098 a
1147 3067 1273 3110 parte,
1310 3063 1398 3109 quia
1422 3066 1544 3109 potest
1568 3072 1641 3098 esse
1663 3071 1753 3107 pars
1776 3068 1934 3097 commu

131 3113 276 3160 eiusque
299 3115 484 3152 residuum
510 3116 718 3162 dissonum,
742 3120 784 3153 ut
806 3114 1012 3154 videbimus.
