1994 3276
143 85 226 125 380
692 80 694 85 ⁸
827 85 1025 123 Ptolemaei
1047 65 1251 123 Harmonia

143 200 260 237 solute
285 201 534 238 consideratus
558 201 640 246 (nisi
672 202 782 247 infra,
820 204 881 239 ubi
915 204 960 240 de
994 203 1144 249 singulis
1180 203 1298 249 agitur
1321 202 1495 250 planetis,
1526 204 1608 250 ipsa
1637 202 1793 240 intensio
1816 206 1935 240 motus

142 253 332 299 cuiusque)
364 254 629 300 comparandus
662 259 719 291 est
751 257 970 293 successioni
1003 267 1191 302 sonorum,
1223 256 1378 302 primum
1401 254 1547 301 quidem
1579 261 1615 293 et
1637 259 1784 305 proprie
1816 258 1861 294 ab
1884 260 1935 296 in·

124 307 243 352 ,finito
275 307 438 343 acumine
469 317 612 354 semper
635 319 760 345 versus
792 310 955 354 graviora
984 320 1100 355 usque
1124 309 1170 346 ad
1201 309 1466 356 gravissimum,
1497 309 1558 355 qui
1589 313 1710 346 tamen
1739 321 1823 347 eum
1844 322 1936 350 sono

140 360 254 397 totius
279 359 438 396 chordae
463 359 574 396 faciat
598 361 774 407 diapason
798 373 923 399 versus
949 368 1112 408 acutum,
1140 362 1223 398 inde
1248 362 1377 397 iterum
1399 367 1655 399 versus-acuta
1678 362 1715 399 in
1738 363 1933 407 infinitum:

143 416 180 448 et
205 411 276 448 hoc
300 412 445 458 quidem
472 414 752 459 comparandum
778 422 962 462 segmento
988 415 1113 452 circuli
1138 427 1160 451 a
1184 415 1324 451 duabus
1350 414 1466 451 stellis
1489 415 1697 462 intercepti,
1720 417 1818 463 quod
1842 427 1935 453 cres-

142 465 191 501 cit
216 477 239 501 a
262 465 407 501 minimo
433 466 479 502 ad
505 467 717 516 semicirculi
742 469 1023 513 magnitudinem
1047 470 1155 514 inque
1180 468 1348 513 opposita
1371 466 1493 503 circuli
1516 471 1619 513 parte
1642 468 1773 506 iterum
1797 469 1935 507 annihi-

142 519 255 564 latur3
292 518 421 556 deinde
446 528 531 554 vero
556 525 593 555 et
618 521 647 556 si
672 524 771 556 totus
795 521 949 558 circulus
974 530 1115 557 rursum
1141 524 1369 565 comparetur
1391 529 1480 554 sono
1503 520 1731 567 gravissimo,
1756 532 1938 568 compara-

141 571 241 607 bitur
263 572 333 608 ista
357 572 537 618 separatio
563 572 730 618 planetae
756 574 860 610 unius
885 575 930 610 ab
961 574 1032 610 alio
1057 585 1128 609 non
1153 576 1321 619 respectu
1346 573 1521 617 segmenti
1550 572 1755 621 intercepti,
1793 574 1858 611 sed
1880 586 1935 612 re·

141 629 268 671 spectu
293 625 429 660 residui
452 625 488 661 in
513 626 658 672 circulo,
685 628 797 664 motui
822 628 918 664 vocis
945 639 965 664 a
990 627 1199 673 gravissima
1231 635 1355 661 versus
1380 624 1576 661 acutiorem
1604 636 1720 672 usque
1743 627 1788 663 ad
1814 625 1935 674 diapa-

141 689 224 724 son,
259 677 344 714 inde
367 678 496 714 iterum
522 690 645 716 versus
671 681 831 723 graviora
857 691 975 727 usque
998 680 1040 716 ad
1068 689 1191 715 vocem
1215 678 1406 722 initialem,
1441 677 1525 722 quia
1549 688 1630 714 cum
1657 679 1827 726 planetae
1852 685 1935 717 sunt

136 731 271 776 juncti,
306 741 390 777 pars
421 733 616 777 intercepta
654 732 776 767 circuli
813 739 868 769 cst
900 732 1005 780 nihil,
1039 744 1124 779 pars
1148 731 1293 767 residua
1323 736 1378 767 est
1400 731 1479 777 ipse
1503 736 1601 767 totus
1633 731 1804 775 circulus,
1840 743 1935 779 quae

142 784 314 830 paulatim
341 789 550 821 attenuatur
574 796 690 831 usque
727 787 771 822 ad
798 786 997 830 dimidiumg
1030 792 1117 822 tunc
1144 785 1238 820 enim
1269 784 1426 829 planetis
1461 785 1508 820 ab
1534 783 1762 830 oppositione
1784 785 1933 822 tenden-

141 837 238 873 tibus
263 836 309 873 ad
335 837 642 882 conjunctionem,
670 849 752 884 pars
777 839 922 874 residua
947 840 1076 885 migrat
1100 839 1136 872 in
1163 837 1369 882 oppositum
1392 837 1596 881 iterumque
1621 841 1789 884 augetur,
1820 849 1936 884 usque
1980 851 1987 854 ’

142 889 228 925 dum
251 889 316 926 fiat
338 894 437 925 totus
463 890 619 926 circulus
681 891 802 926 Sexto.
851 891 933 926 Jam
958 890 1146 927 discrimen
1172 899 1236 923 seu
1253 887 1497 934 discrepantia
1511 887 1730 925 indicaretur
1746 889 1934 936 utriusque

142 946 370 988 comparatae
403 943 456 978 rei
478 943 568 987 ista,
607 943 702 989 quod
735 945 916 989 separatio
950 944 1173 989 planetarum
1200 943 1244 978 ab
1271 941 1420 977 invicem
1445 940 1558 987 (infra
1589 942 1697 978 etiam
1719 942 1874 979 intensio
1898 949 1935 980 et

141 995 303 1032 remissio
328 999 445 1030 motus
470 995 710 1041 singulorum]
737 997 783 1032 sit
809 997 997 1041 continua,
1031 1003 1156 1032 cantus
1182 1006 1266 1031 vero
1292 994 1473 1031 saltuatim
1502 994 1647 1030 incedat
1670 1004 1735 1040 per
1759 991 1934 1031 discretos

143 1058 270 1092 sonos,
306 1059 348 1083 ac
374 1048 403 1082 si
429 1047 485 1083 vel
510 1058 620 1084 sonus
645 1048 835 1085 eliceretur
859 1060 904 1084 ex
929 1049 1064 1084 chorda
1095 1048 1264 1084 continue
1288 1046 1426 1082 minuta
1458 1046 1514 1081 vel
1540 1050 1663 1088 aucta,
1697 1050 1739 1084 ut
1761 1046 1803 1083 fit
1826 1047 1934 1084 iuter—

142 1101 226 1137 dum
256 1101 293 1136 in
325 1100 443 1135 nervis
475 1101 676 1146 pandurae,
714 1113 795 1137 cum
829 1102 971 1138 sinister
1004 1102 1136 1147 digitus
1172 1101 1340 1137 chordam
1374 1105 1526 1146 tangens
1560 1103 1723 1135 movetur
1765 1103 1802 1135 et
1831 1099 1934 1138 simul

143 1153 274 1189 dextra
297 1162 424 1188 manus
449 1163 571 1188 arcum
597 1158 631 1189 et
657 1158 770 1190 setam
797 1165 861 1199 per
886 1155 1054 1190 chordam
1081 1155 1201 1197 trahit,
1227 1159 1290 1189 aut
1314 1158 1353 1189 ut
1370 1154 1422 1197 tit,
1448 1163 1527 1189 cum
1545 1153 1702 1188 chordae
1721 1151 1775 1188 vel
1793 1153 1936 1190 fistulae

141 1206 179 1243 in
209 1206 380 1242 continua
413 1206 578 1242 tensione
609 1213 812 1249 versantur,
848 1208 990 1243 interim
1015 1209 1170 1243 sonitum
1204 1207 1259 1242 sui
1284 1209 1458 1252 perpetuo
1485 1204 1692 1241 dissimilem
1718 1204 1846 1250 edunt,
1879 1207 1935 1242 vel
1992 1251 1994 1256 y

142 1270 184 1294 ac
209 1258 239 1295 si
264 1269 284 1294 e
309 1258 488 1294 contrario
513 1258 619 1304 plane
646 1271 667 1294 a
691 1261 884 1295 somisexto
910 1260 1075 1295 tardioris
1101 1259 1268 1305 planetae
1294 1258 1413 1294 subito
1433 1258 1583 1295 saltaret
1607 1257 1651 1294 ad
1679 1257 1834 1296 decilemv
1845 1260 1933 1305 ejus,
1992 1283 1994 1288 ι

143 1310 225 1347 inde
250 1310 295 1346 ad
320 1310 501 1355 sextilem,
538 1323 610 1347 non
635 1313 781 1348 veniens
808 1313 852 1348 ad
878 1312 1011 1358 gradus
1035 1311 1284 1354 inter-medios,
1322 1316 1384 1347 aut
1410 1323 1453 1347 ac
1478 1311 1508 1346 si
1532 1310 1718 1347 celerrimo
1742 1319 1841 1349 motu
1865 1318 1935 1352 tra-
1992 1319 1994 1324 '

134 1364 263 1408 jiceret
297 1364 364 1399 hos
399 1375 504 1399 arcus
534 1364 783 1401 intermedios.
831 1367 867 1400 in
902 1365 991 1410 ipsis
1026 1375 1110 1399 vero
1143 1363 1353 1408 'aspectibus
1387 1362 1604 1408 aliquamdiu
1637 1363 1851 1402 subsisteret
1873 1365 1935 1402 im·
1991 1372 1994 1386 ¹

142 1416 294 1452 mobilis.
345 1417 480 1452 Similia
505 1417 550 1452 de
573 1418 776 1453 intensione
810 1423 845 1452 ot
870 1418 1078 1454 remissione
1110 1416 1313 1463 cogit-anda.
1364 1417 1422 1451 Sic
1450 1417 1543 1451 enim
1576 1420 1611 1452 et
1633 1416 1733 1452 vocis
1764 1426 1935 1454 ascensus

142 1468 186 1502 ab
212 1479 283 1504 uno
309 1469 484 1505 concinno
512 1470 556 1505 ad
582 1469 678 1506 aliud
703 1470 737 1505 in
764 1475 943 1505 momento
969 1470 1020 1514 fit,
1047 1481 1111 1505 nec
1143 1469 1202 1504 ille.
1227 1474 1346 1504 motus
1372 1469 1527 1504 sonitum
1561 1468 1710 1514 emittit;
1743 1472 1781 1504 at
1804 1468 1865 1505 ubi
1889 1469 1935 1507 ad

142 1521 261 1557 locum
293 1521 506 1557 concinnum
539 1523 655 1566 venit,
687 1522 762 1567 jam
793 1524 826 1557 in
862 1534 904 1558 eo
935 1528 1037 1559 tanto
1071 1529 1231 1567 tempore
1256 1520 1494 1563 immoratur(
1516 1520 1740 1566 aequabilem
1771 1521 1936 1558 emittens

146 1584 282 1611 sonum,
307 1579 480 1619 quantum
506 1575 669 1611 varietati
695 1580 731 1612 et
755 1577 945 1621 quantitati
970 1581 1136 1612 notarum
1169 1575 1389 1620 singularum
1419 1573 1634 1619 praescribit
1657 1572 1846 1620 rhythmus
1871 1585 1935 1610 seu

143 1631 276 1662 tactus.
327 1625 490 1671 Inferius,
517 1626 577 1662 ubi
603 1627 648 1663 de
672 1628 953 1673 planetariorum
979 1634 1138 1663 motuum
1166 1626 1426 1663 intensionibus
1456 1632 1490 1661 et
1516 1625 1935 1672 remissionibusagitur,

142 1674 226 1708 loca
256 1673 462 1717 systematis
493 1674 668 1711 concinna
700 1675 870 1711 definient
895 1676 1060 1720 planetae
1086 1680 1246 1710 motuum
1272 1679 1512 1710 extremorum
1540 1672 1774 1708 diuturnitate
1797 1677 1834 1709 et
1858 1684 1941 1709 con-

1991 1455 1994 1482 ι

143 1725 284 1767 stantia,
310 1737 389 1762 cum
414 1726 644 1762 inter-medios
671 1728 837 1763 celeriter
862 1727 1086 1771 pervolitent.
1138 1727 1312 1772 Septimo.
1352 1727 1450 1762 Sicut
1470 1730 1588 1762 motus
1605 1725 1666 1761 ille
1691 1725 1787 1770 vocis
1806 1725 1937 1764 surdus
1986 1499 1994 1750 4

143 1778 187 1813 ab
212 1789 284 1813 uno
309 1779 462 1814 arteriae
486 1780 620 1814 circulo
646 1781 692 1815 ad
718 1781 841 1824 alium,
878 1786 938 1815 aut
966 1781 1093 1825 plectri
1120 1780 1412 1826 plecti-urumque
1437 1779 1471 1814 in
1496 1778 1573 1823 lyra
1599 1783 1634 1814 et
1661 1779 1822 1824 organis,
1848 1779 1935 1825 digi-

142 1838 258 1866 torum
284 1833 318 1867 in
344 1833 526 1868 testudine
551 1838 586 1869 et
610 1833 774 1877 pandura
801 1834 846 1868 ab
873 1844 942 1867 uno
967 1833 1045 1867 loco
1070 1832 1227 1868 chordae
1250 1833 1294 1867 ad
1313 1833 1431 1877 alium,
1459 1832 1561 1876 sicut,
1586 1832 1743 1878 inquam,
1768 1842 1809 1868 se
1826 1832 1937 1869 habet
1984 1753 1994 1899 d

142 1883 201 1919 hic
224 1889 343 1919 motus
369 1884 422 1918 vel
449 1884 562 1920 saltus
587 1885 632 1919 ad
658 1885 943 1929 percussionem.
981 1896 1074 1931 quae
1106 1885 1148 1921 fit
1171 1885 1326 1931 plectro,
1352 1886 1396 1921 ad
1423 1884 1706 1930 asperationem,
1739 1889 1935 1929 quaetseta

153 1949 270 1983 arcus,
305 1943 339 1972 et
366 1938 416 1972 sic
450 1938 493 1971 ad
520 1938 789 1981 expressionem
820 1938 907 1972 clari
935 1938 1012 1973 soni
1044 1938 1079 1972 in
1106 1937 1254 1982 singulis
1289 1948 1439 1983 asperae
1464 1936 1616 1972 arteriae
1640 1936 1782 1974 circulis
1813 1944 1876 1974 aut
1899 1938 1935 1974 in
1982 1902 1994 2017 l

144 1989 293 2034 singulis
331 1990 474 2026 chordis
508 1991 772 2031 immorantem,
817 1991 867 2024 sic
903 2001 1091 2035 possemus
1129 1990 1248 2026 dicere
1284 2001 1323 2025 se
1358 1990 1491 2024 habere
1525 1989 1761 2024 cessationem
1800 1989 1935 2026 stimuli
1982 2002 1984 2004 ’

143 2042 261 2087 hujus.
287 2052 379 2086 quae
404 2047 459 2076 est
484 2053 548 2086 per
572 2047 668 2076 totos
693 2052 797 2078 arcus
822 2042 1029 2086 aspectibus
1054 2042 1272 2087 interjectos,
1298 2043 1343 2078 ad
1366 2043 1610 2087 operationem
1635 2052 1699 2076 seu
1725 2042 1934 2087 efficaciam,
1981 2020 1994 2140 ἓ

143 2105 235 2139 quae
260 2094 437 2139 sequitur,
463 2094 609 2138 planeta
634 2094 667 2128 in
695 2099 879 2138 aspectum
904 2094 1101 2130 incedente.
1977 2097 1980 2102 ’

236 2148 419 2193 Denique,
459 2147 544 2191 quia
570 2146 646 2189 jam
670 2147 759 2181 haec
785 2147 1007 2191 comparatio
1036 2147 1194 2182 finietur.
1230 2147 1431 2182 addendum
1457 2152 1522 2191 est,
1548 2146 1644 2192 quod
1669 2146 1845 2183 hactenus
1868 2148 1937 2185 fuit
1978 2145 1994 2196 ξ’

146 2201 295 2237 dilatum
324 2206 360 2236 et
384 2201 447 2236 iis.
482 2210 575 2244 quae
611 2200 736 2234 ultimo
774 2200 870 2235 dicta
900 2200 959 2235 hic
992 2206 1094 2243 sunt,
1133 2200 1326 2244 praecipue
1359 2200 1473 2235 lucem
1513 2199 1637 2244 affert,
1673 2198 1769 2244 quod
1804 2199 1942 2237 scilicet

145 2260 221 2290 toto
245 2265 377 2300 genere
403 2254 545 2289 differat
578 2264 599 2288 a
623 2264 702 2288 mea
728 2254 957 2298 philosophia
982 2254 1223 2288 Ptolemaeus.
1272 2253 1362 2288 Nam
1394 2252 1453 2287 ille
1480 2257 1644 2288 versatur
1672 2252 1709 2286 in
1734 2260 1801 2286 sua
1823 2250 1936 2298 hypo·
1975 2215 1994 2314 ἐ

145 2306 249 2348 thesi,
275 2311 497 2345 ostensurus,
525 2306 621 2351 quod
646 2307 854 2342 harmonica
880 2306 1185 2351 comparationum
1211 2306 1336 2341 harum
1362 2305 1596 2341 fundamenta
1612 2307 1805 2350 propterea
1828 2304 1937 2343 insint
1968 2314 1994 2367 „3

146 2358 262 2402 coelo,
301 2359 385 2403 quia
410 2359 445 2394 id
480 2359 529 2394 sit
551 2359 823 2404 praestantioris
861 2364 1021 2394 naturae.
1070 2359 1149 2403 Ego
1173 2369 1258 2393 vero
1283 2358 1381 2401 dico,
1417 2356 1624 2394 harmonica
1647 2357 1717 2392 ista
1746 2361 1936 2403 propterea
1978 2366 1994 2405 ’ξ

145 2411 391 2447 tautummodo
427 2411 576 2456 reperiri
608 2412 643 2446 in
677 2411 966 2456 separationibus
996 2411 1223 2461 planetarum
1255 2409 1300 2445 ab
1331 2410 1496 2455 invicem,
1534 2410 1618 2455 quia
1641 2411 1732 2446 haec
1756 2412 1936 2454 separatio

148 2470 265 2500 motus
292 2464 416 2500 localis
441 2470 497 2499 est
520 2464 736 2508 conficitque
763 2468 896 2498 certam
921 2463 1075 2507 aliquam
1102 2458 1377 2508 longitudinem,
1410 2466 1497 2507 puta
1521 2463 1645 2499 circuli
1667 2465 1804 2501 zodiaci
1827 2475 1936 2511 appa·
1960 2460 1987 2498 ’ἔ

146 2522 277 2554 renter.
327 2517 403 2561 Ille,
430 2517 459 2550 si
484 2521 601 2551 ortum
628 2515 750 2551 mundi
774 2515 962 2559 receperit,
987 2515 1191 2559 contendet,
1216 2514 1386 2558 singulari
1410 2513 1530 2550 studio
1547 2515 1771 2553 introductas
1795 2518 1830 2553 in
1856 2527 1936 2553 eum
1975 2515 1982 2530 ‘²

146 2572 212 2606 has
237 2571 500 2615 proportiones,
527 2579 592 2613 ego
618 2579 708 2612 nego
735 2567 905 2612 possibile
930 2567 1055 2607 fuisse,
1089 2572 1128 2601 ut
1153 2566 1442 2607 excluderentur,
1467 2566 1552 2601 data
1575 2568 1685 2603 semel
1708 2569 1951 2615 separatione·
1971 2567 1987 2611 ,ζ

146 2623 371 2667 planetarum
405 2623 440 2657 in
472 2621 628 2666 longum,
661 2620 751 2655 adeo
782 2624 822 2655 ut
853 2621 925 2656 sint
954 2619 1097 2655 soboles
1131 2619 1356 2655 necessitatis
1381 2619 1574 2655 materialis
1599 2620 1647 2663 (id
1676 2626 1733 2657 est
1762 2621 1940 2658 hocloco
1973 2623 1979 2627 ’

146 2674 436 2718 quantitativae),
464 2685 535 2708 non
561 2672 709 2708 consilii.
759 2671 823 2706 Ille
849 2676 965 2716 putat,
991 2671 1079 2715 ipsis
1105 2671 1212 2706 etiam
1237 2672 1445 2708 coelestium
1470 2683 1661 2717 corporum
1682 2673 1809 2709 formis
1833 2682 1935 2719 prae·

147 2726 285 2762 sidibus
309 2726 435 2762 insitas
461 2736 541 2762 esse
565 2725 781 2770 harmonias,
807 2725 891 2769 quia
916 2729 1069 2760 testetur
1093 2725 1333 2770 experientia,
1359 2724 1479 2760 radios
1505 2735 1627 2760 eorum
1652 2725 1752 2761 velut
1773 2726 1872 2771 ipsos
1887 2722 1936 2762 'se

146 2779 234 2823 ipsis
267 2790 338 2814 non
375 2778 480 2814 aliter
513 2778 679 2814 efficaces
713 2787 810 2823 esse,
846 2787 951 2822 quam
984 2775 1189 2812 harmonice
1214 2782 1469 2821 congruentes;
1507 2787 1573 2821 ego
1602 2787 1710 2823 nego,
1745 2782 1936 2823 propterea

146 2831 234 2875 ipsis
261 2832 471 2867 coelestium
499 2831 623 2866 formis
647 2831 774 2865 insitas
798 2828 942 2874 probari
969 2829 1190 2874 harmonias,
1216 2829 1301 2873 quia
1324 2829 1542 2874 operationis
1567 2829 1662 2875 ejus,
1688 2841 1780 2878 quae
1802 2830 1935 2875 allega-

147 2890 205 2918 tur
229 2885 276 2920 ab
299 2884 536 2929 experientia,
562 2883 739 2928 principia
763 2881 912 2918 ostendo
938 2881 1009 2916 alia
1024 2908 1032 2924 ,
1064 2882 1199 2916 animas
1223 2881 1455 2926 sublunares,
1483 2882 1817 2927 congruentiarum,
1842 2891 1936 2926 quae
1956 2886 1962 2899 ³

148 2935 359 2980 contingunt
390 2935 425 2970 in
457 2935 550 2971 binis
582 2935 806 2979 planetarum
842 2933 971 2968 radiis.
1010 2932 1270 2969 observatrices
1301 2939 1337 2970 et
1360 2934 1620 2979 perceptrices‚
1659 2933 1789 2983 quibus
1813 2933 1933 2977 etiam,
1992 2953 1994 2956 .

148 2988 288 3032 quoties
314 2988 543 3033 contingunt,
575 2988 611 3022 in
637 2987 804 3032 operibus
830 2985 904 3021 suis
929 2984 1199 3030 sublunaribus,
1233 2986 1269 3022 in
1295 2997 1441 3022 suorum
1471 2985 1615 3030 inquam
1648 2994 1835 3030 corporum
1860 2994 1934 3020 mo·
1991 2990 1994 3037 ζ
