1994 3276
740 43 1161 112 mmmmm.
1279 114 1283 118 y
1404 110 1407 112 ,
1747 38 1848 116 ἰιι

57 181 211 232 copiam
236 192 331 227 non
342 181 579 232 mediocrem
605 183 915 223 harmoniarum
943 184 1114 234 partium
1143 179 1209 236 (ιιι
1236 189 1329 223 sunt
1363 183 1559 233 sectiones
1582 183 1855 240 harmonicas,

58 239 155 290 toni,
183 250 346 290 genera.
364 236 485 288 modi,
515 246 732 293 systemata
767 247 807 281 et
836 241 1014 293 similis)
1030 243 1206 291 interque
1236 254 1304 282 eas
1335 241 1612 284 admirabilem
1641 241 1853 292 quandam

56 297 234 347 politiam
260 304 575 348 progenuerunt·
599 305 720 350 atque
737 300 815 339 illa
841 311 942 350 pene
962 306 1046 339 tota
1062 298 1282 350 suppellex,
1313 304 1628 351 quantaquanta
1630 305 1703 348 est,
1728 301 1856 351 etiam

56 354 155 393 infra
182 355 282 394 libro
312 355 362 394 V.
402 357 495 396 erit
503 357 780 407 perscrutanda
815 363 855 396 et
883 357 1131 406 adhibenda,
1165 364 1208 396 at
1246 370 1350 399 nune
1380 356 1462 398 hoc
1479 357 1591 398 libro
1620 363 1783 409 quarto
1797 359 1849 399 ab

56 411 195 453 iisdem
221 412 379 464 quidem
409 415 541 454 circuli
569 417 807 456 sectionibus
836 417 951 460 initio
980 416 1102 462 sacto,
1126 426 1203 453 non
1236 421 1364 455 tamen
1395 415 1447 455 ad
1465 422 1594 456 rectas
1610 415 1736 457 lineas
1755 427 1848 468 pro-

55 472 226 521 gressui-i
242 483 398 531 sumus,
428 472 498 512 sed
527 475 627 513 intra
656 474 787 513 circuli
816 480 941 513 metas
971 480 1054 515 toto
1085 472 1363 523 disputationis
1387 475 1540 513 ambitu
1568 475 1852 530 consistemns3

56 540 185 569 causa
204 528 309 571 dicta
338 518 401 569 'ost-
426 542 512 581 cap.
541 531 787 582 praecedenti
817 531 1043 583 diceturque
1083 531 1252 585 amplius
1289 533 1388 571 iufra
1429 539 1519 583 cap.
1552 533 1596 582 6,
1634 527 1716 572 ubi·
1732 539 1773 574 et
1801 532 1851 575 de

56 587 287 638 cognatione
315 594 356 632 et
385 587 433 626 de
464 590 603 629 effectu
632 589 750 640 hujus
779 590 1009 630 discriminis
1041 601 1209 640 agemus
1231 589 1484 640 pluribus..
1868 639 1871 641 Α

40 654 45 658 “
170 644 223 684 11.
255 644 454 695 Quantum
493 647 543 687 ad
584 649 767 689 terminos
806 648 1098 688 harmoniarum
1139 649 1301 687 istarum
1341 659 1412 687 seu
1453 620 1678 700 subjectum
1716 640 1856 690 earnm

6 750 11 762 ἱ
56 687 211 753 sensile,
239 702 339 744 illud
367 704 466 743 libro
496 705 570 745 ΙΙΙ.
601 711 710 745 erant
738 708 824 751 soni
853 708 1032 751 acumine
1070 711 1109 746 et
1138 708 1333 756 gravitate
1363 705 1635 762 differentes,-
1647 708 1781 757 itaque
1811 712 1853 750 et

56 762 129 801 sub
165 766 296 801 motus
330 774 453 813 genus
490 764 752 804 referebantur
801 770 840 804 et
874 764 1031 815 figurati
1068 762 1356 815 quodammodo
1393 769 1551 806 ιιιοιιιι,
1570 760 1715 808 erant„
1760 763 1853 813 Hoc

57 824 195 870 quarto
225 831 319 860 vero
347 820 447 859 libro
478 833 556 861 non
584 828 677 860 sunt
707 834 846 870 voces,
877 828 921 861 ut
952 825 989 865 in
1018 819 1272 872 praeambulo
1303 822 1471 872 dictum,
1502 833 1580 861 non
1599 822 1752 872 aliqui
1760 834 1871 867 mo-

57 884 137 925 tus,
174 878 275 926 inter
303 889 403 928 qnos
444 881 531 929 quis
559 886 748 930 agnoscat
783 881 1027 928 harmonias,
1065 881 1132 919 sed
1167 884 1296 919 insunt
1333 881 1426 927 illae
1465 882 1504 932 ιιι
1533 880 1714 930 angulis,
1750 890 1855 933 quos
1881 908 1883 910 -

56 937 138 976 bini
165 935 348 987 planetae
377 937 496 976 radiis
525 938 665 978 lucidis
694 940 848 978 emissis
876 940 1042 979 formant
1072 940 1111 976 in
1143 938 1283 995 jl'erra,
1323 939 1516 990 quatenus
1557 937 1647 982 talis
1674 936 1850 990 angulus

57 1006 145 1035 cnm
174 993 329 1045 angulis
358 997 470 1034 rectis
500 1003 686 1046 quatuor,
727 1009 845 1036 unum
875 1003 1059 1047 punctum
1082 1008 1302 1039 concursus
1342 997 1701 1042 circumstantibus.
1739 1008 1854 1036 com-.
1930 985 1932 987 ’

1943 1054 1952 1069 1

57 1053 185 1103 parari
227 1057 367 1102 potest.
434 1055 565 1104 Atque
602 1055 664 1094 hic
706 1067 804 1105 opus
842 1055 960 1094 habet
1000 1055 1122 1095 lector
1142 1055 1291 1106 ‘aliqua
1331 1047 1531 1104 luculenta
1556 1055 1848 1103 admonitione.

57 1111 223 1155 Possum
262 1112 363 1150 enim
401 1111 473 1151 hos
511 1113 668 1162 quidem
709 1114 892 1169 terminos
932 1113 1125 1164 explicare
1143 1113 1299 1161 jclarius
1336 1112 1387 1163 ad
1425 1113 1739 1166 percipiendum,
1778 1113 1848 1152 sed

57 1180 135 1208 non
163 1180 322 1219 possum
353 1171 437 1209 sine
466 1171 637 1220 periculo
667 1172 907 1211 confusionis
950 1173 987 1208 in
1021 1172 1118 1210 bene
1147 1171 1484 1221 philosophando,
1510 1171 1604 1223 'nisi
1644 1170 1850 1221 diligenter

56 1227 239 1270 lectorem
277 1227 553 1278 philosophum
589 1231 868 1279 praemuniam.
929 1229 1025 1268 Cum
1065 1230 1168 1268 enim
1207 1227 1360 1269 termini
1389 1230 1651 1280 proportionis
1683 1228 1852 1269 debeant

58 1285 208 1324 differre
237 1286 468 1334 quantitate,
498 1287 728 1337 angulorum
759 1299 851 1326 vero
882 1290 1092 1337 quantitas,
1124 1287 1199 1326 hoe
1228 1296 1290 1327 est
1320 1298 1512 1335 mensura,
1548 1289 1599 1326 sit
1628 1299 1743 1338 arcus
1773 1289 1851 1329 cire

58 1343 156 1390 culi,
197 1355 246 1381 ex
275 1355 484 1383 concursus
514 1346 712 1394 angularis
747 1351 893 1395 puncto
924 1345 1125 1395 descripti,
1170 1351 1213 1384 ut
1242 1348 1280 1384 in
1310 1347 1524 1396 geometria
1561 1345 1764 1395 doeemur,
1808 1347 1860 1400 in

58 1406 141 1440 toto
171 1400 327 1451 quidem
357 1402 487 1441 mundi
519 1406 660 1453 spatio,
691 1403 795 1453 quod
825 1410 885 1442 est
914 1403 1002 1442 hinc
1032 1416 1058 1441 a
1086 1402 1207 1442 Terra
1235 1416 1359 1454 usque
1389 1404 1449 1450 ad*
1468 1398 1565 1442 tinas
1594 1412 1742 1455 rerum,
1760 1412 1854 1446 hou

58 1470 264 1510 possumus
284 1461 446 1510 ,uspiam
484 1460 698 1500 describere
729 1467 798 1500 aut
828 1460 1064 1512 descriptum
1090 1462 1270 1501 sensibus
1308 1464 1505 1512 percipere
1536 1462 1743 1514 circulum,
1785 1471 1852 1503 ra·-

59 1517 209 1556 diorum
237 1517 392 1568 angulis
423 1518 667 1558 dimetiendis
699 1519 880 1558 idoneum
910 1521 1056 1569 magis,
1080 1520 1173 1558 'nisi
1214 1520 1322 1566 illum
1352 1522 1480 1576 ipsum
1517 1520 1742 1561 sensibilem
1772 1523 1854 1559 cire

59 1575 189 1617 crilnm
229 1577 268 1613 in
309 1588 460 1615 summo
490 1578 668 1623 aethere,
713 1579 975 1617 creberrimis'
991 1577 1080 1616 fixis
1117 1577 1267 1619 stellis
1285 1590 1535 1628 expressum,
1544 1575 1600 1616 ¹a
1629 1579 1770 1627 quihus
1809 1580 1847 1615 in

60 1639 190 1674 oertas
211 1634 438 1672 animalium
477 1636 620 1673 formas
649 1635 816 1674 redactis
857 1634 923 1673 ille
953 1643 1092 1674 nomen
1131 1635 1296 1685 adeptus
1327 1641 1387 1675 est
1423 1635 1602 1689 zodiaci·⁷
1627 1638 1780 1685 quippe
1810 1643 1853 1684 et

59 1683 133 1730 sub
163 1702 242 1740 quo
272 1693 358 1741 ipso
397 1693 576 1743 planetae
606 1705 758 1743 semper
789 1698 992 1731 versantur
1029 1693 1236 1760 locumque
1267 1694 1351 1742 eJus
1380 1705 1514 1732 unum
1539 1693 1695 1742 singuli
1735 1693 1849 1738 nobis

60 1745 260 1799 corporum
290 1761 448 1788 suorum
478 1751 633 1800 objectu
663 1757 793 1800 tegere
825 1750 1029 1802 videntur,
1067 1758 1107 1789 et
1137 1752 1175 1788 in
1206 1755 1292 1800 ejus
1323 1757 1495 1790 centrum
1516 1751 1651 1790 Tellus
1683 1750 1848 1790 domici·-

59 1808 154 1849 linm
184 1813 357 1846 nostrum
384 1819 462 1847 non
493 1820 564 1847 suo
594 1815 742 1847 tantum
773 1814 916 1855 centro,
949 1808 1054 1858 quod
1083 1816 1269 1859 puuctum
1299 1815 1368 1857 est,
1398 1809 1471 1847 sed
1487 1809 1611 1848 totius'
1634 1804 1745 1859 mole
1758 1821 1848 1848 cor—

59 1866 185 1916 poris,
221 1877 290 1914 per
318 1866 429 1915 cujus
459 1867 702 1915 superficiem
744 1866 921 1916 dispositi
951 1878 1086 1905 sumus
1115 1867 1315 1914 homiues,
1355 1865 1544 1917 abditum
1562 1878 1649 1911 esse
1678 1853 1843 1920 videtur.

8 1921 10 1923 ’
59 1922 165 1962 Nihil
195 1924 312 1973 igitur
350 1929 411 1963 est
447 1931 632 1974 perceptu
672 1925 845 1971 facilius,
888 1936 1004 1974 quam
1045 1926 1081 1962 si
1109 1924 1304 1971 dicamus,
1349 1931 1393 1963 ut
1432 1926 1558 1976 capite
1587 1925 1848 1975 praecedenti,

59 1983 327 2032 proportiones
356 1981 619 2030 harmonicas,
652 1983 700 2022 de
732 1983 873 2032 quibus
903 1983 978 2021 hoc
1007 1982 1107 2021 libro
1138 1994 1272 2021 sumus
1302 1984 1462 2033 acturi,
1479 1995 1567 2022 esse
1596 1986 1714 2023 inter
1722 1989 1848 2032 totum

60 2038 244 2078 circulum
273 2038 474 2078 zodiacum
504 2048 540 2078 et
570 2043 668 2079 inter
698 2041 783 2090 ejus
813 2052 965 2087 arcum,
1005 2052 1120 2090 quem
1150 2040 1228 2079 duo
1258 2041 1459 2090 planetae
1462 2041 1633 2105 visibili.
1659 2041 1728 2081 illo
1759 2053 1849 2092 eor.-

59 2109 198 2147 porum
228 2097 383 2146 objectu
413 2097 637 2148 designare,
670 2101 873 2137 terminare
905 2098 967 2137 vel
995 2110 1170 2138 resecare
1203 2099 1395 2138 videntur.
1518 2133 1522 2137 .
1586 2129 1594 2135 ,
1655 2113 1659 2116 ’
1705 2126 1711 2130 -
1865 2143 1869 2146 b

174 2154 264 2192 Hoc
291 2156 366 2208 etsi
394 2156 466 2194 sic
481 2162 540 2194 ιιι
570 2164 834 2206 comparatum
871 2163 996 2206 exque
1026 2158 1271 2206 geometricis
1309 2163 1348 2194 et
1385 2133 1653 2195 astronomicis
1682 2135 1850 2198 rationi-
1883 2167 1886 2170 ’

61 2213 147 2251 hus
164 2213 308 2261 optime
323 2218 629 2271 pronunciatum,
661 2215 953 2263 diligentissime
977 2219 1106 2255 tamen
1128 2226 1265 2254 cavere
1285 2214 1402 2253 debet
1432 2213 1552 2252 lector
1577 2214 1845 2265 philosophus,

60 2282 108 2309 ne
137 2271 265 2309 animo
296 2278 528 2319 praesumat,
558 2266 797 2311 hai-moniam
829 2272 929 2310 hanc
958 2272 1064 2321 (libri
1096 2272 1253 2321 quidem
1273 2274 1402 2322 quarti
1422 2269 1644 2324 materiam)
1675 2274 1716 2323 ἰιι
1735 2272 1845 2322 coelo

60 2330 145 2378 ipso
183 2330 300 2377 inque
337 2328 496 2368 zodiaco
528 2331 688 2378 circulo,
732 2337 800 2369 aut
838 2332 956 2368 etiam
987 2332 1026 2366 in
1056 2329 1223 2379 planetis
1258 2332 1397 2368 inesse.
1455 2329 1615 2367 Minime
1645 2331 1846 2380 gentium3

59 2388 161 2424 inest
189 2387 292 2424 enim
321 2385 417 2427 haec
445 2387 647 2426 harmonia
676 2389 826 2427 zodiaci
855 2389 1031 2437 partibus
1061 2399 1138 2425 non
1167 2394 1324 2437 propter
1344 2399 1386 2425 se
1405 2389 1523 2436 ipsas,
1556 2398 1643 2425 cum
1662 2387 1843 2438 planetae

60 2444 256 2483 radiantes
298 2445 484 2482 immenso
514 2446 719 2484 intervallo
758 2448 972 2484 consistant
1007 2444 1105 2482 infra
1142 2444 1244 2483 hunc
1274 2444 1479 2492 circulum,
1519 2445 1587 2483 sed
1629 2451 1845 2495 propterea,

61 2501 170 2552 qnod
205 2501 295 2540 illae
326 2509 548 2561 mensurant
586 2505 751 2553 angulos
781 2503 974 2542 radiorum
1006 2503 1044 2539 in
1072 2502 1196 2541 Terra
1235 2504 1561 2551 concurrentium,
1607 2504 1684 2542 imo
1724 2514 1846 2553 prop—

6 2552 8 2554 *
61 2565 177 2607 terea,
209 2552 312 2608 quod
342 2570 419 2596 non
450 2562 555 2609 ipsae
586 2568 676 2600 actu
705 2567 946 2607 mensurant,
988 2559 1058 2598 sed
1087 2560 1241 2599 illarum
1271 2560 1358 2599 loco
1390 2562 1477 2598 icon
1508 2567 1668 2599 exactus
1695 2556 1846 2600 zodiaci

8 2660 12 2662 ,
61 2617 243 2661 coelestis
272 2618 310 2654 in
342 2618 471 2656 anima
499 2619 697 2658 sublunari
727 2620 802 2658 hoc
830 2618 1076 2657 mensurandi
1107 2618 1276 2656 officium
1306 2619 1433 2666 subit3
1472 2616 1573 2657 inest
1608 2618 1726 2656 radiis
1754 2618 1845 2669 pla-

60 2680 244 2714 netarum-
265 2686 343 2713 non
374 2678 604 2724 quatenus
595 2678 622 2713 ιι
650 2677 794 2727 singuli
825 2677 888 2715 vel
917 2688 941 2713 a
963 2675 1128 2725 planeta
1158 2676 1396 2714 descendunt
1424 2687 1509 2723 suo,
1541 2676 1605 2715 vel
1626 2676 1726 2714 lueis
1754 2683 1845 2715 sunt

0 2743 3 2745 ·
61 2732 218 2772 soboles
247 2732 335 2784 (etsi
364 2744 440 2770 non
471 2734 555 2771 sine
583 2734 694 2785 hoc),
723 2735 792 2773 sed
822 2740 1013 2784 quatenus
1043 2735 1220 2772 binorum
1247 2733 1490 2783 planetarum
1520 2733 1599 2772 bini
1624 2734 1844 2783 junctiihic

61 2791 101 2828 in
142 2790 271 2828 Terris
311 2796 456 2828 certum
493 2790 663 2839 aliquem
702 2792 964 2830 harmonicum
1004 2791 1168 2842 formant
1206 2791 1402 2841 angulum.
1476 2790 1648 2840 Utroque
1687 2794 1842 2838 nomine

62 2847 255 2899 Terrestre
286 2853 344 2886 est
373 2848 447 2886 hoc
478 2848 699 2887 harmoniae
729 2846 1208 2902 subjectum-(formaliter
1246 2855 1285 2887 et
1326 2850 1363 2885 in
1395 2854 1581 2897 quantum
1618 2848 1716 2886 radii
1745 2849 1844 2892 fiunt

63 2906 214 2943 termini
243 2907 500 2954 proportionis
532 2904 811 2959 harmonicae),
841 2908 997 2945 minime
1029 2905 1343 2954 verocoeleste,
1375 2907 1449 2942 nisi
1479 2911 1631 2945 tantum
1659 2909 1842 2947 materia-

61 2962 149 3001 liter
191 2968 230 3001 et
259 2970 434 3011 respectu
476 2965 536 3001 sui
574 2975 650 3001 csse
679 2966 840 3013 proprii,
877 2966 960 3003 sine
998 2964 1305 3002 consideratione
1345 2963 1658 3011 harmoniarum,
1693 2966 1842 3006 scilicet

64 3025 255 3070 quatenns
286 3021 449 3071 angulos
479 3023 517 3058 in
548 3020 668 3061 Terra
698 3021 839 3070 factos,
870 3019 1073 3073 proprium
1097 3021 1179 3061 scil.
1212 3021 1328 3073 hujus
1358 3020 1840 3076 harmoniaevsubjectum,
