1994 3276
535 87 728 135 Appendix
766 89 814 126 ad
835 89 964 127 librum
986 89 1032 126 V.
1055 89 1360 127 Harmonicorum.
1387 130 1394 135 ,
1756 90 1838 130 329

55 206 311 251 Bohemictun
338 207 524 258 vicinum,
554 219 634 258 quo
663 212 703 248 et
731 209 870 248 itinera
897 214 989 249 sunt
1017 208 1203 260 impedita
1233 213 1273 249 et
1292 210 1459 260 operarii
1478 209 1654 260 plerique
1683 208 1841 247 nomina

56 265 282 318 profitentur
308 264 482 306 militiae.
540 267 680 316 Itaque
708 269 872 318 primum
902 279 974 308 nos
1003 279 1187 319 papyrus,
1219 267 1358 307 deinde
1387 272 1427 307 et
1446 279 1587 336 operae
1616 266 1739 319 praeli
1767 264 1841 306 ad-

54 324 255 364 ministrae
283 322 521 371 defecerunt,
561 329 713 375 tempus
743 325 912 375 denique
941 325 1263 366 fastidiosissimis
1292 327 1408 365 moris
1445 326 1564 365 nimio
1594 330 1840 377 protractum

57 381 211 431 Quibus
233 376 557 436 impedimentis
569 384 759 423 excitatus
797 385 863 423 vix
894 384 1050 424 tandem
1091 395 1151 423 me
1188 387 1339 434 respexi
1379 395 1585 435 meumque
1623 384 1842 422 institutum

57 441 236 491 corripui,
267 441 335 490 qui
362 440 504 480 librum
534 442 705 481 auctorIs
725 442 859 494 optimi
878 442 1095 482 Ptolemaei
1113 448 1152 482 et
1171 444 1486 482 commentatoris
1506 441 1722 494 Porphyrii,
1752 453 1842 480 mu-

54 497 167 538 tilata
196 498 407 550 particulae
437 499 630 548 editione,
670 505 820 539 tantum
849 511 929 540 non
959 512 1191 553 exponerem
1228 502 1459 551 penitusque
1488 501 1704 549 abolerem,
1746 500 1840 550 quin

62 557 193 608 potius
222 557 340 608 igitur
357 557 559 626 reliqunm
590 569 731 610 operae
761 558 960 599 dimidium
989 561 1029 598 in
1061 560 1237 598 versione
1269 559 1560 610 Porphyrianae
1591 558 1842 610 expositionis

54 613 334 666 impenderem,
363 620 477 655 notas
506 617 544 653 in
576 617 705 667 capita
734 617 800 656 lib.
820 617 873 656 11.
905 623 946 657 et
966 617 1039 659 111.
1069 617 1225 656 residua
1255 618 1537 658 conscriberem
1566 623 1606 656 et
1634 628 1721 656 cum
1741 615 1842 655 Por-

55 672 256 724 phyrianis
286 683 451 723 cumque
480 674 546 723 iis,
587 686 686 724 quas
715 675 800 725 jam
829 675 957 715 habeo
999 677 1238 727 conscriptas
1275 676 1313 713 in
1345 675 1432 715 libr.
1463 675 1535 714 III.
1573 687 1673 727 pene
1704 680 1840 722 totum,

56 730 352 782 conjungerem,
385 737 428 770 ut
457 733 512 771 ita
542 743 658 783 opus·
670 733 881 784 integretur
911 740 949 774 et
979 745 1058 784 qua
1085 739 1197 784 parte
1227 738 1366 781 exstat,
1398 733 1715 773 Graecolatinum
1745 731 1841 772 eda-

56 787 146 828 tur?
204 788 330 839 Quam
370 789 420 828 ad
457 789 664 830 editionem
706 791 813 831 aliud
853 797 1005 843 tempus
1045 788 1223 843 aliusque
1260 791 1372 832 locus
1413 793 1618 843 requiritur
1655 798 1694 831 et
1723 797 1842 843 typo-

52 845 224 898 graphus
254 846 429 887 idoneus.

169 905 229 945 Ne
259 917 362 945 vero·
381 905 475 956 quid
504 917 648 955 eornm,
679 918 780 958 quae
809 919 927 960 supra
955 918 1043 948 sum
1072 907 1283 960 pollicitus,
1323 909 1478 960 penitus
1507 907 1716 949 desiderari
1747 918 1842 959 pos-

53 968 114 1003 set
141 975 173 1003 a¹
195 963 360 1012 lectore,
399 970 441 1003 ut
469 976 517 1004 ne
547 965 611 1003 vel
642 967 681 1004 in
711 965 785 1005 hac
815 966 951 1006 ultima
981 971 1090 1019 parte
1119 966 1272 1006 deesset
1310 966 1458 1017 aliquid
1497 967 1547 1006 ad
1579 966 1841 1016 integritatem

53 1033 123 1062 seu
152 1020 203 1061 ad
232 1021 445 1061 faciliorem
485 1023 723 1063 intellectum
762 1026 889 1075 operis
931 1027 1006 1067 mei
1036 1025 1282 1073 Harmonici,
1324 1037 1399 1076 age
1438 1027 1608 1078 capitum
1649 1024 1737 1064 libri
1766 1024 1839 1063 ΠΙ.

53 1078 268 1120 Ptolemaei
304 1080 438 1120 titulos
469 1082 686 1120 exscribam
724 1094 888 1133 cumque
917 1083 1014 1122 locis
1044 1083 1205 1122 suis'in
1236 1094 1352 1134 opere
1381 1095 1468 1124 meo
1498 1083 1757 1135 comparabo,
1802 1088 1842 1122 et

54 1137 149 1189 quid
178 1139 217 1176 iu
247 1139 350 1178 notis
380 1140 476 1178 meis
505 1141 616 1188 insit,
647 1143 855 1180 summaria
885 1143 1034 1181 ratione
1066 1142 1318 1182 conscribam.

166 1195 337 1236 Primum
368 1208 469 1247 quae
500 1197 749 1238 Ptolemaeus
779 1198 887 1238 libris
906 1199 938 1238 Ι.
971 1200 1022 1238 ΙΙ.
1055 1205 1094 1239 et
1123 1202 1232 1239 initio
1264 1201 1366 1239 tertii
1397 1199 1444 1239 de
1475 1198 1700 1238 harmonica
1721 1197 1840 1238 disci-

54 1253 163 1305 plina
191 1253 361 1302 tradidit,
393 1255 461 1294 illa
490 1267 564 1306 ego
594 1256 777 1296 methodo
808 1257 898 1305 alia,
930 1257 1035 1297 haud
1066 1258 1184 1309 paulo
1207 1258 1374 1309 diversa,
1403 1257 1503 1297 libro
1524 1267 1611 1297 meo
1630 1257 1704 1296 111.
1733 1268 1842 1295 com-

53 1311 189 1364 plexus
218 1324 316 1352 sum.
378 1312 475 1352 Cum
505 1320 634 1353 autem
666 1314 916 1355 Ptolemaeus
946 1316 1231 1356 harmoniarum
1262 1318 1451 1368 principia
1482 1327 1529 1356 ex
1559 1317 1727 1354 numeris
1748 1315 1842 1353 abs·
1880 1367 1884 1370 γ

53 1372 186 1410 tractis
214 1375 323 1422 petat
351 1382 438 1410 cum
469 1373 683 1421 veteribus,
716 1385 790 1423 ego
821 1380 975 1422 contra,
1008 1377 1086 1413 vim
1115 1376 1284 1415 numeris
1318 1380 1359 1413 ut
1389 1374 1683 1414 numerantibus
1713 1374 1841 1413 inesse

53 1439 223 1478 negans,
264 1439 333 1480 pro
363 1430 411 1467 iis
451 1441 630 1469 numeros
670 1437 911 1480 numeratos,
954 1432 993 1471 id
1025 1439 1083 1473 est
1114 1445 1174 1472 res
1205 1435 1310 1483 ipsas
1352 1434 1520 1472 numeris
1552 1433 1598 1470 iis
1627 1431 1839 1482 subjectas,

53 1486 197 1536 figuras
225 1499 280 1527 sc.
309 1487 447 1538 planas
478 1488 676 1539 regulares
713 1497 753 1529 et
782 1490 915 1530 circuli
948 1491 1160 1531 divisiones
1191 1493 1238 1530 iis
1268 1490 1614 1539 administrandas,
1636 1487 1842 1541 ‘principia

51 1549 232 1585 statuens
256 1545 576 1595 harmonicarum,
608 1550 827 1587 necessario
858 1548 979 1589 libros
1009 1549 1040 1591 1.
1069 1554 1109 1590 et
1138 1549 1191 1588 11.
1235 1549 1283 1588 de
1314 1549 1448 1599 figuris
1480 1548 1713 1588 harmonicis
1753 1558 1840 1588 meo

52 1602 153 1642 libro
182 1602 255 1643 ΠΙ.
286 1605 478 1653 praemisi.

99 1687 112 1702 ·,
165 1660 257 1700 Jam
274 1660 524 1700 Ptolemaeus
554 1656 653 1702 libro
683 1665 796 1702 tertio
827 1675 914 1715 cap.
946 1665 984 1703 3.
1017 1666 1143 1715 operis
1175 1667 1236 1704 sui
1266 1666 1512 1717 praescripsit
1543 1665 1645 1703 bunc
1662 1662 1838 1704 titulum:

52 1718 138 1757 Sub
176 1719 285 1769 quod
317 1730 444 1768 yenus
477 1732 617 1760 rerum
655 1722 866 1772 referenda
904 1725 956 1760 sit
990 1728 1146 1763 natura
1186 1735 1256 1764 seu
1294 1726 1352 1762 vis
1392 1723 1631 1763 hav-monim
1679 1723 1842 1772 ejusque

51 1776 235 1825 aientia,
274 1776 499 1826 ostendens,
542 1778 648 1828 quod
684 1781 733 1817 sit
764 1779 923 1829 aliquod
962 1783 1192 1832 principium
1234 1781 1409 1830 causale,
1448 1781 1631 1829 formale,
1672 1779 1840 1820 mentale

52 1834 229 1884 adeoque
260 1834 452 1883 divinum,
496 1836 600 1885 quod
631 1838 746 1875 rebus
777 1838 955 1881 conciliet
996 1839 1228 1878 harmonias.
1291 1840 1385 1890 Cap.
1419 1841 1458 1878 4.
1508 1839 1626 1890 Quod
1654 1841 1714 1878 via
1743 1838 1842 1878 har-

50 1904 233 1933 momcae
260 1897 634 1943 contemperationis
663 1896 848 1934 omnibus
878 1897 993 1935 rebus
1022 1900 1137 1946 imit,
1167 1910 1347 1948 quarum
1377 1902 1554 1941 naturae
1582 1898 1719 1937 altiori
1746 1909 1840 1947 per-

49 1951 226 2001 feetionis
254 1951 388 2001 yradu
417 1955 658 2001 consistunt,
689 1959 726 1992 et
756 1954 864 2004 quod
892 1955 935 1993 id
963 1958 1139 1995 maxime
1168 1961 1370 2005 appareat
1395 1957 1440 1994 in
1469 1956 1664 1994 humanis
1693 1957 1841 1995 animis

50 2011 174 2059 inque
202 2009 424 2049 coelestibus
453 2011 782 2051 revolutionibus.
843 2011 920 2052 Ubi
951 2016 1195 2064 partitionem
1217 2014 1326 2052 sides
1348 2015 1504 2060 eorum(
1524 2026 1624 2064 quae
1644 2013 1843 2052 restabant

53 2067 278 2107 Ptolemaeo
308 2066 493 2117 dicenda3
532 2071 698 2118 primum
729 2081 781 2108 sc.
815 2069 862 2109 de
892 2066 1104 2110 harmoniis
1143 2074 1181 2109 in
1211 2074 1350 2111 animis
1381 2073 1655 2119 existentibus,
1698 2082 1839 2110 secun·

53 2124 145 2163 dum
174 2123 223 2164 de
254 2125 465 2164 harmoniis
506 2127 544 2164 in
575 2127 674 2166 coeli
705 2129 887 2167 motibus.
950 2130 996 2168 Et
1034 2130 1081 2169 dc
1112 2132 1235 2182 primo
1266 2130 1422 2180 quidem
1456 2137 1670 2180 sequuntur
1712 2130 1841 2180 capita

55 2184 151 2230 tria,
183 2182 232 2222 de
261 2183 432 2222 secundo
463 2184 619 2225 residua
649 2188 777 2237 capita
806 2198 959 2226 novem.
1021 2188 1116 2239 Cap.
1145 2190 1180 2227 5.
1214 2189 1500 2227 consonantias
1530 2188 1702 2238 singulas
1733 2199 1842 2226 com-

51 2245 166 2291 parat
194 2252 281 2281 cum
313 2240 562 2281 facultatibus
593 2245 745 2282 animae
776 2245 975 2284 rationalis
1006 2246 1188 2296 singulis,
1230 2247 1347 2296 idque
1378 2247 1531 2286 concise
1565 2259 1633 2298 per
1663 2244 1840 2286 subdivi-

53 2299 182 2337 siones
213 2300 412 2348 utriusque
442 2311 567 2339 rerum
598 2308 916 2352 comparatarum.
978 2303 1072 2355 Cap.
1107 2307 1143 2344 6.
1187 2304 1341 2344 Genera
1370 2304 1656 2343 harmoniarum
1687 2304 1842 2353 singula

54 2367 143 2395 cum
172 2355 335 2404 singulis
365 2358 570 2405 generibus
599 2368 669 2398 seu
700 2360 890 2399 classibus
921 2363 1105 2400 virtutum
1134 2367 1342 2412 comparat.
1404 2361 1499 2412 Cap.
1534 2365 1570 2400 7.
1601 2363 1840 2401 Mutationes

31 2419 234 2452 ‘tonorum
265 2425 352 2452 cum
380 2417 655 2456 mutationibus
686 2418 898 2457 studiorum
930 2421 1172 2468 publicorum
1212 2433 1280 2470 per
1310 2426 1526 2471 temporum
1557 2419 1840 2459 dissimilitudi-

16 2491 20 2497 ν
53 2484 141 2511 nem
185 2472 364 2520 adeoque
414 2474 530 2512 etiam
575 2486 661 2513 cum
681 2478 987 2515 *mutationibus
1032 2479 1238 2517 affectuum
1291 2479 1327 2514 in
1372 2479 1510 2517 animis
1552 2480 1840 2525 subitaneorum

0 2552 2 2572 z
53 2536 262 2580 comparat.

168 2587 214 2626 In
255 2587 330 2626 hac
359 2592 469 2636 parte
505 2589 625 2629 multa
667 2596 799 2630 contra
829 2591 1099 2631 Ptolemaeum
1131 2593 1309 2643 disputo,
1352 2593 1625 2645 symbolismos
1656 2606 1707 2634 sc.
1752 2594 1840 2634 illos

39 2647 260 2696 potissima
290 2650 399 2695 parte
428 2657 505 2684 non
536 2659 621 2687 esse
650 2652 903 2697 necessarios,
934 2662 1005 2689 nec
1036 2651 1212 2690 causales
1243 2664 1313 2690 nec
1328 2652 1537 2700 naturales,
1567 2652 1635 2690 sed
1668 2655 1855 2703 poeticos—

52 2705 186 2753 potius
215 2708 253 2741 et
284 2705 493 2752 oratorios3
537 2717 625 2743 nam
655 2706 763 2757 illas,
806 2720 907 2757 quae
937 2710 974 2746 in
1005 2710 1144 2747 animis
1183 2711 1331 2758 insunt,
1373 2709 1577 2749 facultates
1607 2717 1644 2748 et
1675 2712 1838 2751 virtutes

30 2760 248 2810 ,speciales
276 2772 352 2799 non
385 2763 512 2799 sortiri
543 2773 613 2800 nec
642 2764 769 2803 ideam
799 2776 870 2804 nec
900 2778 1078 2805 numeros
1109 2769 1393 2807 constitutionis
1423 2779 1516 2806 suae
1554 2779 1600 2806 ex
1631 2768 1839 2808 harmoniis

24 2846 25 2849 ,
58 2822 247 2868 tanquam
277 2829 323 2856 ex
353 2819 575 2869 archetypo,
607 2821 675 2859 sed
706 2821 849 2861 habere
880 2835 1018 2862 causas
1049 2824 1151 2863 alias
1179 2826 1375 2863 confessas
1407 2830 1474 2863 aut
1496 2825 1713 2872 evidentes,
1746 2829 1837 2877 quin

45 2886 104 2915 ‚ne
139 2875 295 2926 quidem
334 2877 564 2943 respondere
605 2877 657 2915 ad
697 2890 916 2928 numerum,
956 2882 1024 2920 sed
1062 2883 1177 2932 longe
1209 2884 1385 2931 quaesita
1428 2887 1496 2921 aut
1525 2883 1627 2922 male
1657 2855 1838 2926 aff’ectata

34 2943 173 2983 ,opera
211 2934 381 2984 speciem
420 2936 467 2973 iis
509 2935 704 2973 conciliari
746 2936 947 2977 divisionis
986 2940 1358 2990 aequemultiplicis3
1406 2939 1548 2978 multas
1594 2941 1841 2983 abundantes

24 2996 126 3029 ‚aut
153 2992 326 3030 vicissim
356 2991 528 3031 defectus
560 2992 815 3043 dissimulari3
857 2997 1070 3045 quaedam,
1116 3009 1216 3047 quae
1247 2999 1372 3035 minus
1402 2998 1632 3047 succedunt,
1668 3001 1836 3040 crinibus

51 3048 174 3099 trabi3
219 3048 385 3099 denique
422 3061 522 3100 quae
561 3052 727 3089 maxime
765 3055 805 3091 et
840 3051 1066 3094 dexterrime
1100 3057 1263 3094 invicem
1309 3054 1561 3106 respondent,
1599 3068 1676 3096 non
1706 3062 1836 3100 tamen
