1988 3276
1158 74 1192 101 vs

381 157 437 194 De
458 155 669 202 F'igurarum
688 154 983 194 Harmonicarum
1005 153 1317 193 demonstratione.
1341 153 1421 192 Lib.
1444 154 1474 192 Ι.
1759 157 1811 197 81

44 276 164 316 totins
192 275 381 317 amentiae
408 276 701 316 mathematicae
729 277 866 316 statuit
893 275 1049 329 eadem,
1079 285 1180 327 quae
1209 275 1327 314 etiam
1354 286 1424 328 per
1452 275 1582 315 omnia
1609 274 1716 314 entia
1742 286 1819 314 va-

46 333 144 373 dunt
170 335 372 386 onmiaquo
401 346 426 374 a
453 346 496 375 se
524 336 703 387 gignunt,
743 334 859 374 finem
881 345 943 380 sc.
974 339 1014 375 et
1040 332 1250 382 infinitum,
1287 344 1359 373 seu
1394 334 1600 373 terminum
1628 337 1669 373 et
1695 332 1817 372 inter-

46 394 251 432 minatum:
291 393 496 433 terminum
523 393 588 433 vel
616 393 1006 444 circumscriptionem
1033 404 1103 444 pro
1132 391 1273 441 forma,
1311 393 1597 432 interminatum
1631 401 1702 443 pro
1730 401 1818 430 ma-

46 451 144 491 teria
169 461 382 502 agnoscens
408 463 535 492 rerum
561 453 888 503 geometr-icarum.

159 518 428 570 Quantitatum
455 533 496 562 n.
524 522 680 574 propria
707 526 797 560 sunt
824 520 1004 571 figuratio
1034 523 1074 560 et
1100 519 1320 570 proportio,
1360 517 1539 570 figuratio
1568 518 1817 570 singularum,

46 580 241 630 proportio
266 579 497 631 junctarum.
545 579 744 631 Figuratio
773 578 967 631 perficitur
995 577 1185 626 terminis,
1215 576 1321 617 linea
1348 587 1387 616 n.
1418 582 1524 617 recta
1552 579 1718 629 punctis,
1747 589 1820 617 su-

45 634 219 687 perficies
246 637 366 688 plana
393 637 524 687 lineis,
561 649 699 689 corpus
729 637 1004 689 superficiebus
1033 636 1268 685 terminatur,
1299 636 1620 676 circumscribitur
1650 641 1690 676 et
1717 635 1820 687 figu-

46 698 163 734 ratur.
221 693 333 746 Quae
361 697 479 747 igitur
506 695 614 736 finita
643 697 929 747 circumscfipta
964 700 1004 734 et
1031 694 1197 746 figurata
1234 698 1341 744 sunt,
1381 693 1451 733 illa
1487 696 1604 734 etiam
1645 705 1821 746 compre-

46 752 164 792 hendi
191 758 320 795 mente
347 749 529 805 possunt:
565 754 715 794 infinita
743 760 782 795 et
810 754 1104 799 indeterminata
1132 757 1322 804 quatenus
1350 752 1446 792 talia
1474 752 1592 792 nullis
1622 754 1821 801 scientiae,

48 822 147 862 quae
177 810 463 853 definitionibus
492 818 746 864 comparatur,
775 812 892 852 nullis
911 811 1280 852 demonstrationum
1308 811 1506 862 repagulis
1536 811 1701 851 coartari
1728 822 1823 861 pos-

47 873 148 909 sunt.
206 869 320 910 Prius
349 876 480 912 autem
508 871 655 923 figurae
684 876 775 910 sunt
803 873 843 910 in
872 870 1094 922 archetypo,
1126 881 1243 920 quam
1272 870 1311 907 in
1333 880 1460 921 opere,
1489 870 1596 920 prius
1626 870 1667 908 in
1693 874 1822 908 mente

48 926 201 976 divina,
240 940 357 980 quam
385 931 426 968 in
455 931 660 980 creaturis;
698 929 850 970 diverso
888 928 1044 980 quidem
1074 928 1238 979 subjecti
1268 927 1397 977 modo,
1428 927 1499 967 sed
1528 926 1663 968 eadem
1692 932 1822 966 tamen

50 987 240 1026 essentiae
269 999 364 1037 suae
392 988 525 1028 forma.
556 987 681 1039 Igitur
712 989 993 1040 quantitatibus
1012 987 1192 1038 figuratio
1221 986 1402 1026 mentalis
1433 985 1626 1036 quaedam
1654 986 1824 1025 essentia

48 1042 104 1092 fit,
133 1055 204 1084 seu
231 1045 463 1096 intellectio,
503 1058 635 1086 earum
664 1046 880 1087 essentialis
918 1046 1144 1085 differentia.
1203 1043 1249 1083 Id
1285 1044 1406 1084 multo
1436 1046 1561 1096 magis
1591 1044 1736 1084 clarum
1766 1048 1825 1083 est

50 1112 99 1140 ex
125 1104 448 1154 proportionibus.
498 1104 596 1144 Cum
623 1116 662 1143 n.
691 1105 870 1156 figuratio
899 1104 1075 1156 pluribus
1103 1103 1274 1142 terminis
1302 1102 1531 1153 perficiatur,
1562 1102 1606 1142 fit
1633 1108 1678 1142 ut
1705 1113 1826 1153 prop-

49 1164 108 1199 ter
135 1160 236 1201 hanc
262 1161 525 1213 pluralitatem
554 1162 732 1214 figuratio
761 1163 1074 1214 proportionibus
1102 1167 1246 1201 utatur.
1297 1160 1501 1212 Proportio
1531 1172 1623 1201 vero
1654 1160 1747 1212 quid
1776 1162 1827 1199 sit

50 1218 134 1258 sine
162 1222 301 1260 mentis
338 1222 508 1269 actione,
547 1220 588 1259 id
626 1233 718 1261 vero
755 1222 918 1272 intelligi
954 1220 1174 1260 nullatenus
1214 1224 1355 1270 potest.
1420 1220 1556 1272 quue
1596 1221 1716 1259 etiam
1753 1218 1828 1257 hoc

50 1277 221 1326 nomine,
263 1279 329 1329 qui
358 1280 636 1330 quantitatibus
676 1282 860 1320 terminos
901 1279 967 1318 dat
1003 1290 1073 1330 pro
1113 1279 1301 1329 principio
1332 1278 1548 1327 essentiali,
1579 1279 1613 1316 is
1642 1277 1828 1329 figuratas

52 1335 288 1385 quantitates
316 1337 616 1377 intellectualem
636 1340 842 1377 essentiam
860 1338 1003 1377 habere
1034 1338 1156 1388 ponit.
1196 1335 1275 1376 Sed
1304 1347 1382 1375 non
1413 1341 1473 1376 est
1502 1348 1601 1387 opus
1621 1347 1828 1387 argumen-

51 1394 210 1443 tatione,
239 1393 390 1446 legatur
417 1401 523 1435 totus
550 1395 649 1436 liber
667 1396 814 1446 Procli3
843 1398 937 1436 satis
968 1396 1182 1446 apparebit,
1213 1395 1288 1446 ipsi
1320 1394 1554 1434 differentias
1584 1394 1830 1434 intellectua-

51 1449 110 1490 les
137 1462 263 1492 rerum
290 1456 609 1505 geometricarum
638 1465 758 1506 prope
787 1455 905 1495 fuisse
937 1455 1131 1505 cognitas:
1172 1455 1246 1492 etsi
1275 1452 1508 1493 affirmatum
1544 1453 1619 1493 hoc
1656 1452 1721 1492 ille
1752 1463 1830 1490 non

54 1509 109 1548 ita
137 1511 296 1550 seorsim
323 1512 538 1552 solitarium
568 1514 607 1551 in
637 1519 771 1563 aperto
802 1518 840 1553 et
869 1514 1078 1563 conspicuo
1109 1512 1236 1563 ponit,
1268 1516 1312 1550 ut
1343 1513 1460 1551 etiam
1490 1513 1716 1551 oscitantem
1746 1509 1831 1560 ejus

4 1583 11 1586 -
55 1565 281 1608 admoneat:
310 1569 396 1609 fluit
423 1582 461 1610 n.
493 1570 578 1620 ejus
610 1573 731 1610 oratio
760 1571 875 1623 pleno
906 1571 1014 1610 velut
1043 1569 1174 1617 alveo,
1206 1571 1483 1621 copiosissimis
1512 1570 1683 1620 undique
1712 1573 1834 1607 strata

56 1627 257 1666 sententiis
286 1627 533 1668 abstrusioris
562 1628 830 1680 philosophiae
860 1629 1101 1680 Platonicae,
1131 1639 1228 1678 quas
1259 1629 1356 1667 inter
1386 1634 1425 1668 et
1453 1629 1528 1668 hoc
1557 1634 1616 1668 est
1642 1627 1731 1666 libri
1758 1626 1835 1665 hu-

52 1682 119 1743 ju?
147 1690 413 1736 argumentum
441 1686 647 1737 singulare.

168 1752 316 1794 Verum
342 1754 433 1795 huic
461 1760 593 1795 nostro
624 1754 755 1796 seculo
785 1768 862 1796 non
893 1757 1050 1796 vacavit
1067 1755 1266 1803 hactenus,
1298 1754 1348 1794 ad
1377 1759 1458 1794 tam
1485 1753 1686 1795 recondita
1712 1763 1834 1805 pene-

31 1815 177 1852 ·trare:
206 1811 331 1852 lectus
362 1819 421 1853 est
449 1812 547 1853 liber
575 1813 703 1854 Procli
731 1814 847 1855 Petro
877 1813 1023 1863 Ram0,
1052 1813 1122 1853 sed
1152 1812 1257 1864 quod
1287 1813 1338 1852 ad
1367 1813 1548 1853 nucleum
1578 1814 1717 1853 attinet
1744 1811 1835 1862 phi-

57 1869 281 1921 losophiae,
320 1873 463 1923 pariter
493 1883 579 1911 cum
609 1872 757 1912 decimo
787 1873 961 1913 Euclidis
991 1877 1206 1913 contemtus
1237 1875 1275 1910 et
1295 1872 1501 1922 *abJectus,
1545 1873 1689 1923 quique
1728 1881 1836 1910 com—

59 1930 285 1968 mentarium
313 1931 353 1968 in
382 1929 582 1970 Euclidem
611 1933 833 1982 scripserat,
865 1931 987 1971 veluti
1016 1933 1050 1970 si
1079 1930 1303 1981 apologiam
1331 1941 1399 1981 pro
1429 1942 1476 1970 eo
1506 1932 1743 1982 scripsisset,
1774 1939 1838 1967 re-

59 1985 243 2038 pudiatus
272 1992 311 2027 et
339 1988 601 2028 obmutescere
626 1989 777 2040 jussus,
815 1991 962 2029 irritata
991 2000 1084 2029 vero
1114 1989 1253 2027 infensi
1284 1989 1451 2027 censoris
1481 1990 1539 2028 ira
1568 1990 1607 2026 in
1637 1986 1839 2026 Euclidem

60 2049 105 2082 ut
131 2056 238 2084 reum
267 2047 401 2096 vertit,
431 2047 634 2086 damnatus
665 2054 723 2087 est
751 2050 871 2087 atroci
902 2050 1094 2087 sententia
1122 2045 1294 2085 Euclidis
1324 2047 1507 2093 decimus,
1537 2052 1581 2085 ut
1609 2058 1659 2086 ne
1687 2045 1839 2095 legere-

23 2111 26 2114 ’
61 2106 135 2151 tur,
165 2105 233 2153 qui
258 2102 381 2144 lectus
409 2105 704 2156 intellectusque
741 2107 1010 2159 philosophiae
1041 2106 1226 2157 mysteria
1269 2106 1437 2154 pandere
1476 2109 1640 2156 poterat.
1699 2103 1839 2153 Legite

65 2171 209 2210 quaeso
238 2163 357 2201 verba
385 2162 509 2212 Rami,
541 2165 681 2214 quibus
711 2164 776 2204 ille
806 2165 902 2203 nihil
930 2176 1104 2215 unquam
1132 2162 1327 2213 indignius
1356 2163 1482 2202 Ramo
1512 2162 1683 2214 protulit,
1714 2161 1841 2200 Scho-
1864 2152 1873 2161 ⁵

0 2225 2 2227 ’
63 2217 186 2257 larum
204 2217 330 2260 Math.
357 2220 424 2260 lib.
457 2223 534 2259 21:
567 2225 752 2268 Materies,
781 2223 918 2274 inquit,
949 2226 1084 2262 decimo
1101 2225 1195 2261 libro
1205 2226 1413 2272 proposita·
1426 2235 1468 2261 co
1496 2223 1603 2260 modo
1624 2226 1676 2259 est
1690 2221 1840 2266 tradita,

64 2283 107 2316 oct
135 2280 177 2315 in
205 2280 372 2317 humanis
400 2282 514 2318 literis
545 2287 652 2329 atque
682 2284 823 2320 artibus
852 2284 1003 2320 simssem
1036 2285 1289 2321 obscuritatem
1322 2293 1503 2328 nusquam
1533 2279 1840 2327 deprehenderim,

67 2332 319 2369 obscuritatem
341 2333 420 2370 dico
443 2345 519 2371 non
542 2336 592 2372 ad
614 2336 898 2383 intelligendum,
932 2336 1019 2383 qaid
1036 2337 1247 2383 praecipiat
1268 2335 1442 2372 Euclides
1472 2333 1529 2377 (id
1550 2345 1586 2369 n.
1610 2332 1665 2368 vel
1687 2330 1845 2367 indoctis

67 2388 102 2420 et
123 2384 315 2429 witeratis,
337 2384 378 2420 id
399 2386 524 2432 solum,
549 2389 646 2434 quod
669 2388 770 2426 adest
793 2390 955 2436 quodque
969 2389 1150 2435 *praesens
1172 2394 1241 2434 est,
1266 2387 1508 2430 intuentibus,
1527 2385 1647 2430 possit
1670 2392 1743 2420 esse
1760 2393 1844 2428 per-

66 2436 256 2482 spicuum),
280 2437 341 2473 sed
365 2437 415 2473 ad
432 2440 722 2485 perspiciendum
738 2443 888 2487 penitus
911 2446 945 2477 et
968 2441 1248 2486 explorandum,
1280 2441 1361 2487 quis
1383 2439 1469 2483 finis
1496 2438 1544 2473 sit
1575 2441 1608 2472 et
1635 2447 1724 2472 usus
1746 2435 1847 2481 operi

62 2490 285 2535 2'01’083‘38,
310 2500 400 2535 quae
420 2501 563 2537 ymera,
586 2492 728 2538 species,
754 2489 978 2538 differentiae
1001 2494 1076 2529 sint
1091 2503 1211 2529 rerum
1228 2493 1490 2537 subiectarum:
1511 2490 1605 2526 πῶϋ
1626 2500 1663 2526 n.
1685 2497 1846 2534 unquam

67 2544 144 2577 tan
165 2542 351 2586 confusum
373 2543 427 2578 vel
448 2544 647 2581 involutum
679 2545 748 2592 leyi
777 2547 832 2585 vel
857 2546 992 2582 audivi.
1042 2545 1140 2591 Quin
1170 2545 1380 2591 superstitio
1402 2542 1653 2589 Pythaqorfea
1684 2541 1725 2576 in
1754 2541 1847 2575 hunc

69 2598 173 2644 quasi
194 2608 335 2644 specum
357 2599 506 2637 inducta
528 2602 693 2639 videatur
715 2608 777 2640 etc.
816 2601 869 2639 At
898 2600 1036 2648 hercle,
1066 2600 1203 2652 Rame,
1233 2602 1308 2639 nisi
1332 2601 1494 2638 nimium
1523 2596 1676 2636 facilem
1704 2594 1755 2633 ad
1785 2596 1847 2631 in-

69 2652 320 2703 telligendum
347 2654 449 2693 hunc
476 2654 615 2695 librum
634 2657 873 2707 credidisses,
906 2670 1104 2708 nunquam
1135 2664 1281 2697 tantam
1312 2651 1587 2697 obscuritatem
1607 2655 1745 2692 fuisses
1776 2663 1862 2691 ca·-

69 2708 291 2750 lnmniatus.
350 2712 502 2752 Labore
531 2715 677 2764 majore
716 2727 813 2766 opus
844 2721 921 2766 est,
962 2718 1091 2767 quiete
1123 2727 1219 2768 opus
1250 2721 1327 2764 est,
1374 2712 1631 2754 sollicitudine
1663 2722 1759 2762 opus
1789 2714 1848 2748 est

73 2772 112 2806 et
139 2771 350 2808 attentione
379 2772 587 2822 praecipua
619 2775 777 2823 mentis,
818 2774 940 2814 donec
971 2774 1272 2826 comprehendas
1309 2775 1498 2811 intentum
1527 2770 1742 2821 scriptoris:
1779 2767 1848 2806 ubi

34 2840 35 2844 ¹
62 2833 121 2864 oo
149 2826 263 2865 fuerit
292 2829 399 2867 enisa
427 2841 534 2868 mens
564 2840 760 2880 generosa,
790 2836 873 2871 tum
903 2831 1056 2871 demum
1074 2844 1170 2872 -sese
1205 2834 1245 2870 in
1271 2831 1418 2869 iumine
1456 2830 1538 2868 veri
1578 2827 1725 2866 versari
1764 2836 1848 2864 cer-

30 2888 40 2920 ζ
64 2889 180 2932 (nens,
209 2884 422 2924 incredibili
450 2887 652 2937 voluptate
679 2889 918 2938 perfunditur
937 2890 1135 2930 exsultans
1166 2895 1204 2929 et
1232 2890 1282 2928 ab
1312 2888 1380 2927 illa
1400 2887 1519 2926 veluti
1538 2884 1698 2937 specula
1725 2887 1849 2923 totum

15 2971 40 2986 .,
63 2940 257 2980 *mnndum
288 2953 496 2995 omnesque
526 2945 610 2994 ejus
639 2947 804 2996 partium
834 2948 1066 2987 differentias
1087 2949 1328 2988 exactissime
1349 2946 1542 2998 perspicit.
1585 2943 1637 2980 At
1660 2939 1751 2994 tibi,
1780 2943 1848 2992 qui

62 2993 150 3038 ‘hoc
174 2999 262 3039 loco
293 3005 495 3051 patronum
524 3004 609 3053 agis
638 3004 877 3053 ignorantiae
906 3006 1093 3057 vulgique
1130 3005 1346 3052 hominum,
1388 3003 1495 3042 lucra
1534 3001 1772 3051 captantium
1801 3010 1849 3039 ex

79 3058 235 3097 omnire
253 3057 395 3108 divina,
425 3060 604 3110 humana,
634 3062 747 3100 vobis
776 3063 933 3113 inquam
962 3066 1039 3102 sint
1068 3066 1145 3103 ista
1164 3062 1412 3115 „prodigiosa
1429 3059 1706 3111 sophismata“‚
1736 3058 1849 3096 vobis

45 3115 186 3163 “„otio
222 3115 336 3155 fuerit
364 3117 542 3159 Euclides
579 3120 875 3170 intemperanter
909 3121 1092 3171 abusus“,
1131 3122 1244 3161 vobis
1285 3120 1490 3169 „acumina
1530 3119 1605 3156 ista
1638 3116 1768 3155 locum
1807 3117 1846 3153 in

2 3182 49 3276 l.-

149 3185 271 3221 chlori
288 3188 385 3222 open
402 3189 437 3217 V.
1310 3201 1315 3207 -
1623 3187 1647 3225 6
