1994 3276
508 68 1200 141 sucidam-lenm
1222 84 1447 132 aquatione.
1520 114 1563 155 μ’
1608 145 1610 147 -
1779 87 1864 129 ,σω

67 201 444 250 flemme,
479 201 756 247 etiamen,
776 192 1144 246 ubiutrnquecoit,
1161 186 1863 261 &ammomum-pendim-

74 252 162 289 laris
184 251 232 290 ad
253 261 469 290 ωιιαιιιιιιιι
492 249 610 298 usque
633 252 961 289 circumferentiae.
986 253 1056 289 Hic
1079 253 1236 290 circulus
1259 258 1297 290 et
1319 247 1402 299 ejns‘
1422 253 1518 291 duae
1539 258 1674 299 partes,
1699 253 1863 291 diametri

74 304 448 350 amadus,
482 305 717 342 substernunt
738 315 780 342 se
802 304 966 350 subjecti-
978 306 1069 350 loeo,
1093 306 1157 342 uni
1179 306 1308 351 medio,
1333 311 1374 343 nt
1395 307 1514 352 possit
1535 312 1573 343 et
1590 307 1629 344 in
1643 311 1763 344 mente
1779 307 1863 343 sub-

73 356 203 394 -Ὅαο
224 359 276 398 st
288 357 336 394 it
372 368 465 404 opus
497 358 650 404 perduci
678 358 881 404 praeceptis
911 358 1101 403 exquisitis
1132 359 1226 395 finiti
1254 364 1293 395 et
1315 359 1496 396 terminati
1519 369 1659 396 seusun.
1705 359 1788 396 Non
1809 358 1864 396 'nie
1928 372 1932 377 ’

71 409 165 447 Μ
186 409 494 509 &objiciat
531 462 679 508 aliquis,
710 472 820 508 posse
849 467 973 498 tamen
1006 472 1087 499 esse
1116 463 1248 499 cubum
1272 462 1356 499 cubi
1378 463 1543 508 praecise
1565 446 1726 509 duplum.
1772 462 1863 499 Res—

70 513 224 560 pondet»,
245 513 338 551 nihil
359 514 509 560 impedit
533 520 571 551 et
593 524 675 551 esse
698 519 735 550 et
758 524 906 550 manere
936 514 1043 557 hunc,
1068 515 1099 550 si
1120 514 1226 549 modo
1263 515 1433 551 constitui
1467 519 1592 561 posset
1625 519 1663 551 et
1697 510 1862 551 describi·

51 565 292 613 Quane-nr
313 571 434 603 autem
457 577 531 603 ιιοιι
555 566 787 611 describitur,
820 577 895 602 non
917 571 974 603 est
997 567 1153 611 quidem.
1201 566 1393 610 Quantitas
1430 567 1574 611 quidem
1609 566 1744 603 dimidii
1779 565 1863 603 cubi

73 620 186 660 inst-
190 619 231 657 ιιι
250 623 342 664 toto,
378 619 442 655 sed
465 618 529 654 illa
552 620 667 655 cubus
688 629 762 655 non
785 625 852 656 est.
901 619 1024 655 Cubus
1046 618 1141 654 enim
1165 622 1221 654 est
1247 628 1379 654 nomen
1400 617 1551 664 figurae,
1572 623 1610 654 et
1631 618 1748 663 figura
1772 628 1864 663 opus

71 671 182 709 habet
205 670 458 717 descriptione.
507 673 665 709 Proinde
693 672 764 709 dici
798 678 943 718 posset,
978 672 1175 709 subsistere
1208 671 1441 707 materialiter
1473 675 1512 707 at
1546 682 1618 707 non
1654 670 1860 707 formaliter.

69 722 309 763 Πιιωίιὶιια·
331 729 388 760 est
411 725 557 770 quidem
579 725 725 771 aliquod
749 730 924 771 punctum
946 725 984 761 in
1007 724 1123 760 latere
1146 723 1240 767 cubi,
1264 723 1462 759 terminans
1486 723 1624 759 dimidii
1646 722 1730 761 cubi
1751 721 1860 766 latus,

67 777 186 814 sedid
199 782 374 823 puerum
387 777 488 813 nulla
510 788 668 823 unquam
692 779 832 814 ratione
850 776 1007 813 describi
1028 775 1251 821 aut'signari
1272 779 1404 820 potest.
1447 775 1551 814 Unde
1575 781 1613 811 et
1635 775 1704 812 hoc
1721 774 1861 811 adden·

67 829 172 868 dm:
196 829 288 867 duas
308 829 447 866 medias
471 840 553 866 esse
571 830 720 874 quidem
745 840 809 866 ens
834 831 871 865 in
894 829 1069 875 potentia,
1094 828 1158 864 sed
1182 838 1256 864 non
1271 828 1309 863 in
1324 828 1488 873 potentia
1503 827 1731 872 geometrica.
1765 827 1859 863 Nam

67 881 285 927 geor-enies
305 891 401 926 quae
424 887 579 926 possunt
603 882 684 927 dici,
708 888 817 918 antea
840 887 926 918 sunt
949 887 1034 921 actu
1057 882 1095 917 in
1116 886 1246 925 mente,
1267 881 1418 927 physice
1441 891 1526 917 vero
1542 881 1648 926 linea,
1671 891 1765 927 quae
1781 891 1854 916 non

67 938 124 970 en
144 937 255 976 ncta,
275 933 393 970 secari
404 938 535 978 potest,
558 938 597 969 et
619 934 657 969 in
681 940 864 980 punctum,
889 935 926 970 in
948 945 1026 979 quo
1044 944 1116 970 non
1139 945 1276 979 sumus,
1300 933 1537 970 continuitate
1558 933 1712 980 physica
1735 937 1851 970 trans-

67 985 190 1023 itioni-
212 985 357 1023 tandem
384 985 552 1022 devenire
576 997 778 1032 possumus.

181 1037 255 1076 Sed
275 1037 398 1084 recepi
420 1047 541 1083 supra,
577 1049 635 1074 me
670 1038 763 1074 hanc
776 1040 814 1074 in
839 1041 1052 1074 ›Processu‹
1085 1048 1294 1084 expressam
1315 1037 1462 1083 lineam,
1488 1049 1582 1084 quae
1602 1038 1757 1076 traditur
1779 1049 1846 1085 pro

67 1088 181 1128 latere
202 1089 328 1126 cubis
350 1099 555 1126 marcarum
583 1100 698 1135 aquae
729 1090 921 1134 fontanae,
957 1090 1249 1126 confirmaturum
1285 1096 1413 1136 quarto
1449 1092 1598 1138 insuper
1631 1096 1854 1137 argumento.

65 1142 148 1179 Erit
178 1146 300 1179 antem
320 1141 360 1179 id
381 1142 534 1178 maximi
564 1143 734 1179 momenti
748 1170 757 1187 ,
796 1143 826 1178 si
861 1143 967 1179 modo
991 1143 1168 1178 sincerum
1203 1152 1321 1187 neque
1350 1142 1445 1179 forte
1474 1153 1538 1190 per
1569 1141 1748 1180 fallaciam
1769 1141 1855 1179 mihi

65 1193 235 1241 ohrepdt,
258 1199 376 1243 ortum
398 1205 456 1230 me
478 1195 603 1240 ignaro
627 1206 674 1232 ex
697 1197 823 1232 iisdem
848 1194 1043 1243 principiis,
1077 1206 1122 1231 ex
1146 1195 1277 1240 quibus
1306 1196 1466 1241 antiqua.
1502 1191 1604 1232 'Dico
1629 1195 1852 1242 experimen-

62 1247 235 1285 tationen
256 1257 322 1294 per
356 1246 540 1284 fontanam
573 1248 610 1283 in
634 1248 766 1284 cubum
789 1249 971 1293 redactam
995 1248 1130 1295 optime
1152 1246 1307 1290 habere;
1343 1248 1413 1284 hoc
1447 1248 1621 1284 testificor
1653 1259 1728 1284 non
1762 1259 1853 1294 meo,

63 1299 129 1337 sed
149 1300 231 1347 ipso
254 1304 415 1336 veterum
435 1301 677 1337 Romanorum
701 1302 957 1348 experimento.
1004 1302 1053 1338 Ut
1076 1301 1146 1337 hoc
1170 1300 1337 1346 probem,
1370 1300 1623 1336 assumendum
1647 1305 1721 1345 est,
1755 1300 1852 1347 quod
1880 1344 1881 1348 Ἰ

63 1355 258 1390 Proeessns
286 1353 420 1398 ubique
447 1354 574 1399 recipit
607 1355 689 1399 (etsi
713 1355 878 1392 Mariana
911 1353 1117 1398 labefactet)
1150 1354 1358 1389 drachmam
1392 1358 1555 1389 nostram
1588 1353 1738 1389 eandem
1774 1363 1852 1389 esse

62 1415 145 1441 enm
165 1404 279 1441 veteri
301 1405 554 1441 Romanorum
578 1406 665 1441 item
689 1407 814 1444 uncias
839 1407 882 1443 12
907 1417 971 1443 seu
999 1406 1188 1442 drachmas
1213 1406 1257 1442 96
1281 1406 1400 1441 inesse
1422 1406 1459 1440 in
1482 1405 1575 1440 libra
1596 1405 1850 1441 Romanorum.

62 1456 223 1493 Romani
238 1467 339 1503 ergo,
364 1457 546 1494 referente
568 1464 605 1494 et
631 1461 846 1495 NProcessu
884 1459 1058 1495 Mariana
1087 1469 1172 1495 vero
1202 1469 1346 1494 rursum
1378 1458 1551 1502 variante)
1580 1457 1792 1493 invenerunt
1813 1458 1851 1493 in

61 1509 156 1545 cubo
179 1509 238 1545 sni
260 1509 362 1556 pedis
389 1520 507 1555 aquae
530 1510 700 1547 fontanae
723 1512 835 1548 libras
860 1513 915 1557 96,
939 1512 974 1547 1ι.
998 1523 1028 1548 e.
1054 1511 1241 1547 drachmas
1266 1510 1370 1547 9216.
1417 1510 1533 1555 Igitur
1557 1510 1589 1546 si
1612 1516 1766 1555 uterque
1788 1519 1850 1545 ex·

62 1560 196 1605 quisita
218 1561 289 1597 fuit
308 1568 501 1608 operatus,
538 1568 576 1598 et
600 1563 783 1612 Romanus
819 1564 881 1599 ille
917 1569 953 1599 et
987 1563 1140 1608 hujus»
1124 1563 1363 1598 ›rProcessus
1391 1562 1560 1607 scriptor,
1598 1567 1741 1607 oportet
1763 1567 1803 1598 ut
1825 1561 1850 1598 8

63 1623 216 1658 marcae,
242 1622 307 1649 sen
334 1614 379 1650 64
401 1615 538 1657 unciae,
566 1625 631 1651 seu
655 1616 721 1652 512
746 1615 938 1652 drachmae
972 1625 1088 1659 aquae
1110 1613 1278 1648 fontanae
1312 1614 1358 1648 de
1386 1613 1549 1659 partibus
1573 1614 1676 1660 pedis
1699 1614 1851 1650 Romani

62 1665 105 1702 21
127 1668 316 1701 assumant
338 1665 375 1700 in
400 1666 483 1702 cubi
511 1667 567 1702 sui
591 1667 687 1703 latus
710 1668 743 1703 8.
794 1668 885 1703 Nam
910 1667 1031 1703 cubus·
1050 1665 1094 1701 de
1118 1666 1161 1700 21
1188 1670 1244 1700 est
1267 1665 1373 1709 9261,
1410 1665 1472 1709 qui
1499 1675 1668 1702 numerus
1700 1670 1848 1712 superat

62 1716 252 1753 drachmas
274 1728 390 1764 aquae
413 1717 504 1753 9216
529 1718 566 1753 ιιι
582 1717 701 1764 pedali
725 1719 817 1755 cubo
829 1719 991 1754 Romano
1004 1729 1075 1752 non
1089 1718 1169 1763 plus
1193 1719 1237 1754 45
1250 1716 1457 1762 particulis,
1481 1716 1609 1762 Itaque
1626 1718 1708 1754 siin
1723 1723 1848 1753 nostro

63 1769 155 1806 cubo
178 1775 282 1806 tanta
305 1775 362 1806 est
384 1769 565 1815 drachma,
590 1777 726 1815 quanta
749 1771 787 1806 in
811 1772 985 1815 Romano,
1011 1771 1107 1816 quod
1131 1779 1272 1815 semper
1295 1780 1411 1815 pono,
1435 1770 1596 1814 qualium
1618 1770 1728 1815 igitur
1750 1769 1846 1806 latus

60 1822 176 1865 nostri
197 1822 279 1858 cubi
302 1827 359 1858 est
381 1822 414 1866 8,
438 1821 564 1857 talium
587 1833 659 1858 non
683 1822 791 1869 plane
814 1825 870 1868 21,
896 1823 1115 1859 fere.tamen
1139 1823 1204 1866 21,
1243 1826 1299 1857 est
1327 1822 1426 1857 latus
1450 1822 1532 1857 cubi
1556 1821 1721 1857 Romani.
1767 1822 1847 1857 Hoc

60 1877 119 1909 est
141 1884 251 1909 unum
275 1873 591 1910 demonstrationis
615 1884 717 1910 meae
740 1876 950 1910 membrum.

174 1925 340 1971 Alterum
363 1926 558 1962 membrum
582 1927 634 1963 sic
658 1928 780 1964 habet.
828 1928 934 1972 Apud
961 1927 1124 1963 Caesaris
1154 1930 1470 1971 automatopoeum
1499 1927 1619 1962 inveni
1641 1937 1846 1962 mensuram

59 1977 162 2023 pedis
184 1978 337 2014 Romani
369 1978 476 2025 paulo
499 1979 671 2024 majorem
695 1981 908 2024 Viennensi,
936 1991 1043 2025 quam
1067 1990 1269 2015 mensuram
1293 1979 1371 2025 ipse
1394 1989 1416 2015 a
1431 1978 1569 2014 Jacobo
1594 1979 1718 2014 Curtio
1742 1979 1846 2015 Vice-

60 2029 272 2067 cancellario
293 2030 438 2076 Imperii
475 2032 613 2078 accepit
647 2033 772 2077 aitque
807 2043 945 2068 summo
980 2033 1045 2068 viri
1076 2031 1196 2066 studio
1227 2031 1342 2066 Roma
1365 2031 1584 2067 accersitam.
1633 2031 1725 2066 Eam
1747 2041 1844 2067 men-

37 2092 183 2142 *suram
205 2093 272 2128 ego
295 2083 317 2118 2
340 2084 526 2130 puncturis
549 2086 782 2121 transversim
806 2085 934 2121 locatis
957 2084 1127 2120 transtuli
1155 2085 1191 2119 in
1215 2084 1326 2128 hujus
1348 2083 1430 2119 libri
1454 2082 1662 2143 operculum
1685 2083 1844 2119 anterius

59 2134 239 2180 ejusque2
234 2135 464 2180 superficiem
486 2136 690 2173 interiorem
715 2148 960 2184 papyraceam.
1004 2136 1274 2196 Comprehensa
1309 2136 1417 2180 igitur
1449 2135 1582 2171 circino
1605 2146 1690 2181 pars
1715 2140 1841 2172 octava

60 2186 183 2223 lateris
198 2187 325 2234 cubici,
349 2188 372 2223 8
392 2199 594 2229 marcarum
618 2200 734 2235 aquae
768 2190 858 2224 adeo
894 2189 1055 2234 praecise
1089 2199 1235 2224 emensa
1267 2188 1335 2224 fuit
1357 2187 1486 2234 pedem
1507 2187 1609 2222 illum
1634 2188 1842 2224 Curtianum

54 2240 171 2276 Roma
193 2240 425 2286 accersitum,
459 2245 501 2276 ut
523 2241 561 2276 in
584 2241 752 2277 vicesimo
777 2242 890 2287 primo
915 2246 1000 2277 actu
1022 2241 1082 2276 vix
1105 2240 1337 2286 agnoscibili,
1370 2240 1490 2285 aliqua
1512 2244 1632 2275 tamen
1654 2240 1840 2286 particula,

56 2292 262 2330 exoesserit.

170 2343 499 2381 Haecadmirabilis
518 2345 751 2391 congruentia
775 2345 950 2390 suspicari
966 2355 1021 2379 me
1046 2344 1144 2389 facit,
1169 2344 1465 2380 communicatum
1487 2343 1600 2379 fuisse
1624 2355 1704 2380 cum
1717 2345 1839 2381 Curtio

61 2397 299 2433 ›Proeessus»
324 2396 433 2441 hujus
457 2395 658 2432 artificium.
707 2396 778 2432 Sed
802 2395 1013 2432 concludam
1036 2396 1212 2432 distincte.
1260 2396 1380 2431 Primo
1398 2396 1428 2431 si
1442 2396 1585 2431 Curtius
1601 2395 1739 2440 hujus
1733 2396 1839 2432 »Pro-

55 2460 199 2488 eessus«
229 2449 299 2485 fuit
330 2449 500 2494 ignarus,
536 2449 605 2484 etsi
639 2449 778 2495 accepit
803 2449 917 2484 Roma
951 2448 1105 2484 eundem
1139 2448 1233 2483 forte
1267 2447 1418 2493 pedem,
1455 2458 1563 2492 quem
1596 2448 1768 2486 Budaeus
1802 2454 1840 2486 et

59 2502 259 2543 Glareanus
290 2502 423 2538 nostris
446 2501 619 2537 Romanis
654 2511 769 2546 nuper
801 2500 1004 2536 indicarunt
1038 2510 1083 2535 ex
1116 2499 1178 2534 illo
1215 2509 1281 2534 suo
1314 2499 1467 2534 mirabili
1502 2499 1687 2547 Parisino,
1718 2505 1839 2538 tamen

57 2554 204 2591 mirifice
235 2554 468 2591 confirmatur
502 2553 688 2599 diligentia
711 2556 903 2588 Processus
928 2552 1037 2596 hujus
1062 2562 1127 2598 per
1151 2561 1364 2587 consensum
1391 2552 1521 2587 veteris
1549 2548 1745 2598 illius,‘qui
1767 2553 1836 2590 Pa·

56 2607 157 2643 risini
192 2608 292 2654 pedis
317 2607 386 2642 fuit
408 2613 544 2643 auctor.
591 2606 730 2642 Deinde
761 2606 796 2640 si
819 2605 963 2640 Curtius
986 2605 1187 2640 Romanum
1221 2603 1348 2648 pedem
1383 2603 1569 2647 antiquum
1604 2606 1763 2651 accepit,
1801 2610 1839 2646 et

56 2660 120 2705 qui
139 2671 213 2696 non
235 2670 282 2697 ex
296 2659 469 2695 relatione
485 2659 622 2701 Bndaei
638 2658 708 2693 hoc
732 2656 872 2692 demum
896 2656 1017 2691 seculo
1035 2656 1250 2691 constitutus
1267 2655 1351 2691 fuit:
1376 2660 1463 2691 tunc
1479 2656 1675 2692 certissime
1692 2658 1837 2693 demon-

57 2716 209 2747 suatum
231 2715 299 2756 est,
323 2711 527 2751 drachmam
549 2710 760 2747 hodiernam
783 2709 898 2744 veteri
922 2708 1117 2753 aequalem,
1142 2717 1312 2742 concesso
1335 2712 1472 2752 tamen,
1497 2707 1594 2752 quod
1626 2709 1741 2745 cubus
1763 2710 1836 2747 Ro-

56 2773 184 2799 manus
206 2761 343 2809 pedalis
365 2761 477 2800 libras
500 2773 615 2808 aquae
638 2764 682 2800 96
706 2773 780 2799 ιιοιι
803 2762 948 2798 Parisiis
970 2767 1121 2806 tantum,
1146 2760 1209 2796 sed
1233 2761 1364 2805 ubique
1386 2763 1532 2807 ceperit.
1558 2762 1636 2806 (cfr.
1659 2764 1718 2799 fol.
1742 2765 1836 2810 597.)

766 2847 836 2919 An
865 2881 1024 2932 Caput
1052 2880 1124 2919 VI.

171 2980 214 3017 In
236 2979 445 3017 reductione
470 2980 553 3018 cubi
575 2981 622 3017 ad
645 2979 843 3026 cylindrum
875 2985 912 3016 et
944 2981 1132 3026 sphaeram
1162 2980 1300 3016 numeri
1330 2982 1370 3017 11
1397 2980 1443 3017 ad
1466 2981 1512 3017 14
1536 2982 1604 3018 sub
1628 2958 1832 3021 conditione

57 3038 142 3075 sunt
164 3034 250 3071 veri.
293 3034 387 3070 Nam
409 3044 645 3080 quaecunque
667 3034 761 3069 inter
784 3043 825 3069 se
847 3034 1107 3070 communicant
1135 3033 1329 3077 curvitate,
1362 3039 1541 3080 quatenus
1569 3044 1614 3071 ea
1634 3037 1829 3074 communi-
