1988 3276
663 138 986 184 Demonstration‘e.
1032 142 1194 180 Liberl.
1762 143 1815 184 91

33 275 211 322 quaere,
228 267 343 320 'enjus
360 268 412 308 sit
433 271 626 319 apotome,
644 264 912 317 respondetur,
933 262 1039 314 quod
1057 255 1112 303 sit
1127 267 1310 315 apotome
1323 262 1526 316 alicujus,
1521 274 1623 317 quae
1639 263 1725 304 sola
1741 275 1818 315 po-

33 328 161 370 tentia
172 329 238 367 ’σοι
245 325 608 367 commensurabilis
626 325 871 387 propositae,
897 333 999 374 quae
1019 333 1073 362 sc.
1093 326 1229 374 potest
1255 324 1567 375 sesquiquartum
1585 323 1819 383 propositae.

147 381 217 419 sit·
231 381 297 419 GA
326 381 511 428 proposita
541 380 588 417 ad
617 379 811 416 secandum
842 378 960 426 sitque
987 374 1140 415 ehbssis
1424 415 1459 441 n

31 432 267 481 longitudine.
295 433 381 470 Fiat
401 438 524 469 rectus
548 431 700 478 angulus
726 430 831 468 GAM
858 435 895 467 et
916 429 989 467 AM
1012 432 1059 467 sit
1082 431 1135 468 di·
1353 453 1358 459 -
1460 422 1491 448 ⁸
1509 416 1538 445 ⁸

33 486 145 526 nicia
159 486 277 532 ipmus
301 485 377 531 GA,
402 490 439 523 et
456 484 629 523 connexis
644 484 688 529 G,
704 483 745 519 M
759 484 912 529 punctis,
937 487 1060 521 centro
1083 482 1614 528 ace-1·

31 537 220 578 inte-ullo
236 537 309 576 GM
323 537 498 575 nen'batur
518 536 761 574 semicirculus
784 535 894 579 PGX,
910 539 948 572 et
962 536 1035 572 AM
1051 546 1138 572 con·
1267 526 1597 617 AR
1464 528 1833 806 1¹,-

32 591 217 630 tinuatur
205 602 247 628 ιιι
262 591 340 637 ejus
354 589 658 627 circumstantiae
674 594 810 635 puncta
824 589 865 632 P,
880 588 927 634 X,
950 588 1016 626 fiat
1030 593 1145 635 super

35 646 125 685 PA
137 644 351 693 quadratum
385 643 457 680 Po.
504 643 602 688 Ergo
637 642 733 678 linea
756 642 821 679 GA
854 648 955 694 secta
982 647 1041 679 est
1063 652 1145 689 pro·

39 697 348 746 pontimaliteoein
378 701 512 742 puncto
537 694 580 731 0.
625 695 1022 742 HaecigiturAOeet
1055 706 1142 742 pars

35 750 150 796 major
171 753 293 787 sectae
307 746 621 796 proportionaliter
641 749 723 794 GA;
748 753 787 785 at
801 748 926 785 eadem
941 748 1004 785 AO
1020 749 1077 785 vel
1100 759 1146 787 es

37 802 198 851 aequalis
220 801 284 839 AP
307 806 364 838 est
387 805 554 849 apotome
576 810 650 836 non
673 800 785 846 ipsius
810 800 894 846 GA,
930 801 995 837 sed
1024 802 1139 849 ipsius

34 856 104 893 MP
119 855 177 892 vel
199 855 284 900 ΜΘ,
307 864 400 901 quae
423 857 543 900 potest
563 854 640 889 tam
662 854 738 899 GA,
763 864 871 898 quam
888 853 961 890 AM
982 854 1080 892 illius
1103 852 1305 905 dimidiam,
1330 862 1372 895 ut
1386 858 1419 894 si
1432 853 1595 903 potentia
1617 853 1734 900 ipsius
1753 853 1821 891 GA

38 909 87 947 sit
106 909 150 955 4,
173 907 242 945 erit
262 907 376 954 ipsius
398 908 473 944 AM
497 909 539 954 1,
571 914 607 947 et
630 906 743 954 ipsius
767 907 876 952 igitur
907 907 980 943 GM
1011 910 1171 954 potentia
1194 912 1263 948 erit
1285 913 1318 948 5.
1362 910 1408 946 In
1430 911 1604 955 quantum
1626 906 1737 952 igitur
1758 903 1822 941 AO

34 960 93 998 vel
114 960 176 998 ΔΡ
200 965 258 998 est
280 965 467 1007 apotome,
503 961 699 1008 respondet
732 959 767 995 ei
787 959 978 997 binominis
1000 961 1086 998 AX:
1118 969 1273 1011 suntque
1301 963 1446 1001 nomina
1478 961 1593 1008 ipsius
1627 957 1826 996 communia

35 1013 639 1061 QrdMPvelMGetAM.

153 1073 259 1118 Quod
280 1077 401 1110 autem
423 1073 486 1109 AP
509 1074 557 1109 sit
579 1076 749 1119 apotome
771 1075 809 1107 et
831 1071 900 1108 AX
922 1071 1123 1118 binominis,
1146 1078 1299 1121 utraque
1323 1076 1474 1120 quartae
1497 1070 1642 1117 speciei,
1666 1070 1720 1106 sic
1742 1079 1825 1116 pro·

37 1126 154 1164 batur.
200 1126 271 1163 Est
293 1126 386 1162 enim
408 1132 600 1172 utrumque
622 1136 753 1162 nomen
776 1123 921 1160 effabile
947 1130 986 1161 et
1008 1126 1083 1162 MX
1104 1131 1142 1163 et
1163 1127 1258 1172 MA3
1295 1130 1382 1163 sunt
1403 1129 1525 1160 tamen
1554 1122 1635 1159 sola
1664 1121 1827 1169 potentia

38 1178 397 1224 mensurabiles,
427 1180 512 1225 quia
530 1179 605 1216 Mx
628 1178 679 1226 (id
702 1181 760 1214 est
780 1177 865 1224 MG)
888 1182 1010 1224 potest
1033 1180 1072 1224 5,
1108 1178 1269 1225 qualium
1292 1179 1364 1214 MA
1387 1181 1508 1223 potest
1530 1177 1564 1211 1.
1613 1175 1664 1211 At
1686 1176 1707 1211 1
1733 1174 1781 1212 ad
1804 1175 1826 1209 5

38 1240 110 1267 non
134 1235 191 1267 est
212 1235 255 1268 ut
275 1241 443 1268 numerus
467 1231 665 1277 quadratus
698 1231 745 1267 ad
768 1231 993 1277 quadratum.
1040 1231 1205 1278 Denique
1241 1230 1444 1267 differentia
1470 1228 1721 1275 potentiarum
1747 1228 1763 1263 1
1790 1230 1828 1262 et

37 1283 59 1318 5
83 1286 140 1318 est
161 1283 202 1327 4,
238 1294 408 1320 numerus
432 1283 639 1329 quadratus,
664 1283 768 1328 cujus
803 1283 900 1319 latus
923 1283 946 1319 2
968 1283 1193 1328 longitudine
1224 1283 1388 1328 effabile,
1422 1280 1573 1327 aequale
1596 1290 1646 1316 sc.
1669 1279 1740 1325 ipsi
1762 1278 1827 1315 GA

38 1335 256 1380 propositae.
302 1335 383 1371 Hae
414 1346 498 1371 vero
517 1341 607 1380 ,sunt
630 1342 739 1372 notae
772 1336 908 1382 speciei
929 1341 1081 1381 quartae
1115 1336 1354 1378 binominum,
1388 1335 1428 1371 in
1450 1332 1720 1371 definitionibus
1743 1336 1826 1368 ante

41 1396 142 1433 prop.
165 1387 222 1427 74,
245 1391 282 1423 et
305 1392 564 1434 apotomarum,
589 1392 671 1424 ante
695 1399 798 1434 prop.
822 1387 879 1424 85.
905 1387 1033 1424 decimi
1055 1388 1227 1425 Euclidis.

153 1439 317 1484 Denique
341 1440 373 1475 si
397 1439 461 1476 GA
484 1439 637 1476 effabilis
661 1445 805 1476 secetur
827 1440 1165 1486 proportionaliter,
1189 1451 1274 1486 pars
1298 1440 1378 1486 ejus
1399 1438 1516 1484 major
1537 1436 1602 1473 OA
1625 1441 1662 1473 et
1685 1446 1826 1482 compo·

39 1494 110 1530 sita
131 1501 178 1527 ex
197 1497 352 1538 utraque
375 1492 450 1537 OA,
472 1493 538 1529 AG
561 1493 695 1529 eadunt
716 1492 754 1527 in
778 1492 927 1537 gradum
951 1493 1122 1529 scientiae
1145 1492 1319 1539 quintum.
1354 1492 1447 1528 Nam
1470 1489 1647 1536 quadrata
1667 1489 1827 1535 ipsarum

36 1546 165 1591 juncta
186 1552 359 1581 summm
382 1545 518 1582 faciunt
542 1545 733 1587 effabilem‚
755 1545 904 1591 triplum
928 1546 1065 1583 scilicet
1085 1547 1202 1592 ipsius
1226 1546 1292 1582 GA
1315 1544 1478 1590 effabilis,
1502 1554 1567 1590 per
1588 1543 1689 1579 XIII.
1707 1547 1731 1578 4
1752 1541 1826 1577 Eu-

42 1597 154 1635 endis.
187 1597 449 1643 Bectangulum
471 1609 555 1635 vero
579 1598 688 1634 etiam
711 1598 854 1634 effabile
878 1599 930 1644 fit,
954 1599 1040 1645 quia
1063 1603 1120 1635 est
1141 1597 1292 1645 aequale
1317 1597 1493 1644 quadrato
1515 1597 1629 1642 ipsius
1653 1595 1719 1631 GA
1742 1592 1827 1630 effa-

41 1649 120 1695 bili,
152 1659 235 1685 eum
255 1649 304 1685 sit
326 1649 391 1685 GA
414 1650 533 1686 media
553 1651 832 1696 proportionalis
855 1652 950 1688 inter
971 1651 1036 1687 ΟΔ
1058 1656 1198 1698 partem
1222 1656 1260 1687 et
1282 1651 1363 1696 OA,
1393 1650 1458 1687 AG
1483 1649 1735 1696 compositam,
1751 1655 1830 1693 per

41 1701 238 1748 praemissa
257 1703 296 1743 ⁶).

156 1761 357 1803 XXVIII.
387 1762 699 1813 Propositio.
757 1765 951 1814 Vicissim,
983 1767 1016 1804 si
1045 1765 1178 1816 aliqua
1207 1764 1373 1804 effabilis
1400 1761 1643 1814 longitudine
1661 1762 1719 1802 sic
1735 1771 1830 1812 pro-

44 1819 310 1872 portionaliter
338 1821 452 1860 fuerit
482 1826 599 1871 secta,
632 1833 723 1872 pars
754 1823 839 1874 eJus
867 1825 992 1863 minor
1020 1823 1064 1863 fit
1092 1828 1274 1875 apotome
1303 1824 1450 1874 primae
1480 1822 1635 1872 speciei.

158 1885 211 1922 Ut
231 1887 263 1922 si
285 1885 438 1922 effabilis
462 1887 511 1922 sit
534 1885 598 1922 GA
619 1891 662 1923 ut
685 1893 808 1933 antea,
845 1894 882 1926 et
912 1889 990 1935 ejus
1015 1894 1136 1926 sectae
1170 1888 1487 1936 proportionaliter
1509 1897 1594 1934 pars
1616 1886 1732 1933 major
1753 1884 1830 1932 AO,

43 1941 159 1977 minor
181 1939 261 1985 OG,
286 1940 354 1975 erit
378 1940 486 1975 etiam
509 1939 573 1975 OG
596 1944 761 1985 apotome
786 1940 898 1985 (ΧΠΙ.
923 1942 955 1978 6.
980 1940 1170 1987 Euclidis).

157 1993 315 2031 Rursum
337 1996 457 2028 autem
480 1991 544 2028 OG
568 1991 698 2029 dicitur
728 1998 894 2038 apotome
923 1992 1149 2038 qualitative.
1185 2004 1258 2029 non
1287 1992 1462 2029 relatione
1492 1991 1539 2028 ad
1564 1990 1629 2027 GA
1653 1988 1830 2026 effabilem

44 2045 274 2093 longitudine,
296 2046 400 2091 cujus
424 2049 480 2081 est
503 2055 588 2090 pars
604 2046 731 2088 minor,
753 2055 821 2081 nec
843 2045 1019 2081 relatione
1039 2045 1086 2082 ad
1110 2046 1183 2082 MG
1198 2045 1255 2081 vel
1270 2046 1352 2092 MP,
1375 2045 1479 2090 cnjus
1502 2045 1582 2090 ipsa
1603 2043 1667 2080 Ao
1690 2042 1746 2079 vel
1768 2041 1830 2078 AP

46 2102 103 2134 est
123 2102 305 2145 apotome,
340 2097 405 2133 sed
428 2097 541 2137 habet
562 2097 625 2133 GO
648 2097 791 2133 nomina
821 2098 1028 2143 peculiaria.
1078 2098 1167 2134 Cum
1191 2097 1284 2133 enim
1314 2107 1379 2143 per
1402 2098 1449 2133 X.
1479 2097 1535 2133 97.
1558 2094 1719 2132 Euclidis
1744 2105 1830 2141 qua·

46 2152 188 2187 dratmn
211 2150 454 2195 cuiuscunque
477 2154 662 2193 apotomes
685 2154 722 2185 et
745 2149 796 2184 sic
820 2150 926 2185 etiam
950 2150 1163 2196 quadratum
1186 2149 1262 2194 ΡΟ,
1288 2155 1475 2186 extensum
1499 2149 1547 2184 ad
1570 2147 1749 2184 effabilem
1773 2148 1832 2193 (ut

46 2204 106 2239 hic
130 2201 177 2238 ad
201 2201 275 2245 GT,
298 2201 368 2246 ipsi
392 2201 457 2237 GA
472 2201 687 2246 aequalem),
712 2201 822 2237 faciat
844 2202 1070 2238 latitudinem
1096 2202 1176 2248 GO,
1201 2203 1338 2248 primae
1362 2202 1495 2248 speciei
1520 2206 1727 2246 apotomen:
1752 2201 1832 2246 ipsa

47 2255 203 2291 vicissim
226 2252 289 2289 AO
314 2259 390 2288 erat
414 2259 580 2299 apotome
604 2254 737 2299 speciei
761 2260 919 2299 quartae.
966 2255 1067 2291 Illius
1091 2256 1200 2299 igitur
1224 2255 1286 2291 GO
1310 2265 1441 2290 nomen
1470 2254 1586 2298 majus
1610 2256 1667 2288 est
1690 2251 1833 2288 effabile

46 2306 285 2353 longitudine,
307 2306 415 2352 hujus
438 2305 503 2341 Ao
526 2307 641 2352 majus
665 2317 795 2341 nomen
817 2307 886 2342 MP
910 2312 988 2343 erat
1012 2307 1091 2342 sola
1114 2307 1278 2352 potentia
1301 2306 1453 2350 effabile.
1485 2306 1535 2341 Et
1558 2304 1724 2350 vicissim,
1749 2303 1832 2349 quia

12 2396 14 2398 ,
47 2362 192 2398 nomina
214 2363 300 2395 sunt
320 2359 398 2395 sola
420 2358 580 2404 potentia
595 2359 937 2406 commensurabilia,
964 2365 1106 2405 oportet
1119 2361 1237 2395 minus
1261 2369 1391 2395 nomen
1415 2368 1480 2394 seu
1503 2357 1831 2404 prosharmozusan

48 2413 163 2459 ipsius
188 2411 251 2447 GO
277 2421 357 2446 esse
379 2410 456 2446 sola
478 2412 640 2456 potentia
662 2410 858 2449 effabilem:
884 2424 965 2448 cum
987 2412 1101 2457 ipsius
1124 2412 1188 2448 AO
1211 2422 1340 2447 nomen
1362 2411 1480 2446 minus
1503 2410 1576 2446 AM
1599 2414 1696 2446 esset
1719 2409 1832 2456 longi-

49 2464 173 2500 tudine
196 2462 356 2501 effabile·
392 2463 536 2514 utrique
558 2468 678 2498 tamen
700 2462 771 2497 hoc
793 2469 926 2506 manet,
956 2465 1052 2510 quod
1077 2464 1277 2507 differentia
1309 2463 1563 2509 quadratorum
1587 2473 1610 2498 a
1632 2461 1833 2498 nominihus

16 2548 28 2565 Ι
52 2517 308 2560 descriptorum
333 2514 379 2549 sit
402 2507 613 2559 quadratum
636 2514 787 2559 alicujus
812 2516 963 2553 effabilis
986 2516 1220 2575 longitudine.

11 2612 15 2614 J
75 2609 77 2611 v
166 2567 266 2612 Quae
290 2574 409 2601 autem
425 2566 498 2601 sint
511 2565 619 2612 hujus
637 2567 709 2614 GO,
733 2570 867 2615 primae
891 2572 1087 2614 apotomes,
1110 2568 1264 2613 nomina,
1289 2567 1450 2612 relinquo
1474 2566 1555 2603 aliis
1578 2566 1832 2612 quaerendum.

48 2621 354 2657 Prosharmozusa
377 2617 520 2663 quidem
541 2619 612 2664 ipsi
627 2620 690 2656 GO
712 2627 753 2658 ut
775 2626 964 2666 apotomae
988 2620 1123 2666 primae
1148 2626 1205 2657 est
1221 2621 1327 2656 unica
1343 2621 1421 2655 sola
1443 2630 1510 2665 per
1524 2620 1570 2655 X.
1588 2620 1644 2656 79.
1659 2616 1833 2653 Euclidis.

54 2671 154 2717 Quae
177 2671 284 2707 debet
307 2681 386 2707 esse
409 2670 511 2715 talis,
541 2675 582 2706 ut
613 2673 691 2718 eJus
722 2674 935 2719 quadratum
959 2673 1007 2709 sit
1037 2671 1190 2718 effabile,
1215 2685 1289 2709 non
1316 2678 1438 2709 tamen
1461 2682 1611 2708 numero
1646 2669 1833 2716 quadrato,

1 2740 10 2767 e.
53 2723 134 2770 ipsa
155 2735 239 2760 vero
264 2735 343 2760 cum
368 2723 430 2759 GO
454 2722 561 2759 debet
582 2723 700 2760 facere
722 2724 854 2761 lineam
877 2732 984 2761 unam
1009 2724 1187 2761 effabilem
1210 2723 1456 2769 longitudine,
1490 2728 1527 2758 et
1550 2734 1615 2768 per
1638 2723 1682 2758 X.
1709 2722 1770 2762 30,
1803 2721 1835 2756 si

49 2787 101 2813 ex
122 2777 191 2812 hac
213 2788 285 2812 una
307 2781 384 2812 tota
407 2777 469 2812 fiet
494 2775 665 2812 diameter
698 2777 836 2820 circuli,
871 2776 974 2813 verbi
1002 2771 1232 2820 causa'PXs
1252 2781 1288 2811 et
1311 2776 1342 2811 si
1372 2775 1687 2820 prosharmozum,
1723 2772 1833 2819 paulo

0 2828 19 2874 [j
53 2823 197 2884 longior
219 2839 324 2874 quam
346 2830 410 2865 PA
444 2828 631 2874 (siquidem
664 2832 742 2864 tota
764 2833 861 2866 esset
885 2827 1043 2873 aequalis
1066 2828 1136 2873 ipsi
1158 2829 1240 2873 PX)
1271 2828 1315 2863 ab
1340 2838 1411 2862 uno
1435 2827 1586 2862 termino
1612 2825 1776 2862 diametri
1798 2825 1833 2861 X

8 2891 22 2933 j]
57 2876 258 2928 'applicetur
281 2880 586 2916 circumferentiae
609 2880 692 2915 XG:
728 2885 816 2917 tunc
838 2891 931 2932 quae
954 2881 1057 2926 signa
1080 2881 1122 2926 G,
1155 2881 1184 2917 P
1209 2880 1406 2948 connectit,
1443 2878 1550 2914 debet
1573 2888 1654 2915 esse
1675 2878 1748 2923 ipsi
1767 2877 1833 2914 Px

16 2969 19 2971 ,
57 2934 124 2970 toti
146 2933 472 2969 commensurabilis
496 2932 726 2977 longitudine.

172 2987 336 3035 XXIX.
367 2988 669 3038 PropositiO.
728 2986 891 3036 Quando
921 2999 1014 3027 vero
1043 2993 1152 3027 secta
1189 2988 1302 3027 fuerit
1331 2984 1669 3036 proportionaliter
1703 2984 1833 3035 aliqua

59 3047 198 3095 mizon,
230 3045 340 3095 cujus
370 3045 598 3096 quadratum
627 3045 678 3082 sit
707 3045 871 3094 aequale
899 3045 1124 3096 rectangulo
1154 3046 1228 3084 sub
1256 3042 1510 3093 longitudine,
1542 3043 1757 3094 composita
1785 3054 1832 3082 ex

11 3123 13 3128 ν
41 3110 48 3117 ·'
61 3105 257 3155 proposita
286 3102 430 3143 effabili
467 3108 505 3142 et
532 3106 690 3153 potente
727 3102 812 3152 ejus
841 3104 1010 3153 quinque
1057 3108 1215 3153 quartas
1254 3106 1293 3141 et
1328 3101 1401 3140 sub
1430 3099 1635 3140 latitudine
1663 3101 1832 3152 quinque
