1994 3276
119 146 199 186 146
720 188 722 191 r
753 175 756 178 .
827 143 881 179 De
905 142 1201 188 Proportionibus

114 262 286 305 fontibus
317 263 410 300 erui.
438 295 441 298 .
471 260 599 311 Legat
629 262 803 300 curiosus
833 261 970 309 lector,
1011 274 1110 312 quae
1142 262 1188 301 de
1219 262 1279 300 his
1310 261 1549 300 sectionibus
1580 266 1671 300 ante
1702 270 1825 304 annos
1857 261 1909 298 22

114 322 249 371 scripsi
279 321 318 358 in
348 319 536 370 Mysterio
569 314 895 370 Cosmographico
940 321 1065 370 capite
1094 319 1192 359 XII.
1224 325 1263 365 et
1291 318 1516 369 perpendat,
1548 318 1744 370 quomodo
1774 318 1911 367 fuerim

113 377 180 418 illo
212 378 297 417 loco
330 377 590 416 hallucinatus
619 389 734 428 super
765 379 891 416 causis
922 379 1137 416 sectionum
1168 384 1206 416 et
1235 378 1550 427 harmoniarum,
1569 388 1773 428 perperam
1801 376 1912 415 nisus

119 448 252 476 earum
283 447 482 474 numerum
513 441 549 474 et
579 438 748 474 rationes
779 435 969 476 deducere
1001 448 1048 475 ex
1077 431 1236 478 numero
1258 438 1428 486 quinque
1456 447 1657 487 corporum
1678 434 1911 485 regularium

119 494 350 543 solidorum3
383 506 470 533 cum
500 506 636 533 verum
666 497 717 532 sit
747 494 821 533 hoc
851 496 994 546 potius,
1026 500 1105 534 tam
1126 497 1296 545 quinque
1316 494 1462 544 figuras
1480 493 1640 542 solidas,
1672 504 1791 544 quam
1820 492 1911 531 har-

117 555 267 592 monias
298 554 466 591 musicas
508 558 546 590 et
582 552 748 603 chordae
780 555 971 591 sectiones
1009 564 1251 591 communem
1291 553 1434 592 habere
1468 554 1654 602 originem
1693 564 1740 590 ex
1777 550 1911 604 figuris

114 612 355 661 regularibus
385 611 525 661 planis.
585 611 634 648 Et
666 611 883 650 Ptolemaei
914 610 1069 661 quidem
1109 614 1257 650 musica
1296 623 1383 650 cum
1419 607 1661 661 expositione
1692 609 1910 660 Porphyrii,

115 681 280 719 quorum
322 670 409 709 loco
449 669 619 717 allegato
662 672 896 708 mentionem
933 670 1027 715 feci,
1071 670 1259 708 hactenus
1289 671 1553 720 manuscripta
1581 677 1719 708 nactus
1747 679 1835 719 sum
1866 679 1913 706 ex

59 774 63 782 Ι
113 728 345 767 liberalitate
385 727 451 766 Jo.
496 726 655 777 Georgii
698 727 901 766 Herwardi
944 728 1173 782 Cancellarii
1205 729 1386 766 Bavarici
1412 731 1445 774 (v
1469 741 1495 765 s.
1511 741 1543 773 p.
1559 730 1617 775 6.),
1662 739 1710 766 cx
1749 737 1911 776 quorum

116 785 216 825 libro
248 787 362 824 tertio
392 791 542 836 partem
572 787 762 835 potiorem
794 788 831 823 in
864 786 1119 836 appendicem
1150 786 1199 824 ad
1231 787 1349 825 libros
1381 785 1450 823 IV.
1484 791 1522 824 et
1553 785 1600 823 V.
1636 785 1764 834 hujus'
1784 785 1911 834 operis

114 845 318 894 transtuli;
359 856 496 882 causas
530 855 620 882 vero
664 843 950 882 harmoniarum
981 846 1172 893 genuinas
1198 846 1248 881 ‘in
1281 846 1328 883 iis
1365 855 1443 882 non
1482 845 1610 882 inveni
1656 843 1832 892 adeoque
1863 853 1910 879 ne

116 905 332 942 sectionum
364 902 518 952 quidem
546 895 686 940 harum
718 904 943 952 numerique
975 915 1106 940 carum
1137 904 1344 952 septenarii
1377 902 1460 940 nlla
1489 901 1532 939 fit
1561 903 1720 941 mentio.

228 961 313 999 Etsi
344 972 435 999 vero
467 965 615 999 mature
646 962 741 999 satis
773 960 1048 1008 animadverti,
1085 973 1222 999 causas
1254 974 1278 1000 a
1306 961 1439 1010 figuris
1470 959 1598 1010 planis
1627 958 1834 1009 petendas,
1866 964 1908 995 ut

115 1019 223 1069 quus
253 1020 309 1057 rei
339 1020 488 1058 semina
512 1019 596 1068 Jam
626 1020 663 1056 in
696 1019 867 1069 allegato
899 1021 1024 1069 eapite
1055 1018 1151 1057 XII.
1182 1019 1359 1069 Mysterii
1397 1030 1534 1068 sparsa
1563 1017 1695 1066 vides,
1737 1022 1910 1056 attamen

114 1078 180 1116 din
218 1076 428 1115 admodum
465 1089 526 1115 me
565 1082 778 1125 torserunt,
821 1079 1047 1127 priusquam
1088 1078 1266 1116 omnibus
1306 1078 1423 1115 animi
1462 1077 1539 1115 mei
1568 1075 1763 1126 scrupulis.
1790 1076 1910 1113 satis-

117 1135 236 1174 fieret.
296 1135 468 1173 Primum
500 1136 601 1174 enim
632 1135 779 1186 figurae
801 1135 1122 1174 demonstrabiles
1154 1148 1177 1174 a
1207 1147 1284 1174 non
1315 1134 1680 1174 demonstrabilibus
1709 1138 1818 1173 erant
1847 1144 1911 1171 se-

117 1194 326 1244 parandae,
358 1198 496 1243 postea
528 1205 647 1232 causa
676 1194 935 1243 invenienda,
967 1206 1052 1242 cur,
1083 1206 1169 1233 cum
1201 1196 1392 1233 sectiones
1422 1194 1498 1233 hae
1529 1198 1658 1232 essent
1688 1204 1736 1231 ex
1764 1191 1910 1242 figuris,

115 1253 305 1291 sectiones
337 1252 493 1301 quidem
523 1254 623 1290 intra
652 1254 910 1302 septenarium
942 1254 1216 1301 consisterent,
1259 1252 1404 1302 figurae
1435 1253 1474 1289 in
1505 1251 1697 1290 infinitum
1728 1260 1910 1290 excurre-

115 1315 209 1349 rent.
271 1310 402 1349 Tertio
435 1310 638 1349 discrimen
670 1313 770 1350 inter
790 1310 1224 1360 pentekaedecagonum
1250 1316 1289 1350 et
1311 1309 1632 1350 demonstrabiles
1653 1313 1801 1351 ceteras
1832 1312 1915 1346 erat

114 1367 374 1414 statuendum,
407 1370 499 1417 quia
531 1369 624 1417 vidi,
656 1368 820 1418 figuram
850 1369 957 1407 illam
990 1368 1187 1408 exclusam
1219 1380 1304 1408 esse
1334 1369 1384 1407 ab
1416 1369 1703 1407 harmoniarum
1730 1377 1915 1417 procrea-⁷
1953 1405 1958 1409 ,
1984 1365 1985 1368 ’

114 1428 231 1473 tione,
272 1431 370 1466 teste
409 1426 558 1465 auditu.
618 1427 667 1465 Et
707 1428 906 1466 habebant
947 1427 1102 1477 singula
1140 1428 1271 1477 capita
1310 1439 1402 1466 suas
1433 1428 1632 1466 cautiones
1664 1426 1909 1472 concisiores,

115 1496 277 1534 quarum
307 1496 385 1522 una
415 1485 614 1534 quaelibet
643 1497 705 1523 me
736 1485 801 1524 diu
833 1487 958 1524 tenuit
989 1491 1232 1535 occupatum.
1294 1485 1482 1535 Exemplo
1517 1486 1569 1524 sit
1586 1495 1696 1535 prop.
1721 1483 1764 1532 5,
1796 1493 1915 1533 quam

117 1543 253 1581 ultimo
286 1544 476 1592 omnium,
521 1555 609 1582 cum
634 1543 717 1593 jam
749 1543 1005 1583 describerem
1036 1555 1152 1593 opus,
1197 1543 1277 1582 vidi
1309 1543 1548 1595 addendam,
1589 1541 1694 1593 quod
1724 1541 1914 1580 hactenus

113 1602 395 1650 ignoraveram.
455 1602 541 1640 Nisi
581 1602 684 1640 enim
716 1606 754 1640 et
790 1602 858 1640 illa
887 1603 986 1640 inter
1025 1603 1216 1652 principia
1247 1606 1370 1650 esset,
1416 1606 1454 1641 et
1483 1603 1517 1640 si
1548 1601 1658 1640 verbi
1687 1610 1806 1639 causa
1838 1596 1913 1654 720

115 1665 321 1709 propterea
359 1666 488 1698 essent
528 1664 644 1709 aptae
684 1659 734 1698 ad
763 1660 1012 1699 statuendam
1051 1660 1311 1709 harmoniam,
1354 1661 1446 1710 quia
1477 1663 1566 1698 sunt
1595 1670 1664 1710 per
1692 1655 1770 1712 ²720
1800 1653 1911 1711 (cum

118 1719 259 1767 quibus
280 1718 575 1756 *semicirculum
597 1716 774 1772 faciunt)
804 1718 1149 1767 demonstrabiles,
1190 1723 1281 1758 tunc
1320 1722 1358 1757 et
1391 1715 1458 1772 ’βω
1490 1722 1528 1757 et
1558 1715 1610 1772 '‘’l7
1642 1727 1766 1766 eoque
1796 1720 1835 1754 et
1865 1713 1914 1768 ²l7

116 1781 155 1814 et
192 1773 239 1830 ¹s7
271 1775 492 1815 harmonias
523 1777 648 1815 facere
679 1778 1011 1824 convincerentur,
1032 1776 1150 1827 *qnod
1171 1777 1351 1815 omnibus
1372 1776 1498 1815 modis
1517 1775 1724 1827 repudiant
1744 1778 1783 1813 et
1801 1782 1915 1812 aures

117 1838 156 1872 et
186 1835 385 1873 axiomata
414 1840 558 1873 nostra.

231 1891 356 1942 Igitur
385 1892 449 1930 vel
480 1893 565 1931 solo
596 1892 766 1943 allegato
798 1893 885 1931 libri
916 1893 1187 1944 meiMysterii
1218 1892 1537 1944 cosmographici
1568 1889 1789 1931 testimonio
1819 1890 1914 1928 satis

122 1955 180 1988 est
208 1952 379 1988 munitus
411 1950 569 1989 auditus
600 1957 735 1989 contra
766 1951 1027 2001 sophistarum
1059 1952 1372 1999 obtrectationes,
1403 1951 1519 1989 fidem
1539 1950 1699 2000 auribus
1730 1948 1915 1998 derogare

120 2019 282 2046 ausuros
315 2010 417 2047 circa
447 2009 658 2047 divisiones
688 2008 787 2047 adeo
819 2011 987 2048 minutas
1019 2014 1058 2048 et
1087 2009 1406 2059 dijudicationem
1427 2007 1788 2047 concordantiarum
1817 2005 1914 2045 sub-

120 2066 360 2115 tilissimam3
392 2068 535 2117 quippe
567 2078 654 2105 cum
684 2067 816 2106 videat
845 2067 985 2115 lector,
1017 2079 1078 2106 me
1108 2067 1224 2106 fidem
1255 2069 1405 2105 aurium
1436 2067 1504 2105 illo
1534 2070 1708 2116 tempore
1738 2070 1912 2104 secutum

120 2136 206 2163 esse
238 2126 276 2161 in
309 2124 579 2164 constituendo
610 2127 824 2163 sectionum
856 2137 1025 2174 numero,
1060 2137 1147 2163 cum
1177 2125 1305 2163 adhuc
1335 2125 1382 2163 de
1413 2125 1540 2163 causis
1571 2123 1810 2170 laborarem,
1840 2133 1912 2161 nec

117 2182 219 2221 idem
249 2183 312 2221 hic
342 2182 497 2231 secisse,
537 2183 641 2232 qnod
673 2183 795 2221 secere
837 2189 1011 2234 veteres,
1053 2185 1119 2232 qui
1157 2185 1305 2222 aurium
1329 2177 1487 2234 'judicio
1525 2182 1720 2232 progressi
1758 2180 1912 2230 aliqua-

116 2245 239 2288 tenus,
270 2251 361 2279 mox
391 2243 593 2280 contemtis
625 2241 787 2279 ducibus
817 2241 1007 2291 reliquum
1039 2243 1197 2290 itineris,
1228 2242 1416 2280 rationem
1438 2251 1636 2280 erroneam
1654 2240 1791 2287 secuti,
1821 2249 1911 2289 per·
1943 2280 1946 2283 ,

117 2299 289 2338 fecerunt
319 2300 478 2338 auribus
509 2301 548 2336 vi
581 2301 692 2349 quasi
722 2301 923 2349 pertractis
964 2304 1002 2338 et
1030 2299 1146 2349 plane
1190 2299 1465 2338 obsurdescere
1501 2299 1635 2349 jussis.
1688 2297 1755 2336 ‘Ex
1784 2297 1911 2336 abun-

118 2356 225 2395 danti
255 2368 347 2396 vero
379 2358 477 2396 infra
508 2369 592 2407 cap.
630 2359 666 2396 8.
700 2357 815 2407 hujus
847 2357 933 2396 libri
966 2369 1121 2407 operam
1153 2356 1260 2405 dedi,
1295 2363 1336 2396 ut
1367 2357 1527 2396 cuilibet
1557 2362 1659 2396 esset
1688 2358 1726 2394 in
1757 2360 1909 2406 promtu

116 2415 281 2454 facultas
311 2421 449 2465 suopte
482 2416 606 2454 Marte
630 2416 863 2455 'consulendi
895 2416 1069 2454 anditum
1108 2427 1224 2466 super
1252 2415 1313 2454 his
1352 2416 1517 2466 aliisque
1548 2414 1714 2454 chordae
1744 2414 1910 2452 divisio-

105 2474 231 2527 nibus
262 2484 471 2523 earumque
500 2475 763 2512 testimonium
794 2474 1073 2523 pensiculandi‚
1107 2480 1148 2512 ut
1179 2480 1304 2513 certus
1336 2476 1397 2522 sit,
1430 2486 1487 2521 ea,
1521 2473 1569 2512 de
1597 2483 1761 2524 quorum
1781 2473 1910 2511 causis

117 2531 350 2579 laboramus,
383 2544 566 2570 sensuum
597 2534 836 2582 experientia
867 2533 1079 2571 certissima
1108 2533 1198 2579 niti,
1229 2544 1302 2571 nec
1332 2538 1469 2582 sponte
1500 2544 1587 2570 mea
1618 2529 1751 2585 (cnjus
1781 2530 1910 2569 crimi-

116 2590 176 2628 nis
208 2589 472 2641 Pythagoraei
505 2591 544 2627 in
575 2597 685 2640 parte
717 2591 770 2628 rei
800 2587 911 2643 sunt)
944 2602 1029 2629 esse
1062 2590 1225 2629 conficta
1253 2601 1402 2641 proque
1432 2592 1535 2629 veris
1567 2590 1737 2629 obtrusa.

872 2744 1059 2791 CAPUT
1095 2744 1162 2790 111.

168 2841 230 2877 De
254 2841 585 2878 medietatibus
610 2838 887 2876 harmonicis
919 2843 960 2874 et
985 2838 1197 2875 trinitate
1227 2839 1601 2876 concordantium
1635 2849 1861 2876 sonorum.

1970 1991 1994 2581 :¹³4222425Qffimm.ffl÷m2...1·a;..<m.=ffl....
1988 1903 1994 1912 κ
1988 1818 1994 1892 mm.
1986 1792 1994 1803 -
1987 1737 1994 1770 .-.-
1991 1713 1994 1727 ..
1992 1683 1994 1702 ..
1990 1631 1994 1645 ψ

1989 1772 1994 1791 ,ἵ

553 2924 558 2928 ’
612 2937 724 2976 Vana
754 2941 812 2976 est
843 2935 1015 2974 definitio
1043 2937 1301 2985 proportionis
1324 2935 1582 2982 harmonicae,
1615 2934 1730 2985 quod?
1745 2937 1798 2973 sit
1826 2933 1905 2983 illa,
1952 2945 1975 2985 j

115 2997 463 3075 Ξ-ΞΞῑ-Ξθ
495 2997 563 3034 ubi
595 2997 717 3034 tribus
745 2995 914 3033 numeris
946 2992 1080 3031 ordine
1110 2994 1275 3032 naturali
1304 2994 1453 3042 locatis,
1485 2994 1661 3032 binorum
1693 2994 1906 3036 vicinorum

116 3034 464 3116 -Ξ-Θὲξ
496 3065 677 3092 excessus
698 3057 787 3092 sunt
806 3054 843 3090 in
864 3052 1111 3102 proportione
1133 3058 1399 3101 extremorum,
1425 3057 1468 3090 ut
1487 3052 1526 3088 in
1545 3052 1712 3090 numeris
1735 3051 1773 3098 3,
1795 3052 1834 3099 4,
1868 3052 1904 3098 (3,
1961 3074 1967 3085 e

497 3113 687 3152 maximus
719 3112 744 3150 6
780 3115 839 3150 est
877 3109 1016 3159 duplus
1047 3111 1195 3148 minimi
1223 3112 1247 3149 3
1280 3115 1318 3148 et
1348 3112 1404 3149 sic
1429 3111 1545 3149 etiam
1567 3109 1780 3148 differentia
1808 3109 1908 3147 inter
