<?xml version="1.0" encoding="UTF-8"?>
<!DOCTYPE html PUBLIC "-//W3C//DTD XHTML 1.0 Transitional//EN"
    "http://www.w3.org/TR/xhtml1/DTD/xhtml1-transitional.dtd">
<html xmlns="http://www.w3.org/1999/xhtml" xml:lang="en" lang="en">
 <head>
  <title>
</title>
<meta http-equiv="Content-Type" content="text/html;charset=utf-8" />
  <meta name='ocr-system' content='tesseract 3.04.00' />
  <meta name='ocr-capabilities' content='ocr_page ocr_carea ocr_par ocr_line ocrx_word'/>
</head>
<body>
  <div class='ocr_page' id='page_1' title='image "./operaomniaedidit05kepluoft_0390.png"; bbox 0 0 1994 3276; ppageno 0'>
   <div class='ocr_carea' id='block_1_1' title="bbox 107 40 1214 87">
    <p class='ocr_par' dir='ltr' id='par_1_1' title="bbox 107 40 1214 87">
     <span class='ocr_line' id='line_1_1' title="bbox 107 40 1214 87; baseline -0.005 0"><span class='ocrx_word' id='word_1_1' title='bbox 107 47 188 87; x_wconf 81' lang='lat'>372</span> <span class='ocrx_word' id='word_1_2' title='bbox 788 40 984 81; x_wconf 77' lang='lat' dir='ltr'><strong>Ptolemaei</strong></span> <span class='ocrx_word' id='word_1_3' title='bbox 1007 42 1214 82; x_wconf 78' lang='lat' dir='ltr'><strong>Harmonia.</strong></span> 
     </span>
    </p>
   </div>
   <div class='ocr_carea' id='block_1_2' title="bbox 101 163 1901 2204">
    <p class='ocr_par' dir='ltr' id='par_1_2' title="bbox 104 163 1900 508">
     <span class='ocr_line' id='line_1_2' title="bbox 107 163 1900 217; baseline 0.001 -13"><span class='ocrx_word' id='word_1_4' title='bbox 107 165 222 204; x_wconf 83' lang='lat' dir='ltr'>AHD</span> <span class='ocrx_word' id='word_1_5' title='bbox 260 163 310 203; x_wconf 87' lang='lat' dir='ltr'>ad</span> <span class='ocrx_word' id='word_1_6' title='bbox 341 166 366 202; x_wconf 79' lang='lat'><strong>3</strong></span> <span class='ocrx_word' id='word_1_7' title='bbox 408 165 446 203; x_wconf 90' lang='lat' dir='ltr'>in</span> <span class='ocrx_word' id='word_1_8' title='bbox 486 164 572 202; x_wconf 85' lang='grc' dir='ltr'><strong>ΑΙ).</strong></span> <span class='ocrx_word' id='word_1_9' title='bbox 636 164 814 215; x_wconf 85' lang='lat' dir='ltr'>Denique</span> <span class='ocrx_word' id='word_1_10' title='bbox 853 164 1110 217; x_wconf 79' lang='lat' dir='ltr'><strong>quadruplam</strong></span> <span class='ocrx_word' id='word_1_11' title='bbox 1153 167 1464 216; x_wconf 77' lang='lat' dir='ltr'>proportionem,</span> <span class='ocrx_word' id='word_1_12' title='bbox 1509 178 1610 216; x_wconf 89' lang='lat' dir='ltr'>quae</span> <span class='ocrx_word' id='word_1_13' title='bbox 1653 173 1713 207; x_wconf 87' lang='lat' dir='ltr'>est</span> <span class='ocrx_word' id='word_1_14' title='bbox 1756 168 1900 211; x_wconf 88' lang='lat' dir='ltr'>identi-</span> 
     </span>
     <span class='ocr_line' id='line_1_3' title="bbox 106 221 1898 274; baseline 0.002 -12"><span class='ocrx_word' id='word_1_15' title='bbox 106 224 286 263; x_wconf 89' lang='lat' dir='ltr'>sonantia</span> <span class='ocrx_word' id='word_1_16' title='bbox 322 221 595 274; x_wconf 74' lang='lat' dir='ltr'>disdiapason,</span> <span class='ocrx_word' id='word_1_17' title='bbox 635 222 755 262; x_wconf 89' lang='lat' dir='ltr'>semel</span> <span class='ocrx_word' id='word_1_18' title='bbox 788 224 1003 271; x_wconf 89' lang='lat' dir='ltr'>continent,</span> <span class='ocrx_word' id='word_1_19' title='bbox 1047 235 1099 262; x_wconf 87' lang='lat' dir='ltr'>se.</span> <span class='ocrx_word' id='word_1_20' title='bbox 1138 225 1187 261; x_wconf 83' lang='grc'>12</span> <span class='ocrx_word' id='word_1_21' title='bbox 1230 225 1267 261; x_wconf 83' lang='grc' dir='ltr'>ἱη</span> <span class='ocrx_word' id='word_1_22' title='bbox 1305 229 1389 263; x_wconf 87' lang='lat' dir='ltr'>toto</span> <span class='ocrx_word' id='word_1_23' title='bbox 1420 224 1562 263; x_wconf 87' lang='lat' dir='ltr'>circulo</span> <span class='ocrx_word' id='word_1_24' title='bbox 1593 225 1642 264; x_wconf 86' lang='lat' dir='ltr'>ad</span> <span class='ocrx_word' id='word_1_25' title='bbox 1675 227 1699 264; x_wconf 84' lang='lat'><strong>3</strong></span> <span class='ocrx_word' id='word_1_26' title='bbox 1739 228 1777 264; x_wconf 89' lang='lat' dir='ltr'>in</span> <span class='ocrx_word' id='word_1_27' title='bbox 1808 239 1898 266; x_wconf 88' lang='lat' dir='ltr'>arcu</span> 
     </span>
     <span class='ocr_line' id='line_1_4' title="bbox 106 282 1899 336; baseline 0.002 -16"><span class='ocrx_word' id='word_1_28' title='bbox 106 282 205 331; x_wconf 83' lang='lat' dir='ltr'>AD3</span> <span class='ocrx_word' id='word_1_29' title='bbox 237 283 294 320; x_wconf 89' lang='lat' dir='ltr'>sic</span> <span class='ocrx_word' id='word_1_30' title='bbox 325 287 364 319; x_wconf 90' lang='lat' dir='ltr'>et</span> <span class='ocrx_word' id='word_1_31' title='bbox 393 282 681 330; x_wconf 83' lang='lat' dir='ltr'>proportionem</span> <span class='ocrx_word' id='word_1_32' title='bbox 715 282 738 318; x_wconf 90' lang='grc'>8</span> <span class='ocrx_word' id='word_1_33' title='bbox 761 293 770 318; x_wconf 92' lang='lat'>:</span> <span class='ocrx_word' id='word_1_34' title='bbox 794 282 839 329; x_wconf 86' lang='lat'>3,</span> <span class='ocrx_word' id='word_1_35' title='bbox 879 293 980 332; x_wconf 89' lang='lat' dir='ltr'>quae</span> <span class='ocrx_word' id='word_1_36' title='bbox 1011 287 1071 321; x_wconf 90' lang='lat' dir='ltr'>est</span> <span class='ocrx_word' id='word_1_37' title='bbox 1108 284 1388 322; x_wconf 80' lang='lat' dir='ltr'>consonantiae</span> <span class='ocrx_word' id='word_1_38' title='bbox 1428 282 1899 336; x_wconf 84' lang='lat' dir='ltr'>diatessaron-epidiapa-</span> 
     </span>
     <span class='ocr_line' id='line_1_5' title="bbox 104 338 1900 393; baseline 0.002 -14"><span class='ocrx_word' id='word_1_39' title='bbox 104 352 189 389; x_wconf 89' lang='lat' dir='ltr'>son,</span> <span class='ocrx_word' id='word_1_40' title='bbox 221 341 340 379; x_wconf 90' lang='lat' dir='ltr'>etiam</span> <span class='ocrx_word' id='word_1_41' title='bbox 370 338 587 388; x_wconf 86' lang='lat' dir='ltr'>semel‚.sc.</span> <span class='ocrx_word' id='word_1_42' title='bbox 621 340 644 377; x_wconf 90' lang='lat'>8</span> <span class='ocrx_word' id='word_1_43' title='bbox 677 341 714 377; x_wconf 88' lang='lat' dir='ltr'>in</span> <span class='ocrx_word' id='word_1_44' title='bbox 736 350 827 378; x_wconf 88' lang='lat' dir='ltr'>arcu</span> <span class='ocrx_word' id='word_1_45' title='bbox 849 339 958 378; x_wconf 82' lang='grc' dir='ltr'>ΑΗΕ</span> <span class='ocrx_word' id='word_1_46' title='bbox 989 338 1038 378; x_wconf 91' lang='lat' dir='ltr'>ad</span> <span class='ocrx_word' id='word_1_47' title='bbox 1070 342 1142 379; x_wconf 86' lang='lat' dir='ltr'>tria</span> <span class='ocrx_word' id='word_1_48' title='bbox 1163 341 1200 377; x_wconf 88' lang='lat' dir='ltr'>in</span> <span class='ocrx_word' id='word_1_49' title='bbox 1216 340 1304 381; x_wconf 88' lang='lat' dir='ltr'>AD.</span> <span class='ocrx_word' id='word_1_50' title='bbox 1365 339 1690 392; x_wconf 88' lang='lat' dir='ltr'>Sesquioctavam</span> <span class='ocrx_word' id='word_1_51' title='bbox 1722 341 1900 393; x_wconf 87' lang='lat' dir='ltr'>denique,</span> 
     </span>
     <span class='ocr_line' id='line_1_6' title="bbox 106 397 1898 452; baseline 0.001 -14"><span class='ocrx_word' id='word_1_52' title='bbox 106 410 206 450; x_wconf 88' lang='lat' dir='ltr'>quae</span> <span class='ocrx_word' id='word_1_53' title='bbox 237 404 295 437; x_wconf 85' lang='lat' dir='ltr'>est</span> <span class='ocrx_word' id='word_1_54' title='bbox 327 398 429 446; x_wconf 91' lang='lat' dir='ltr'>toni,</span> <span class='ocrx_word' id='word_1_55' title='bbox 461 408 613 435; x_wconf 90' lang='lat' dir='ltr'>rursum</span> <span class='ocrx_word' id='word_1_56' title='bbox 642 397 787 449; x_wconf 88' lang='lat' dir='ltr'>semel,</span> <span class='ocrx_word' id='word_1_57' title='bbox 819 409 873 437; x_wconf 92' lang='lat' dir='ltr'>sc.</span> <span class='ocrx_word' id='word_1_58' title='bbox 907 399 929 437; x_wconf 88' lang='grc'><strong>9</strong></span> <span class='ocrx_word' id='word_1_59' title='bbox 963 399 1000 436; x_wconf 91' lang='lat' dir='ltr'>in</span> <span class='ocrx_word' id='word_1_60' title='bbox 1033 408 1127 437; x_wconf 86' lang='lat' dir='ltr'>arcu</span> <span class='ocrx_word' id='word_1_61' title='bbox 1159 397 1274 436; x_wconf 89' lang='lat' dir='ltr'>AHD</span> <span class='ocrx_word' id='word_1_62' title='bbox 1306 399 1355 438; x_wconf 87' lang='lat' dir='ltr'>ad</span> <span class='ocrx_word' id='word_1_63' title='bbox 1389 399 1413 437; x_wconf 90' lang='lat'>8</span> <span class='ocrx_word' id='word_1_64' title='bbox 1446 401 1484 437; x_wconf 87' lang='lat' dir='ltr'>in</span> <span class='ocrx_word' id='word_1_65' title='bbox 1517 398 1652 452; x_wconf 81' lang='grc' dir='ltr'>ΑΗΕ,</span> <span class='ocrx_word' id='word_1_66' title='bbox 1695 406 1735 438; x_wconf 89' lang='lat' dir='ltr'>ut</span> <span class='ocrx_word' id='word_1_67' title='bbox 1768 400 1898 440; x_wconf 88' lang='lat' dir='ltr'>videre</span> 
     </span>
     <span class='ocr_line' id='line_1_7' title="bbox 108 455 1638 508; baseline 0 -11"><span class='ocrx_word' id='word_1_68' title='bbox 108 463 168 497; x_wconf 84' lang='lat' dir='ltr'>est</span> <span class='ocrx_word' id='word_1_69' title='bbox 198 468 246 495; x_wconf 83' lang='lat' dir='ltr'>ex</span> <span class='ocrx_word' id='word_1_70' title='bbox 277 455 502 495; x_wconf 85' lang='lat' dir='ltr'>differentiis</span> <span class='ocrx_word' id='word_1_71' title='bbox 534 467 792 504; x_wconf 89' lang='lat' dir='ltr'>numerorum,</span> <span class='ocrx_word' id='word_1_72' title='bbox 824 457 889 506; x_wconf 91' lang='lat' dir='ltr'>qui</span> <span class='ocrx_word' id='word_1_73' title='bbox 922 456 972 494; x_wconf 85' lang='lat' dir='ltr'>ad</span> <span class='ocrx_word' id='word_1_74' title='bbox 1004 456 1305 497; x_wconf 80' lang='lat' dir='ltr'>delineationem</span> <span class='ocrx_word' id='word_1_75' title='bbox 1335 462 1426 496; x_wconf 90' lang='lat' dir='ltr'>sunt</span> <span class='ocrx_word' id='word_1_76' title='bbox 1457 459 1638 508; x_wconf 88' lang='lat' dir='ltr'>appositi.</span> 
     </span>
    </p>

    <p class='ocr_par' dir='ltr' id='par_1_3' title="bbox 101 513 1901 1971">
     <span class='ocr_line' id='line_1_8' title="bbox 222 513 1899 566; baseline 0.001 -12"><span class='ocrx_word' id='word_1_77' title='bbox 222 515 278 554; x_wconf 86' lang='lat' dir='ltr'>Ex</span> <span class='ocrx_word' id='word_1_78' title='bbox 309 514 416 553; x_wconf 88' lang='lat' dir='ltr'>hisce</span> <span class='ocrx_word' id='word_1_79' title='bbox 447 515 642 563; x_wconf 90' lang='lat' dir='ltr'>sequitur,</span> <span class='ocrx_word' id='word_1_80' title='bbox 686 513 941 554; x_wconf 83' lang='lat' dir='ltr'>ordinandam</span> <span class='ocrx_word' id='word_1_81' title='bbox 972 526 1056 553; x_wconf 90' lang='lat' dir='ltr'>esse</span> <span class='ocrx_word' id='word_1_82' title='bbox 1089 526 1134 553; x_wconf 85' lang='lat' dir='ltr'>ex</span> <span class='ocrx_word' id='word_1_83' title='bbox 1167 516 1300 565; x_wconf 88' lang='lat' dir='ltr'>primis</span> <span class='ocrx_word' id='word_1_84' title='bbox 1332 517 1595 556; x_wconf 85' lang='lat' dir='ltr'>consonantiis</span> <span class='ocrx_word' id='word_1_85' title='bbox 1626 515 1755 565; x_wconf 89' lang='lat' dir='ltr'>illam,</span> <span class='ocrx_word' id='word_1_86' title='bbox 1798 529 1899 566; x_wconf 90' lang='lat' dir='ltr'>quae</span> 
     </span>
     <span class='ocr_line' id='line_1_9' title="bbox 106 572 1901 627; baseline -0.001 -13"><span class='ocrx_word' id='word_1_87' title='bbox 106 574 287 627; x_wconf 87' lang='lat' dir='ltr'>diapente</span> <span class='ocrx_word' id='word_1_88' title='bbox 319 573 482 627; x_wconf 84' lang='lat' dir='ltr'>dicitur,</span> <span class='ocrx_word' id='word_1_89' title='bbox 509 572 624 621; x_wconf 87' lang='lat' dir='ltr'>juxta</span> <span class='ocrx_word' id='word_1_90' title='bbox 653 573 932 623; x_wconf 83' lang='lat' dir='ltr'>triangularem</span> <span class='ocrx_word' id='word_1_91' title='bbox 961 574 1216 623; x_wconf 87' lang='lat' dir='ltr'>positionem3</span> <span class='ocrx_word' id='word_1_92' title='bbox 1249 585 1350 624; x_wconf 88' lang='lat' dir='ltr'>quae</span> <span class='ocrx_word' id='word_1_93' title='bbox 1383 585 1474 613; x_wconf 90' lang='lat' dir='ltr'>vero</span> <span class='ocrx_word' id='word_1_94' title='bbox 1506 573 1760 623; x_wconf 84' lang='lat' dir='ltr'>diatessaron,</span> <span class='ocrx_word' id='word_1_95' title='bbox 1787 574 1901 624; x_wconf 84' lang='lat' dir='ltr'>juxta</span> 
     </span>
     <span class='ocr_line' id='line_1_10' title="bbox 104 628 1900 683; baseline -0.001 -11"><span class='ocrx_word' id='word_1_96' title='bbox 104 631 457 683; x_wconf 84' lang='lat' dir='ltr'>quadrangularem</span> <span class='ocrx_word' id='word_1_97' title='bbox 472 628 554 681; x_wconf 66' lang='grc' dir='ltr'>Ν),</span> <span class='ocrx_word' id='word_1_98' title='bbox 599 637 637 670; x_wconf 90' lang='lat' dir='ltr'>et</span> <span class='ocrx_word' id='word_1_99' title='bbox 679 638 813 670; x_wconf 86' lang='lat' dir='ltr'>tonum</span> <span class='ocrx_word' id='word_1_100' title='bbox 845 632 961 680; x_wconf 83' lang='lat' dir='ltr'>juxta</span> <span class='ocrx_word' id='word_1_101' title='bbox 1002 631 1135 671; x_wconf 88' lang='lat' dir='ltr'>circuli</span> <span class='ocrx_word' id='word_1_102' title='bbox 1179 634 1354 681; x_wconf 86' lang='lat' dir='ltr'>unciam,</span> <span class='ocrx_word' id='word_1_103' title='bbox 1397 634 1491 682; x_wconf 89' lang='lat' dir='ltr'>quia</span> <span class='ocrx_word' id='word_1_104' title='bbox 1529 644 1615 672; x_wconf 91' lang='lat' dir='ltr'>cum</span> <span class='ocrx_word' id='word_1_105' title='bbox 1655 631 1820 672; x_wconf 90' lang='lat' dir='ltr'>circulus</span> <span class='ocrx_word' id='word_1_106' title='bbox 1851 632 1900 672; x_wconf 88' lang='lat' dir='ltr'>ad</span> 
     </span>
     <span class='ocr_line' id='line_1_11' title="bbox 104 687 1899 741; baseline -0.002 -10"><span class='ocrx_word' id='word_1_107' title='bbox 104 689 388 731; x_wconf 85' lang='lat' dir='ltr'>semicirculum</span> <span class='ocrx_word' id='word_1_108' title='bbox 420 687 496 727; x_wconf 89' lang='grc' dir='ltr'>ΑΗ</span> <span class='ocrx_word' id='word_1_109' title='bbox 542 690 754 728; x_wconf 88' lang='lat' dir='ltr'>constituat</span> <span class='ocrx_word' id='word_1_110' title='bbox 783 691 971 728; x_wconf 86' lang='lat' dir='ltr'>rationem</span> <span class='ocrx_word' id='word_1_111' title='bbox 1013 688 1188 741; x_wconf 86' lang='lat' dir='ltr'>duplam,</span> <span class='ocrx_word' id='word_1_112' title='bbox 1233 691 1501 730; x_wconf 87' lang='lat' dir='ltr'>semicirculus</span> <span class='ocrx_word' id='word_1_113' title='bbox 1535 691 1618 741; x_wconf 86' lang='lat' dir='ltr'>jam</span> <span class='ocrx_word' id='word_1_114' title='bbox 1649 691 1700 730; x_wconf 90' lang='lat' dir='ltr'>ad</span> <span class='ocrx_word' id='word_1_115' title='bbox 1731 690 1799 729; x_wconf 82' lang='grc' dir='ltr'>ΑΕ</span> <span class='ocrx_word' id='word_1_116' title='bbox 1829 693 1899 729; x_wconf 88' lang='lat' dir='ltr'>tri-</span> 
     </span>
     <span class='ocr_line' id='line_1_12' title="bbox 105 747 1900 802; baseline -0.001 -13"><span class='ocrx_word' id='word_1_117' title='bbox 105 749 239 802; x_wconf 82' lang='lat' dir='ltr'>anguli</span> <span class='ocrx_word' id='word_1_118' title='bbox 269 759 400 788; x_wconf 88' lang='lat' dir='ltr'>arcum</span> <span class='ocrx_word' id='word_1_119' title='bbox 434 748 525 786; x_wconf 84' lang='lat' dir='ltr'>facit</span> <span class='ocrx_word' id='word_1_120' title='bbox 556 747 873 797; x_wconf 87' lang='lat' dir='ltr'>sesquialteram,</span> <span class='ocrx_word' id='word_1_121' title='bbox 906 754 944 786; x_wconf 86' lang='lat' dir='ltr'>et</span> <span class='ocrx_word' id='word_1_122' title='bbox 976 748 1038 785; x_wconf 80' lang='lat' dir='ltr'>hie</span> <span class='ocrx_word' id='word_1_123' title='bbox 1068 747 1117 786; x_wconf 91' lang='lat' dir='ltr'>ad</span> <span class='ocrx_word' id='word_1_124' title='bbox 1150 748 1235 795; x_wconf 82' lang='lat' dir='ltr'>AD,</span> <span class='ocrx_word' id='word_1_125' title='bbox 1269 748 1525 799; x_wconf 86' lang='lat' dir='ltr'>quadranguli</span> <span class='ocrx_word' id='word_1_126' title='bbox 1557 761 1687 787; x_wconf 85' lang='lat' dir='ltr'>areum</span> <span class='ocrx_word' id='word_1_127' title='bbox 1702 779 1715 800; x_wconf 91' lang='lat'>,</span> <span class='ocrx_word' id='word_1_128' title='bbox 1745 750 1900 800; x_wconf 89' lang='lat' dir='ltr'>sesqui-</span> 
     </span>
     <span class='ocr_line' id='line_1_13' title="bbox 103 805 1895 855; baseline -0.001 -8"><span class='ocrx_word' id='word_1_129' title='bbox 103 810 274 855; x_wconf 85' lang='lat' dir='ltr'>tertiam,</span> <span class='ocrx_word' id='word_1_130' title='bbox 320 817 503 846; x_wconf 84' lang='lat' dir='ltr'>excessus</span> <span class='ocrx_word' id='word_1_131' title='bbox 540 812 671 845; x_wconf 86' lang='lat' dir='ltr'>autem</span> <span class='ocrx_word' id='word_1_132' title='bbox 711 805 865 845; x_wconf 86' lang='lat' dir='ltr'>illarum</span> <span class='ocrx_word' id='word_1_133' title='bbox 909 811 967 844; x_wconf 85' lang='lat' dir='ltr'>est</span> <span class='ocrx_word' id='word_1_134' title='bbox 1000 807 1172 854; x_wconf 86' lang='lat' dir='ltr'>tonicus,</span> <span class='ocrx_word' id='word_1_135' title='bbox 1217 818 1269 845; x_wconf 88' lang='lat' dir='ltr'>sc.</span> <span class='ocrx_word' id='word_1_136' title='bbox 1313 819 1426 846; x_wconf 83' lang='lat' dir='ltr'>arcus</span> <span class='ocrx_word' id='word_1_137' title='bbox 1459 807 1546 855; x_wconf 78' lang='grc' dir='ltr'><strong>ΕΙ),</strong></span> <span class='ocrx_word' id='word_1_138' title='bbox 1582 809 1735 847; x_wconf 84' lang='lat' dir='ltr'>nuciam</span> <span class='ocrx_word' id='word_1_139' title='bbox 1765 807 1895 846; x_wconf 88' lang='lat' dir='ltr'>circuli</span> 
     </span>
     <span class='ocr_line' id='line_1_14' title="bbox 104 862 1898 918; baseline -0.001 -12"><span class='ocrx_word' id='word_1_140' title='bbox 104 865 330 918; x_wconf 88' lang='lat' dir='ltr'>complexus</span> <span class='ocrx_word' id='word_1_141' title='bbox 349 862 405 914; x_wconf 80' lang='lat' dir='ltr'>V).</span> <span class='ocrx_word' id='word_1_142' title='bbox 468 862 627 914; x_wconf 89' lang='lat' dir='ltr'>Optima</span> <span class='ocrx_word' id='word_1_143' title='bbox 664 866 780 914; x_wconf 84' lang='lat' dir='ltr'>igitur</span> <span class='ocrx_word' id='word_1_144' title='bbox 820 866 969 904; x_wconf 85' lang='lat' dir='ltr'>ratione</span> <span class='ocrx_word' id='word_1_145' title='bbox 1007 868 1146 902; x_wconf 85' lang='lat' dir='ltr'>natura</span> <span class='ocrx_word' id='word_1_146' title='bbox 1183 865 1370 904; x_wconf 85' lang='lat' dir='ltr'>circulum</span> <span class='ocrx_word' id='word_1_147' title='bbox 1410 865 1606 915; x_wconf 85' lang='lat' dir='ltr'>signorum</span> <span class='ocrx_word' id='word_1_148' title='bbox 1632 868 1692 904; x_wconf 76' lang='grc'>,12</span> <span class='ocrx_word' id='word_1_149' title='bbox 1730 867 1898 916; x_wconf 89' lang='lat' dir='ltr'>partium</span> 
     </span>
     <span class='ocr_line' id='line_1_15' title="bbox 105 922 1900 975; baseline -0.001 -12"><span class='ocrx_word' id='word_1_150' title='bbox 105 926 207 975; x_wconf 81' lang='lat' dir='ltr'>fecit,</span> <span class='ocrx_word' id='word_1_151' title='bbox 240 930 283 963; x_wconf 90' lang='lat' dir='ltr'>ut</span> <span class='ocrx_word' id='word_1_152' title='bbox 314 935 454 970; x_wconf 87' lang='lat' dir='ltr'>assem,</span> <span class='ocrx_word' id='word_1_153' title='bbox 487 924 579 971; x_wconf 89' lang='lat' dir='ltr'>quia</span> <span class='ocrx_word' id='word_1_154' title='bbox 609 930 781 974; x_wconf 85' lang='lat' dir='ltr'>systema</span> <span class='ocrx_word' id='word_1_155' title='bbox 810 923 1021 973; x_wconf 84' lang='lat' dir='ltr'>perfectum</span> <span class='ocrx_word' id='word_1_156' title='bbox 1060 925 1108 960; x_wconf 85' lang='lat'>12</span> <span class='ocrx_word' id='word_1_157' title='bbox 1143 928 1321 962; x_wconf 89' lang='lat' dir='ltr'>tonorum</span> <span class='ocrx_word' id='word_1_158' title='bbox 1342 922 1635 974; x_wconf 88' lang='lat' dir='ltr'>amplitudinem</span> <span class='ocrx_word' id='word_1_159' title='bbox 1659 923 1803 964; x_wconf 85' lang='lat' dir='ltr'>habere</span> <span class='ocrx_word' id='word_1_160' title='bbox 1820 926 1900 963; x_wconf 86' lang='lat' dir='ltr'>sci-</span> 
     </span>
     <span class='ocr_line' id='line_1_16' title="bbox 106 980 1898 1034; baseline -0.001 -12"><span class='ocrx_word' id='word_1_161' title='bbox 106 985 181 1034; x_wconf 85' lang='lat' dir='ltr'>vit3</span> <span class='ocrx_word' id='word_1_162' title='bbox 225 983 396 1023; x_wconf 84' lang='lat' dir='ltr'>tunicum</span> <span class='ocrx_word' id='word_1_163' title='bbox 428 981 545 1031; x_wconf 87' lang='lat' dir='ltr'>igitur</span> <span class='ocrx_word' id='word_1_164' title='bbox 578 980 823 1020; x_wconf 87' lang='lat' dir='ltr'>intervallum</span> <span class='ocrx_word' id='word_1_165' title='bbox 857 982 1007 1032; x_wconf 85' lang='lat' dir='ltr'>aptavit</span> <span class='ocrx_word' id='word_1_166' title='bbox 1038 982 1177 1019; x_wconf 88' lang='lat' dir='ltr'>unciae</span> <span class='ocrx_word' id='word_1_167' title='bbox 1219 993 1287 1021; x_wconf 87' lang='lat' dir='ltr'>seu</span> <span class='ocrx_word' id='word_1_168' title='bbox 1331 981 1584 1021; x_wconf 87' lang='lat' dir='ltr'>duodecimae</span> <span class='ocrx_word' id='word_1_169' title='bbox 1618 984 1717 1033; x_wconf 88' lang='lat' dir='ltr'>parti</span> <span class='ocrx_word' id='word_1_170' title='bbox 1755 982 1898 1022; x_wconf 87' lang='lat' dir='ltr'>circuli.</span> 
     </span>
     <span class='ocr_line' id='line_1_17' title="bbox 102 1038 1897 1090; baseline -0.003 -8"><span class='ocrx_word' id='word_1_171' title='bbox 102 1043 152 1081; x_wconf 88' lang='lat' dir='ltr'>Et</span> <span class='ocrx_word' id='word_1_172' title='bbox 181 1041 437 1081; x_wconf 88' lang='lat' dir='ltr'>admiratione</span> <span class='ocrx_word' id='word_1_173' title='bbox 468 1038 628 1089; x_wconf 89' lang='lat' dir='ltr'>dignum</span> <span class='ocrx_word' id='word_1_174' title='bbox 659 1045 737 1088; x_wconf 88' lang='lat' dir='ltr'>est,</span> <span class='ocrx_word' id='word_1_175' title='bbox 770 1039 876 1089; x_wconf 91' lang='lat' dir='ltr'>quod</span> <span class='ocrx_word' id='word_1_176' title='bbox 906 1041 1023 1078; x_wconf 90' lang='lat' dir='ltr'>etiam</span> <span class='ocrx_word' id='word_1_177' title='bbox 1040 1041 1164 1089; x_wconf 85' lang='lat' dir='ltr'>signa,</span> <span class='ocrx_word' id='word_1_178' title='bbox 1200 1051 1268 1090; x_wconf 90' lang='lat' dir='ltr'>per</span> <span class='ocrx_word' id='word_1_179' title='bbox 1299 1052 1416 1080; x_wconf 88' lang='lat' dir='ltr'>unam</span> <span class='ocrx_word' id='word_1_180' title='bbox 1447 1039 1718 1080; x_wconf 84' lang='lat' dir='ltr'>duodecimam</span> <span class='ocrx_word' id='word_1_181' title='bbox 1748 1039 1897 1080; x_wconf 85' lang='lat' dir='ltr'>zodiaci</span> 
     </span>
     <span class='ocr_line' id='line_1_18' title="bbox 103 1097 1899 1149; baseline -0.002 -9"><span class='ocrx_word' id='word_1_182' title='bbox 103 1099 372 1147; x_wconf 89' lang='lat' dir='ltr'>determinata,</span> <span class='ocrx_word' id='word_1_183' title='bbox 404 1109 576 1137; x_wconf 86' lang='lat' dir='ltr'>consona</span> <span class='ocrx_word' id='word_1_184' title='bbox 606 1098 765 1149; x_wconf 89' lang='lat' dir='ltr'>quidem</span> <span class='ocrx_word' id='word_1_185' title='bbox 795 1109 873 1136; x_wconf 89' lang='lat' dir='ltr'>non</span> <span class='ocrx_word' id='word_1_186' title='bbox 903 1103 1005 1145; x_wconf 89' lang='lat' dir='ltr'>sunt,</span> <span class='ocrx_word' id='word_1_187' title='bbox 1038 1097 1106 1135; x_wconf 85' lang='lat' dir='ltr'>sed</span> <span class='ocrx_word' id='word_1_188' title='bbox 1127 1097 1254 1136; x_wconf 89' lang='lat' dir='ltr'>solum</span> <span class='ocrx_word' id='word_1_189' title='bbox 1287 1099 1323 1136; x_wconf 92' lang='lat' dir='ltr'>in</span> <span class='ocrx_word' id='word_1_190' title='bbox 1345 1110 1487 1149; x_wconf 88' lang='lat' dir='ltr'>genere</span> <span class='ocrx_word' id='word_1_191' title='bbox 1509 1101 1783 1139; x_wconf 86' lang='lat' dir='ltr'>concinnorum</span> <span class='ocrx_word' id='word_1_192' title='bbox 1804 1110 1899 1138; x_wconf 90' lang='lat' dir='ltr'>con-</span> 
     </span>
     <span class='ocr_line' id='line_1_19' title="bbox 101 1155 1898 1211; baseline -0.001 -14"><span class='ocrx_word' id='word_1_193' title='bbox 101 1161 244 1198; x_wconf 87' lang='lat' dir='ltr'>sistunt</span> <span class='ocrx_word' id='word_1_194' title='bbox 259 1156 337 1211; x_wconf 79' lang='lat' dir='ltr'>V1)3</span> <span class='ocrx_word' id='word_1_195' title='bbox 369 1164 410 1195; x_wconf 86' lang='lat' dir='ltr'>at</span> <span class='ocrx_word' id='word_1_196' title='bbox 440 1168 541 1206; x_wconf 90' lang='lat' dir='ltr'>quae</span> <span class='ocrx_word' id='word_1_197' title='bbox 570 1168 639 1207; x_wconf 85' lang='lat' dir='ltr'>per</span> <span class='ocrx_word' id='word_1_198' title='bbox 669 1157 840 1206; x_wconf 88' lang='lat' dir='ltr'>quinque</span> <span class='ocrx_word' id='word_1_199' title='bbox 873 1155 1122 1195; x_wconf 86' lang='lat' dir='ltr'>duodecimas</span> <span class='ocrx_word' id='word_1_200' title='bbox 1153 1156 1304 1195; x_wconf 80' lang='lat' dir='ltr'>zodiaci</span> <span class='ocrx_word' id='word_1_201' title='bbox 1334 1158 1590 1197; x_wconf 88' lang='lat' dir='ltr'>determinata</span> <span class='ocrx_word' id='word_1_202' title='bbox 1618 1163 1720 1207; x_wconf 88' lang='lat' dir='ltr'>sunt,</span> <span class='ocrx_word' id='word_1_203' title='bbox 1751 1169 1773 1197; x_wconf 87' lang='lat' dir='ltr'>e</span> <span class='ocrx_word' id='word_1_204' title='bbox 1802 1168 1898 1196; x_wconf 90' lang='lat' dir='ltr'>con-</span> 
     </span>
     <span class='ocr_line' id='line_1_20' title="bbox 101 1213 1896 1268; baseline -0.001 -12"><span class='ocrx_word' id='word_1_205' title='bbox 101 1219 217 1256; x_wconf 90' lang='lat' dir='ltr'>trario</span> <span class='ocrx_word' id='word_1_206' title='bbox 248 1223 338 1256; x_wconf 88' lang='lat' dir='ltr'>sunt</span> <span class='ocrx_word' id='word_1_207' title='bbox 368 1217 466 1254; x_wconf 88' lang='lat' dir='ltr'>inter</span> <span class='ocrx_word' id='word_1_208' title='bbox 496 1216 698 1263; x_wconf 88' lang='lat' dir='ltr'>concinna,</span> <span class='ocrx_word' id='word_1_209' title='bbox 731 1226 820 1253; x_wconf 90' lang='lat' dir='ltr'>cum</span> <span class='ocrx_word' id='word_1_210' title='bbox 850 1216 927 1253; x_wconf 88' lang='lat' dir='ltr'>sint</span> <span class='ocrx_word' id='word_1_211' title='bbox 959 1215 1092 1263; x_wconf 88' lang='lat' dir='ltr'>utique</span> <span class='ocrx_word' id='word_1_212' title='bbox 1124 1219 1162 1252; x_wconf 88' lang='lat' dir='ltr'>et</span> <span class='ocrx_word' id='word_1_213' title='bbox 1179 1213 1357 1254; x_wconf 87' lang='lat' dir='ltr'>dicantur</span> <span class='ocrx_word' id='word_1_214' title='bbox 1376 1217 1605 1263; x_wconf 84' lang='lat' dir='ltr'>inconnexa,</span> <span class='ocrx_word' id='word_1_215' title='bbox 1637 1215 1754 1266; x_wconf 89' lang='lat' dir='ltr'>idque</span> <span class='ocrx_word' id='word_1_216' title='bbox 1775 1226 1896 1268; x_wconf 87' lang='lat' dir='ltr'>prop-</span> 
     </span>
     <span class='ocr_line' id='line_1_21' title="bbox 102 1273 1897 1326; baseline -0.002 -11"><span class='ocrx_word' id='word_1_217' title='bbox 102 1282 226 1324; x_wconf 88' lang='lat' dir='ltr'>terea,</span> <span class='ocrx_word' id='word_1_218' title='bbox 259 1276 353 1326; x_wconf 87' lang='lat' dir='ltr'>quia</span> <span class='ocrx_word' id='word_1_219' title='bbox 382 1273 548 1312; x_wconf 89' lang='lat' dir='ltr'>circulus</span> <span class='ocrx_word' id='word_1_220' title='bbox 578 1274 628 1312; x_wconf 92' lang='lat' dir='ltr'>ad</span> <span class='ocrx_word' id='word_1_221' title='bbox 660 1273 757 1312; x_wconf 85' lang='lat' dir='ltr'>duos</span> <span class='ocrx_word' id='word_1_222' title='bbox 789 1284 901 1312; x_wconf 89' lang='lat' dir='ltr'>arcus</span> <span class='ocrx_word' id='word_1_223' title='bbox 932 1284 956 1310; x_wconf 87' lang='lat' dir='ltr'>a</span> <span class='ocrx_word' id='word_1_224' title='bbox 987 1278 1091 1310; x_wconf 87' lang='lat' dir='ltr'>recta</span> <span class='ocrx_word' id='word_1_225' title='bbox 1123 1274 1377 1321; x_wconf 86' lang='lat' dir='ltr'>constitutos,</span> <span class='ocrx_word' id='word_1_226' title='bbox 1419 1285 1520 1324; x_wconf 89' lang='lat' dir='ltr'>quae</span> <span class='ocrx_word' id='word_1_227' title='bbox 1550 1275 1705 1313; x_wconf 88' lang='lat' dir='ltr'>unciam</span> <span class='ocrx_word' id='word_1_228' title='bbox 1734 1273 1897 1313; x_wconf 87' lang='lat' dir='ltr'>subten-</span> 
     </span>
     <span class='ocr_line' id='line_1_22' title="bbox 103 1330 1898 1384; baseline -0.002 -11"><span class='ocrx_word' id='word_1_229' title='bbox 103 1334 178 1383; x_wconf 82' lang='lat' dir='ltr'>dit,</span> <span class='ocrx_word' id='word_1_230' title='bbox 222 1334 316 1373; x_wconf 84' lang='lat' dir='ltr'>facit</span> <span class='ocrx_word' id='word_1_231' title='bbox 347 1333 615 1384; x_wconf 88' lang='lat' dir='ltr'>proportiones</span> <span class='ocrx_word' id='word_1_232' title='bbox 646 1333 795 1370; x_wconf 87' lang='lat' dir='ltr'>numeri</span> <span class='ocrx_word' id='word_1_233' title='bbox 829 1330 1057 1376; x_wconf 89' lang='lat' dir='ltr'>duodenarii</span> <span class='ocrx_word' id='word_1_234' title='bbox 1090 1330 1141 1368; x_wconf 89' lang='lat' dir='ltr'>ad</span> <span class='ocrx_word' id='word_1_235' title='bbox 1178 1332 1192 1367; x_wconf 93' lang='lat' dir='ltr'>l</span> <span class='ocrx_word' id='word_1_236' title='bbox 1230 1331 1360 1382; x_wconf 87' lang='lat' dir='ltr'>adque</span> <span class='ocrx_word' id='word_1_237' title='bbox 1395 1334 1471 1380; x_wconf 92' lang='lat'>11,</span> <span class='ocrx_word' id='word_1_238' title='bbox 1513 1343 1615 1382; x_wconf 87' lang='lat' dir='ltr'>quae</span> <span class='ocrx_word' id='word_1_239' title='bbox 1650 1333 1780 1371; x_wconf 88' lang='lat' dir='ltr'>aliena</span> <span class='ocrx_word' id='word_1_240' title='bbox 1808 1338 1898 1371; x_wconf 85' lang='lat' dir='ltr'>sunt</span> 
     </span>
     <span class='ocr_line' id='line_1_23' title="bbox 102 1387 1898 1440; baseline -0.002 -8"><span class='ocrx_word' id='word_1_241' title='bbox 102 1406 126 1432; x_wconf 92' lang='lat' dir='ltr'>a</span> <span class='ocrx_word' id='word_1_242' title='bbox 157 1393 348 1440; x_wconf 85' lang='lat' dir='ltr'>consonis,</span> <span class='ocrx_word' id='word_1_243' title='bbox 381 1397 422 1429; x_wconf 88' lang='lat' dir='ltr'>at</span> <span class='ocrx_word' id='word_1_244' title='bbox 452 1401 529 1428; x_wconf 92' lang='lat' dir='ltr'>non</span> <span class='ocrx_word' id='word_1_245' title='bbox 561 1391 679 1429; x_wconf 88' lang='lat' dir='ltr'>etiam</span> <span class='ocrx_word' id='word_1_246' title='bbox 709 1402 733 1427; x_wconf 89' lang='lat' dir='ltr'>a</span> <span class='ocrx_word' id='word_1_247' title='bbox 764 1390 961 1428; x_wconf 85' lang='lat' dir='ltr'>concinnis</span> <span class='ocrx_word' id='word_1_248' title='bbox 992 1387 1168 1437; x_wconf 80' lang='lat' dir='ltr'>exulant3</span> <span class='ocrx_word' id='word_1_249' title='bbox 1201 1389 1252 1427; x_wconf 89' lang='lat' dir='ltr'>ad</span> <span class='ocrx_word' id='word_1_250' title='bbox 1283 1390 1382 1428; x_wconf 88' lang='lat' dir='ltr'>duos</span> <span class='ocrx_word' id='word_1_251' title='bbox 1414 1401 1506 1429; x_wconf 89' lang='lat' dir='ltr'>vero</span> <span class='ocrx_word' id='word_1_252' title='bbox 1537 1402 1628 1429; x_wconf 87' lang='lat' dir='ltr'>suos</span> <span class='ocrx_word' id='word_1_253' title='bbox 1659 1402 1771 1430; x_wconf 88' lang='lat' dir='ltr'>arcus</span> <span class='ocrx_word' id='word_1_254' title='bbox 1801 1401 1898 1429; x_wconf 88' lang='lat' dir='ltr'>con-</span> 
     </span>
     <span class='ocr_line' id='line_1_24' title="bbox 101 1446 1895 1498; baseline -0.002 -7"><span class='ocrx_word' id='word_1_255' title='bbox 101 1453 260 1491; x_wconf 84' lang='lat' dir='ltr'>stitutos</span> <span class='ocrx_word' id='word_1_256' title='bbox 293 1462 317 1490; x_wconf 93' lang='lat' dir='ltr'>a</span> <span class='ocrx_word' id='word_1_257' title='bbox 346 1454 462 1496; x_wconf 86' lang='lat' dir='ltr'>recta,</span> <span class='ocrx_word' id='word_1_258' title='bbox 495 1460 598 1498; x_wconf 88' lang='lat' dir='ltr'>quae</span> <span class='ocrx_word' id='word_1_259' title='bbox 633 1450 655 1485; x_wconf 83' lang='lat'>5</span> <span class='ocrx_word' id='word_1_260' title='bbox 687 1450 822 1487; x_wconf 87' lang='lat' dir='ltr'>uncias</span> <span class='ocrx_word' id='word_1_261' title='bbox 852 1446 1063 1495; x_wconf 88' lang='lat' dir='ltr'>subtendit,</span> <span class='ocrx_word' id='word_1_262' title='bbox 1096 1448 1364 1496; x_wconf 85' lang='lat' dir='ltr'>proportiones</span> <span class='ocrx_word' id='word_1_263' title='bbox 1399 1449 1491 1488; x_wconf 80' lang='lat' dir='ltr'>facit</span> <span class='ocrx_word' id='word_1_264' title='bbox 1521 1451 1668 1488; x_wconf 85' lang='lat' dir='ltr'>numeri</span> <span class='ocrx_word' id='word_1_265' title='bbox 1705 1451 1754 1487; x_wconf 80' lang='lat'>12</span> <span class='ocrx_word' id='word_1_266' title='bbox 1787 1448 1838 1487; x_wconf 87' lang='lat' dir='ltr'>ad</span> <span class='ocrx_word' id='word_1_267' title='bbox 1873 1449 1895 1486; x_wconf 89' lang='lat'>5</span> 
     </span>
     <span class='ocr_line' id='line_1_25' title="bbox 103 1504 1897 1559; baseline -0.002 -10"><span class='ocrx_word' id='word_1_268' title='bbox 103 1515 142 1549; x_wconf 90' lang='lat' dir='ltr'>et</span> <span class='ocrx_word' id='word_1_269' title='bbox 175 1512 212 1558; x_wconf 81' lang='lat'>7,</span> <span class='ocrx_word' id='word_1_270' title='bbox 245 1519 346 1559; x_wconf 88' lang='lat' dir='ltr'>quae</span> <span class='ocrx_word' id='word_1_271' title='bbox 379 1512 417 1546; x_wconf 89' lang='lat' dir='ltr'>et</span> <span class='ocrx_word' id='word_1_272' title='bbox 447 1519 470 1544; x_wconf 87' lang='lat' dir='ltr'>a</span> <span class='ocrx_word' id='word_1_273' title='bbox 502 1508 683 1545; x_wconf 87' lang='lat' dir='ltr'>consonis</span> <span class='ocrx_word' id='word_1_274' title='bbox 722 1512 759 1544; x_wconf 90' lang='lat' dir='ltr'>et</span> <span class='ocrx_word' id='word_1_275' title='bbox 791 1519 813 1543; x_wconf 90' lang='lat' dir='ltr'>a</span> <span class='ocrx_word' id='word_1_276' title='bbox 844 1507 1041 1544; x_wconf 86' lang='lat' dir='ltr'>concinnis</span> <span class='ocrx_word' id='word_1_277' title='bbox 1073 1504 1253 1553; x_wconf 87' lang='lat' dir='ltr'>exulant;</span> <span class='ocrx_word' id='word_1_278' title='bbox 1295 1507 1439 1557; x_wconf 89' lang='lat' dir='ltr'>quippe</span> <span class='ocrx_word' id='word_1_279' title='bbox 1471 1518 1557 1546; x_wconf 90' lang='lat' dir='ltr'>cum</span> <span class='ocrx_word' id='word_1_280' title='bbox 1594 1512 1732 1546; x_wconf 85' lang='lat' dir='ltr'>neutra</span> <span class='ocrx_word' id='word_1_281' title='bbox 1769 1517 1897 1557; x_wconf 89' lang='lat' dir='ltr'>neque</span> 
     </span>
     <span class='ocr_line' id='line_1_26' title="bbox 102 1564 1896 1619; baseline -0.003 -12"><span class='ocrx_word' id='word_1_282' title='bbox 102 1568 307 1619; x_wconf 89' lang='lat' dir='ltr'>multiplex</span> <span class='ocrx_word' id='word_1_283' title='bbox 337 1577 463 1616; x_wconf 87' lang='lat' dir='ltr'>neque</span> <span class='ocrx_word' id='word_1_284' title='bbox 494 1564 853 1615; x_wconf 86' lang='lat' dir='ltr'>superparticularis</span> <span class='ocrx_word' id='word_1_285' title='bbox 884 1565 955 1611; x_wconf 86' lang='lat' dir='ltr'>sit,</span> <span class='ocrx_word' id='word_1_286' title='bbox 987 1575 1114 1613; x_wconf 90' lang='lat' dir='ltr'>neque</span> <span class='ocrx_word' id='word_1_287' title='bbox 1145 1567 1361 1614; x_wconf 88' lang='lat' dir='ltr'>composita</span> <span class='ocrx_word' id='word_1_288' title='bbox 1391 1576 1437 1604; x_wconf 84' lang='lat' dir='ltr'>ex</span> <span class='ocrx_word' id='word_1_289' title='bbox 1468 1565 1666 1615; x_wconf 85' lang='lat' dir='ltr'>aliquibus</span> <span class='ocrx_word' id='word_1_290' title='bbox 1697 1564 1896 1604; x_wconf 81' lang='lat' dir='ltr'>elementis</span> 
     </span>
     <span class='ocr_line' id='line_1_27' title="bbox 101 1620 1897 1674; baseline -0.003 -8"><span class='ocrx_word' id='word_1_291' title='bbox 101 1627 154 1666; x_wconf 84' lang='lat' dir='ltr'>ad</span> <span class='ocrx_word' id='word_1_292' title='bbox 185 1625 458 1666; x_wconf 87' lang='lat' dir='ltr'>consonantias</span> <span class='ocrx_word' id='word_1_293' title='bbox 489 1620 867 1674; x_wconf 74' lang='lat' dir='ltr'>pertinentibusV11).</span> <span class='ocrx_word' id='word_1_294' title='bbox 930 1621 1108 1672; x_wconf 85' lang='lat' dir='ltr'>Amplius</span> <span class='ocrx_word' id='word_1_295' title='bbox 1139 1629 1178 1660; x_wconf 87' lang='lat' dir='ltr'>et</span> <span class='ocrx_word' id='word_1_296' title='bbox 1207 1628 1359 1672; x_wconf 85' lang='lat' dir='ltr'>praeter</span> <span class='ocrx_word' id='word_1_297' title='bbox 1378 1623 1566 1662; x_wconf 88' lang='lat' dir='ltr'>hactenus</span> <span class='ocrx_word' id='word_1_298' title='bbox 1599 1624 1778 1674; x_wconf 88' lang='lat' dir='ltr'>utrinque</span> <span class='ocrx_word' id='word_1_299' title='bbox 1803 1634 1897 1662; x_wconf 91' lang='lat' dir='ltr'>con-</span> 
     </span>
     <span class='ocr_line' id='line_1_28' title="bbox 102 1679 1896 1732; baseline -0.003 -8"><span class='ocrx_word' id='word_1_300' title='bbox 102 1685 262 1725; x_wconf 81' lang='lat' dir='ltr'>cordata</span> <span class='ocrx_word' id='word_1_301' title='bbox 292 1684 411 1723; x_wconf 88' lang='lat' dir='ltr'>etiam</span> <span class='ocrx_word' id='word_1_302' title='bbox 441 1682 515 1720; x_wconf 88' lang='lat' dir='ltr'>hoc</span> <span class='ocrx_word' id='word_1_303' title='bbox 546 1681 730 1729; x_wconf 88' lang='lat' dir='ltr'>succedit,</span> <span class='ocrx_word' id='word_1_304' title='bbox 763 1679 867 1731; x_wconf 92' lang='lat' dir='ltr'>quod</span> <span class='ocrx_word' id='word_1_305' title='bbox 899 1693 922 1719; x_wconf 88' lang='lat' dir='ltr'>a</span> <span class='ocrx_word' id='word_1_306' title='bbox 952 1681 1074 1730; x_wconf 89' lang='lat' dir='ltr'>signis</span> <span class='ocrx_word' id='word_1_307' title='bbox 1103 1679 1252 1719; x_wconf 86' lang='lat' dir='ltr'>zodiaci</span> <span class='ocrx_word' id='word_1_308' title='bbox 1284 1687 1361 1720; x_wconf 88' lang='lat' dir='ltr'>tres</span> <span class='ocrx_word' id='word_1_309' title='bbox 1391 1682 1517 1720; x_wconf 89' lang='lat' dir='ltr'>solum</span> <span class='ocrx_word' id='word_1_310' title='bbox 1541 1680 1896 1732; x_wconf 87' lang='lat' dir='ltr'>quadrangulorum</span> 
     </span>
     <span class='ocr_line' id='line_1_29' title="bbox 101 1739 1896 1795; baseline -0.003 -11"><span class='ocrx_word' id='word_1_311' title='bbox 101 1746 251 1795; x_wconf 85' lang='lat' dir='ltr'>species</span> <span class='ocrx_word' id='word_1_312' title='bbox 283 1743 383 1781; x_wconf 91' lang='lat' dir='ltr'>sumi</span> <span class='ocrx_word' id='word_1_313' title='bbox 413 1746 598 1791; x_wconf 88' lang='lat' dir='ltr'>possunt,</span> <span class='ocrx_word' id='word_1_314' title='bbox 641 1739 796 1789; x_wconf 83' lang='lat' dir='ltr'>aequali</span> <span class='ocrx_word' id='word_1_315' title='bbox 828 1750 986 1777; x_wconf 89' lang='lat' dir='ltr'>numero</span> <span class='ocrx_word' id='word_1_316' title='bbox 1026 1749 1114 1777; x_wconf 91' lang='lat' dir='ltr'>cum</span> <span class='ocrx_word' id='word_1_317' title='bbox 1144 1740 1349 1788; x_wconf 84' lang='lat' dir='ltr'>speciebus</span> <span class='ocrx_word' id='word_1_318' title='bbox 1391 1742 1670 1780; x_wconf 86' lang='lat' dir='ltr'>consonantiae</span> <span class='ocrx_word' id='word_1_319' title='bbox 1701 1740 1896 1779; x_wconf 85' lang='lat' dir='ltr'>diatessa-</span> 
     </span>
     <span class='ocr_line' id='line_1_30' title="bbox 101 1796 1898 1851; baseline -0.001 -12"><span class='ocrx_word' id='word_1_320' title='bbox 101 1813 183 1851; x_wconf 89' lang='lat' dir='ltr'>ron,</span> <span class='ocrx_word' id='word_1_321' title='bbox 216 1799 495 1851; x_wconf 88' lang='lat' dir='ltr'>triangulorum</span> <span class='ocrx_word' id='word_1_322' title='bbox 529 1810 620 1837; x_wconf 85' lang='lat' dir='ltr'>vero</span> <span class='ocrx_word' id='word_1_323' title='bbox 653 1802 820 1847; x_wconf 89' lang='lat' dir='ltr'>quatuor</span> <span class='ocrx_word' id='word_1_324' title='bbox 850 1796 1108 1844; x_wconf 89' lang='lat' dir='ltr'>solummodo,</span> <span class='ocrx_word' id='word_1_325' title='bbox 1140 1797 1294 1846; x_wconf 84' lang='lat' dir='ltr'>aequali</span> <span class='ocrx_word' id='word_1_326' title='bbox 1325 1809 1475 1837; x_wconf 89' lang='lat' dir='ltr'>rursum</span> <span class='ocrx_word' id='word_1_327' title='bbox 1506 1809 1665 1838; x_wconf 89' lang='lat' dir='ltr'>numero</span> <span class='ocrx_word' id='word_1_328' title='bbox 1696 1809 1783 1837; x_wconf 91' lang='lat' dir='ltr'>cum</span> <span class='ocrx_word' id='word_1_329' title='bbox 1805 1809 1898 1848; x_wconf 88' lang='lat' dir='ltr'>spe-</span> 
     </span>
     <span class='ocr_line' id='line_1_31' title="bbox 102 1853 1897 1906; baseline -0.003 -7"><span class='ocrx_word' id='word_1_330' title='bbox 102 1861 235 1900; x_wconf 88' lang='lat' dir='ltr'>ciebus</span> <span class='ocrx_word' id='word_1_331' title='bbox 267 1859 543 1898; x_wconf 85' lang='lat' dir='ltr'>consonantiae</span> <span class='ocrx_word' id='word_1_332' title='bbox 577 1856 779 1906; x_wconf 80' lang='lat' dir='ltr'>diapente,</span> <span class='ocrx_word' id='word_1_333' title='bbox 812 1866 858 1894; x_wconf 90' lang='lat' dir='ltr'>eo</span> <span class='ocrx_word' id='word_1_334' title='bbox 890 1854 994 1904; x_wconf 90' lang='lat' dir='ltr'>quod</span> <span class='ocrx_word' id='word_1_335' title='bbox 1026 1855 1122 1892; x_wconf 86' lang='lat' dir='ltr'>solis</span> <span class='ocrx_word' id='word_1_336' title='bbox 1151 1854 1212 1892; x_wconf 89' lang='lat' dir='ltr'>his</span> <span class='ocrx_word' id='word_1_337' title='bbox 1245 1858 1507 1894; x_wconf 87' lang='lat' dir='ltr'>consonantiis</span> <span class='ocrx_word' id='word_1_338' title='bbox 1539 1853 1711 1904; x_wconf 88' lang='lat' dir='ltr'>accidat,</span> <span class='ocrx_word' id='word_1_339' title='bbox 1749 1862 1791 1894; x_wconf 90' lang='lat' dir='ltr'>ut</span> <span class='ocrx_word' id='word_1_340' title='bbox 1821 1857 1897 1895; x_wconf 90' lang='lat' dir='ltr'>sint</span> 
     </span>
     <span class='ocr_line' id='line_1_32' title="bbox 102 1912 499 1971; baseline -0.008 -15"><span class='ocrx_word' id='word_1_341' title='bbox 102 1916 381 1971; x_wconf 85' lang='lat' dir='ltr'>incompositae</span> <span class='ocrx_word' id='word_1_342' title='bbox 395 1912 499 1963; x_wconf 70' lang='lat' dir='ltr'>vm).</span> 
     </span>
    </p>

    <p class='ocr_par' dir='ltr' id='par_1_4' title="bbox 102 1970 1898 2204">
     <span class='ocr_line' id='line_1_33' title="bbox 218 1970 1897 2027; baseline -0.003 -11"><span class='ocrx_word' id='word_1_343' title='bbox 218 1976 330 2027; x_wconf 80' lang='lat' dir='ltr'>Quae</span> <span class='ocrx_word' id='word_1_344' title='bbox 361 1975 478 2025; x_wconf 85' lang='lat' dir='ltr'>igitur</span> <span class='ocrx_word' id='word_1_345' title='bbox 519 1975 619 2012; x_wconf 87' lang='lat' dir='ltr'>circa</span> <span class='ocrx_word' id='word_1_346' title='bbox 652 1974 778 2023; x_wconf 89' lang='lat' dir='ltr'>ipsum</span> <span class='ocrx_word' id='word_1_347' title='bbox 812 1977 959 2010; x_wconf 90' lang='lat' dir='ltr'>motum</span> <span class='ocrx_word' id='word_1_348' title='bbox 992 1970 1215 2010; x_wconf 82' lang='lat' dir='ltr'>circularem</span> <span class='ocrx_word' id='word_1_349' title='bbox 1261 1971 1309 2009; x_wconf 83' lang='lat' dir='ltr'>ad</span> <span class='ocrx_word' id='word_1_350' title='bbox 1342 1975 1544 2021; x_wconf 85' lang='lat' dir='ltr'>utramque</span> <span class='ocrx_word' id='word_1_351' title='bbox 1581 1971 1767 2011; x_wconf 85' lang='lat' dir='ltr'>dictarum</span> <span class='ocrx_word' id='word_1_352' title='bbox 1806 1972 1897 2011; x_wconf 91' lang='lat' dir='ltr'>har-</span> 
     </span>
     <span class='ocr_line' id='line_1_34' title="bbox 103 2024 1896 2083; baseline -0.003 -8"><span class='ocrx_word' id='word_1_353' title='bbox 103 2037 322 2075; x_wconf 86' lang='lat' dir='ltr'>moniarum</span> <span class='ocrx_word' id='word_1_354' title='bbox 364 2031 530 2083; x_wconf 86' lang='lat' dir='ltr'>expendi</span> <span class='ocrx_word' id='word_1_355' title='bbox 570 2037 758 2081; x_wconf 78' lang='lat' dir='ltr'>possunt,</span> <span class='ocrx_word' id='word_1_356' title='bbox 803 2036 840 2068; x_wconf 89' lang='lat' dir='ltr'>et</span> <span class='ocrx_word' id='word_1_357' title='bbox 872 2040 973 2079; x_wconf 87' lang='lat' dir='ltr'>quae</span> <span class='ocrx_word' id='word_1_358' title='bbox 1005 2028 1213 2079; x_wconf 78' lang='lat' dir='ltr'>figurarum</span> <span class='ocrx_word' id='word_1_359' title='bbox 1255 2040 1448 2069; x_wconf 86' lang='lat' dir='ltr'>consonae</span> <span class='ocrx_word' id='word_1_360' title='bbox 1487 2034 1524 2069; x_wconf 91' lang='lat' dir='ltr'>et</span> <span class='ocrx_word' id='word_1_361' title='bbox 1561 2024 1743 2069; x_wconf 79' lang='lat' dir='ltr'>dissonae</span> <span class='ocrx_word' id='word_1_362' title='bbox 1789 2041 1896 2070; x_wconf 87' lang='lat' dir='ltr'>com-</span> 
     </span>
     <span class='ocr_line' id='line_1_35' title="bbox 102 2086 1898 2134; baseline -0.004 0"><span class='ocrx_word' id='word_1_363' title='bbox 102 2095 210 2134; x_wconf 89' lang='lat' dir='ltr'>muni</span> <span class='ocrx_word' id='word_1_364' title='bbox 241 2105 328 2133; x_wconf 92' lang='lat' dir='ltr'>cum</span> <span class='ocrx_word' id='word_1_365' title='bbox 358 2090 593 2130; x_wconf 86' lang='lat' dir='ltr'>harmonicis</span> <span class='ocrx_word' id='word_1_366' title='bbox 626 2087 820 2128; x_wconf 89' lang='lat' dir='ltr'>vocabulo</span> <span class='ocrx_word' id='word_1_367' title='bbox 861 2087 1051 2134; x_wconf 88' lang='lat' dir='ltr'>dicuntur,</span> <span class='ocrx_word' id='word_1_368' title='bbox 1083 2087 1271 2125; x_wconf 87' lang='lat' dir='ltr'>hactenus</span> <span class='ocrx_word' id='word_1_369' title='bbox 1301 2086 1525 2127; x_wconf 87' lang='lat' dir='ltr'>definivisse</span> <span class='ocrx_word' id='word_1_370' title='bbox 1545 2087 1723 2127; x_wconf 87' lang='lat' dir='ltr'>sufficiat.</span> <span class='ocrx_word' id='word_1_371' title='bbox 1773 2088 1898 2128; x_wconf 91' lang='lat' dir='ltr'>Dein-</span> 
     </span>
     <span class='ocr_line' id='line_1_36' title="bbox 105 2144 1754 2204; baseline -0.005 -11"><span class='ocrx_word' id='word_1_372' title='bbox 105 2165 195 2204; x_wconf 87' lang='lat' dir='ltr'>ceps</span> <span class='ocrx_word' id='word_1_373' title='bbox 227 2153 275 2191; x_wconf 92' lang='lat' dir='ltr'>de</span> <span class='ocrx_word' id='word_1_374' title='bbox 304 2150 440 2202; x_wconf 88' lang='lat' dir='ltr'>primis</span> <span class='ocrx_word' id='word_1_375' title='bbox 473 2148 698 2186; x_wconf 84' lang='lat' dir='ltr'>differentiis</span> <span class='ocrx_word' id='word_1_376' title='bbox 731 2151 904 2185; x_wconf 90' lang='lat' dir='ltr'>motuum</span> <span class='ocrx_word' id='word_1_377' title='bbox 937 2144 1162 2183; x_wconf 85' lang='lat' dir='ltr'>coelestium</span> <span class='ocrx_word' id='word_1_378' title='bbox 1194 2145 1305 2183; x_wconf 87' lang='lat' dir='ltr'>nobis</span> <span class='ocrx_word' id='word_1_379' title='bbox 1336 2146 1407 2184; x_wconf 86' lang='lat' dir='ltr'>erit</span> <span class='ocrx_word' id='word_1_380' title='bbox 1438 2145 1754 2197; x_wconf 23' lang='lat' dir='ltr'>dispiciendum.-</span> 
     </span>
    </p>
   </div>
   <div class='ocr_carea' id='block_1_3' title="bbox 102 2218 1897 2431">
    <p class='ocr_par' dir='ltr' id='par_1_5' title="bbox 102 2218 1897 2431">
     <span class='ocr_line' id='line_1_37' title="bbox 218 2218 1897 2271; baseline -0.004 -5"><span class='ocrx_word' id='word_1_381' title='bbox 218 2231 252 2267; x_wconf 89' lang='lat' dir='ltr'>N</span> <span class='ocrx_word' id='word_1_382' title='bbox 255 2235 316 2266; x_wconf 90' lang='lat' dir='ltr'>ota</span> <span class='ocrx_word' id='word_1_383' title='bbox 340 2229 368 2263; x_wconf 94' lang='lat' dir='ltr'>I.</span> <span class='ocrx_word' id='word_1_384' title='bbox 419 2225 731 2271; x_wconf 79' lang='lat' dir='ltr'>Comparationem</span> <span class='ocrx_word' id='word_1_385' title='bbox 755 2223 815 2260; x_wconf 89' lang='lat' dir='ltr'>hic</span> <span class='ocrx_word' id='word_1_386' title='bbox 839 2221 1045 2267; x_wconf 83' lang='lat' dir='ltr'>aggreditur</span> <span class='ocrx_word' id='word_1_387' title='bbox 1069 2220 1381 2256; x_wconf 84' lang='lat' dir='ltr'>consonantiarum</span> <span class='ocrx_word' id='word_1_388' title='bbox 1406 2232 1486 2258; x_wconf 89' lang='lat' dir='ltr'>cum</span> <span class='ocrx_word' id='word_1_389' title='bbox 1511 2218 1717 2267; x_wconf 86' lang='lat' dir='ltr'>aspectibus</span> <span class='ocrx_word' id='word_1_390' title='bbox 1741 2223 1897 2260; x_wconf 85' lang='lat' dir='ltr'>siderum</span> 
     </span>
     <span class='ocr_line' id='line_1_38' title="bbox 102 2272 1896 2323; baseline -0.006 -3"><span class='ocrx_word' id='word_1_391' title='bbox 102 2284 139 2319; x_wconf 91' lang='lat' dir='ltr'>in</span> <span class='ocrx_word' id='word_1_392' title='bbox 171 2282 339 2319; x_wconf 84' lang='lat' dir='ltr'>zodiaco:</span> <span class='ocrx_word' id='word_1_393' title='bbox 373 2290 448 2315; x_wconf 89' lang='lat' dir='ltr'>rem</span> <span class='ocrx_word' id='word_1_394' title='bbox 482 2288 548 2323; x_wconf 92' lang='lat' dir='ltr'>per</span> <span class='ocrx_word' id='word_1_395' title='bbox 580 2287 619 2312; x_wconf 88' lang='lat' dir='ltr'>se</span> <span class='ocrx_word' id='word_1_396' title='bbox 651 2275 821 2322; x_wconf 88' lang='lat' dir='ltr'>ponderis</span> <span class='ocrx_word' id='word_1_397' title='bbox 855 2272 998 2308; x_wconf 84' lang='lat' dir='ltr'>maximi</span> <span class='ocrx_word' id='word_1_398' title='bbox 1033 2277 1069 2307; x_wconf 90' lang='lat' dir='ltr'>et</span> <span class='ocrx_word' id='word_1_399' title='bbox 1099 2273 1445 2317; x_wconf 83' lang='lat' dir='ltr'>praestantissimam</span> <span class='ocrx_word' id='word_1_400' title='bbox 1479 2273 1731 2319; x_wconf 89' lang='lat' dir='ltr'>philosophiae</span> <span class='ocrx_word' id='word_1_401' title='bbox 1757 2278 1896 2320; x_wconf 81' lang='lat' dir='ltr'>partem</span> 
     </span>
     <span class='ocr_line' id='line_1_39' title="bbox 103 2320 1893 2380; baseline -0.005 -9"><span class='ocrx_word' id='word_1_402' title='bbox 103 2335 184 2380; x_wconf 87' lang='lat' dir='ltr'>(etsi</span> <span class='ocrx_word' id='word_1_403' title='bbox 208 2335 245 2369; x_wconf 91' lang='lat' dir='ltr'>in</span> <span class='ocrx_word' id='word_1_404' title='bbox 269 2332 425 2369; x_wconf 87' lang='lat' dir='ltr'>solidum</span> <span class='ocrx_word' id='word_1_405' title='bbox 449 2336 505 2365; x_wconf 84' lang='lat' dir='ltr'>est</span> <span class='ocrx_word' id='word_1_406' title='bbox 528 2329 694 2375; x_wconf 82' lang='lat' dir='ltr'>neglecta</span> <span class='ocrx_word' id='word_1_407' title='bbox 718 2340 739 2363; x_wconf 80' lang='lat' dir='ltr'>a</span> <span class='ocrx_word' id='word_1_408' title='bbox 763 2326 870 2372; x_wconf 86' lang='lat' dir='ltr'>vulgo</span> <span class='ocrx_word' id='word_1_409' title='bbox 896 2325 1256 2371; x_wconf 75' lang='lat' dir='ltr'>philosophantium),</span> <span class='ocrx_word' id='word_1_410' title='bbox 1293 2320 1474 2372; x_wconf 74' lang='lat' dir='ltr'>sed&#39;quae</span> <span class='ocrx_word' id='word_1_411' title='bbox 1505 2327 1610 2371; x_wconf 80' lang='lat' dir='ltr'>longe</span> <span class='ocrx_word' id='word_1_412' title='bbox 1636 2327 1739 2362; x_wconf 89' lang='lat' dir='ltr'>aliter</span> <span class='ocrx_word' id='word_1_413' title='bbox 1763 2333 1819 2364; x_wconf 86' lang='lat' dir='ltr'>est</span> <span class='ocrx_word' id='word_1_414' title='bbox 1840 2327 1893 2362; x_wconf 91' lang='lat' dir='ltr'>in-</span> 
     </span>
     <span class='ocr_line' id='line_1_40' title="bbox 103 2376 1892 2431; baseline -0.004 -8"><span class='ocrx_word' id='word_1_415' title='bbox 103 2387 296 2431; x_wconf 86' lang='lat' dir='ltr'>stituenda,</span> <span class='ocrx_word' id='word_1_416' title='bbox 320 2395 428 2430; x_wconf 87' lang='lat' dir='ltr'>quam</span> <span class='ocrx_word' id='word_1_417' title='bbox 454 2395 473 2419; x_wconf 85' lang='lat' dir='ltr'>a</span> <span class='ocrx_word' id='word_1_418' title='bbox 500 2381 706 2418; x_wconf 88' lang='lat' dir='ltr'>Ptolemaeo</span> <span class='ocrx_word' id='word_1_419' title='bbox 732 2380 791 2415; x_wconf 90' lang='lat' dir='ltr'>hic</span> <span class='ocrx_word' id='word_1_420' title='bbox 807 2378 953 2414; x_wconf 87' lang='lat' dir='ltr'>factum.</span> <span class='ocrx_word' id='word_1_421' title='bbox 1004 2376 1142 2412; x_wconf 83' lang='lat' dir='ltr'>Textus</span> <span class='ocrx_word' id='word_1_422' title='bbox 1156 2387 1220 2421; x_wconf 88' lang='lat' dir='ltr'>per</span> <span class='ocrx_word' id='word_1_423' title='bbox 1236 2387 1275 2413; x_wconf 89' lang='lat' dir='ltr'>sc</span> <span class='ocrx_word' id='word_1_424' title='bbox 1292 2377 1411 2414; x_wconf 87' lang='lat' dir='ltr'>clarus</span> <span class='ocrx_word' id='word_1_425' title='bbox 1428 2383 1494 2423; x_wconf 85' lang='lat' dir='ltr'>est,</span> <span class='ocrx_word' id='word_1_426' title='bbox 1520 2389 1587 2413; x_wconf 90' lang='lat' dir='ltr'>nec</span> <span class='ocrx_word' id='word_1_427' title='bbox 1608 2378 1730 2414; x_wconf 89' lang='lat' dir='ltr'>multis</span> <span class='ocrx_word' id='word_1_428' title='bbox 1745 2379 1892 2424; x_wconf 77' lang='lat' dir='ltr'>indiget.</span> 
     </span>
    </p>
   </div>
   <div class='ocr_carea' id='block_1_4' title="bbox 103 2440 1894 2550">
    <p class='ocr_par' dir='ltr' id='par_1_6' title="bbox 103 2440 1894 2550">
     <span class='ocr_line' id='line_1_41' title="bbox 218 2440 1894 2490; baseline -0.004 -4"><span class='ocrx_word' id='word_1_429' title='bbox 218 2451 316 2486; x_wconf 84' lang='lat' dir='ltr'>Nota</span> <span class='ocrx_word' id='word_1_430' title='bbox 339 2447 385 2483; x_wconf 92' lang='grc' dir='ltr'>ΙΙ.</span> <span class='ocrx_word' id='word_1_431' title='bbox 435 2446 504 2481; x_wconf 87' lang='lat' dir='ltr'>Est</span> <span class='ocrx_word' id='word_1_432' title='bbox 528 2455 612 2490; x_wconf 85' lang='lat' dir='ltr'>pars</span> <span class='ocrx_word' id='word_1_433' title='bbox 637 2442 854 2488; x_wconf 80' lang='lat' dir='ltr'>astrologiae</span> <span class='ocrx_word' id='word_1_434' title='bbox 888 2440 932 2475; x_wconf 90' lang='lat' dir='ltr'>de</span> <span class='ocrx_word' id='word_1_435' title='bbox 957 2441 1067 2486; x_wconf 84' lang='lat' dir='ltr'>signis</span> <span class='ocrx_word' id='word_1_436' title='bbox 1094 2442 1260 2477; x_wconf 84' lang='lat' dir='ltr'>consonis</span> <span class='ocrx_word' id='word_1_437' title='bbox 1291 2448 1328 2476; x_wconf 86' lang='lat' dir='ltr'>et</span> <span class='ocrx_word' id='word_1_438' title='bbox 1352 2441 1523 2487; x_wconf 86' lang='lat' dir='ltr'>dissonis,</span> <span class='ocrx_word' id='word_1_439' title='bbox 1553 2442 1755 2487; x_wconf 86' lang='lat' dir='ltr'>conjunctis</span> <span class='ocrx_word' id='word_1_440' title='bbox 1779 2448 1816 2479; x_wconf 87' lang='lat' dir='ltr'>et</span> <span class='ocrx_word' id='word_1_441' title='bbox 1840 2443 1894 2478; x_wconf 84' lang='lat' dir='ltr'>in·</span> 
     </span>
     <span class='ocr_line' id='line_1_42' title="bbox 103 2492 1893 2550; baseline -0.007 -8"><span class='ocrx_word' id='word_1_442' title='bbox 103 2503 305 2550; x_wconf 87' lang='lat' dir='ltr'>conjunctis</span> <span class='ocrx_word' id='word_1_443' title='bbox 338 2501 373 2536; x_wconf 91' lang='lat' dir='ltr'>in</span> <span class='ocrx_word' id='word_1_444' title='bbox 410 2498 569 2534; x_wconf 82' lang='lat' dir='ltr'>zodiaco.</span> <span class='ocrx_word' id='word_1_445' title='bbox 630 2495 719 2530; x_wconf 79' lang='lat' dir='ltr'>Vide</span> <span class='ocrx_word' id='word_1_446' title='bbox 759 2493 892 2539; x_wconf 78' lang='lat' dir='ltr'>Magini</span> <span class='ocrx_word' id='word_1_447' title='bbox 931 2492 1024 2538; x_wconf 82' lang='lat' dir='ltr'>Eph.</span> <span class='ocrx_word' id='word_1_448' title='bbox 1064 2504 1140 2538; x_wconf 83' lang='lat' dir='ltr'>cap.</span> <span class='ocrx_word' id='word_1_449' title='bbox 1180 2496 1234 2529; x_wconf 52' lang='lat'>¹15.</span> <span class='ocrx_word' id='word_1_450' title='bbox 1277 2499 1312 2529; x_wconf 83' lang='lat' dir='ltr'>et</span> <span class='ocrx_word' id='word_1_451' title='bbox 1349 2494 1659 2541; x_wconf 71' lang='lat' dir='ltr'>Quadripertitum</span> <span class='ocrx_word' id='word_1_452' title='bbox 1695 2493 1893 2530; x_wconf 87' lang='lat' dir='ltr'>Ptolemaei</span> 
     </span>
    </p>
   </div>
   <div class='ocr_carea' id='block_1_5' title="bbox 102 2554 1898 3083">
    <p class='ocr_par' dir='ltr' id='par_1_7' title="bbox 102 2554 406 2599">
     <span class='ocr_line' id='line_1_43' title="bbox 102 2554 406 2599; baseline -0.016 -9"><span class='ocrx_word' id='word_1_453' title='bbox 102 2556 163 2592; x_wconf 84' lang='lat' dir='ltr'>lib.</span> <span class='ocrx_word' id='word_1_454' title='bbox 189 2556 218 2592; x_wconf 92' lang='lat'>1.</span> <span class='ocrx_word' id='word_1_455' title='bbox 245 2565 324 2599; x_wconf 88' lang='lat' dir='ltr'>cap.</span> <span class='ocrx_word' id='word_1_456' title='bbox 354 2554 406 2588; x_wconf 72' lang='lat'>15.</span> 
     </span>
    </p>

    <p class='ocr_par' dir='ltr' id='par_1_8' title="bbox 102 2607 1898 3083">
     <span class='ocr_line' id='line_1_44' title="bbox 219 2607 1896 2656; baseline -0.005 0"><span class='ocrx_word' id='word_1_457' title='bbox 219 2620 316 2656; x_wconf 85' lang='lat' dir='ltr'>Nota</span> <span class='ocrx_word' id='word_1_458' title='bbox 339 2618 403 2653; x_wconf 86' lang='lat'>111.</span> <span class='ocrx_word' id='word_1_459' title='bbox 453 2614 597 2651; x_wconf 86' lang='lat' dir='ltr'>Initium</span> <span class='ocrx_word' id='word_1_460' title='bbox 623 2613 691 2647; x_wconf 87' lang='lat' dir='ltr'>hoc</span> <span class='ocrx_word' id='word_1_461' title='bbox 718 2611 836 2646; x_wconf 88' lang='lat' dir='ltr'>statim</span> <span class='ocrx_word' id='word_1_462' title='bbox 864 2609 971 2653; x_wconf 73' lang='lat' dir='ltr'>labat,</span> <span class='ocrx_word' id='word_1_463' title='bbox 998 2618 1114 2653; x_wconf 86' lang='lat' dir='ltr'>neque</span> <span class='ocrx_word' id='word_1_464' title='bbox 1132 2607 1226 2643; x_wconf 90' lang='lat' dir='ltr'>enim</span> <span class='ocrx_word' id='word_1_465' title='bbox 1244 2608 1338 2644; x_wconf 88' lang='lat' dir='ltr'>intra</span> <span class='ocrx_word' id='word_1_466' title='bbox 1355 2610 1676 2655; x_wconf 83' lang='lat' dir='ltr'>quadrisectionem</span> <span class='ocrx_word' id='word_1_467' title='bbox 1695 2609 1896 2647; x_wconf 86' lang='lat' dir='ltr'>consistunt</span> 
     </span>
     <span class='ocr_line' id='line_1_45' title="bbox 104 2660 1894 2714; baseline -0.006 -5"><span class='ocrx_word' id='word_1_468' title='bbox 104 2672 370 2714; x_wconf 86' lang='lat' dir='ltr'>consonantiae,</span> <span class='ocrx_word' id='word_1_469' title='bbox 395 2678 512 2713; x_wconf 86' lang='lat' dir='ltr'>neque</span> <span class='ocrx_word' id='word_1_470' title='bbox 539 2665 625 2702; x_wconf 79' lang='lat' dir='ltr'>solis</span> <span class='ocrx_word' id='word_1_471' title='bbox 652 2663 761 2699; x_wconf 83' lang='lat' dir='ltr'>ternis</span> <span class='ocrx_word' id='word_1_472' title='bbox 786 2661 922 2697; x_wconf 83' lang='lat' dir='ltr'>zodiaci</span> <span class='ocrx_word' id='word_1_473' title='bbox 948 2660 1198 2703; x_wconf 73' lang='lat' dir='ltr'>divisionibus,</span> <span class='ocrx_word' id='word_1_474' title='bbox 1234 2665 1321 2705; x_wconf 87' lang='lat' dir='ltr'>puta</span> <span class='ocrx_word' id='word_1_475' title='bbox 1346 2662 1381 2696; x_wconf 90' lang='lat' dir='ltr'>in</span> <span class='ocrx_word' id='word_1_476' title='bbox 1408 2662 1494 2707; x_wconf 78' lang='lat' dir='ltr'>dno,</span> <span class='ocrx_word' id='word_1_477' title='bbox 1530 2662 1565 2697; x_wconf 93' lang='lat' dir='ltr'>in</span> <span class='ocrx_word' id='word_1_478' title='bbox 1592 2663 1660 2698; x_wconf 89' lang='lat' dir='ltr'>tria</span> <span class='ocrx_word' id='word_1_479' title='bbox 1687 2667 1724 2697; x_wconf 87' lang='lat' dir='ltr'>et</span> <span class='ocrx_word' id='word_1_480' title='bbox 1747 2661 1782 2698; x_wconf 88' lang='lat' dir='ltr'>in</span> <span class='ocrx_word' id='word_1_481' title='bbox 1809 2673 1894 2708; x_wconf 86' lang='lat' dir='ltr'>qua·</span> 
     </span>
     <span class='ocr_line' id='line_1_46' title="bbox 102 2713 1893 2770; baseline -0.007 -9"><span class='ocrx_word' id='word_1_482' title='bbox 102 2734 198 2770; x_wconf 84' lang='lat' dir='ltr'>tuor,</span> <span class='ocrx_word' id='word_1_483' title='bbox 225 2723 462 2761; x_wconf 83' lang='lat' dir='ltr'>absolvuntur</span> <span class='ocrx_word' id='word_1_484' title='bbox 488 2725 673 2765; x_wconf 77' lang='lat' dir='ltr'>aspectus;</span> <span class='ocrx_word' id='word_1_485' title='bbox 701 2725 830 2760; x_wconf 89' lang='lat' dir='ltr'>neque,</span> <span class='ocrx_word' id='word_1_486' title='bbox 855 2715 882 2749; x_wconf 85' lang='lat' dir='ltr'>si</span> <span class='ocrx_word' id='word_1_487' title='bbox 911 2720 1103 2756; x_wconf 88' lang='lat' dir='ltr'>utrumque</span> <span class='ocrx_word' id='word_1_488' title='bbox 1129 2718 1243 2756; x_wconf 72' lang='lat' dir='ltr'>esset,</span> <span class='ocrx_word' id='word_1_489' title='bbox 1270 2717 1352 2758; x_wconf 80' lang='lat' dir='ltr'>apte</span> <span class='ocrx_word' id='word_1_490' title='bbox 1380 2715 1468 2749; x_wconf 76' lang='lat' dir='ltr'>haec</span> <span class='ocrx_word' id='word_1_491' title='bbox 1494 2713 1565 2749; x_wconf 89' lang='lat' dir='ltr'>illis</span> <span class='ocrx_word' id='word_1_492' title='bbox 1590 2719 1893 2758; x_wconf 82' lang='lat' dir='ltr'>compararentur.</span> 
     </span>
     <span class='ocr_line' id='line_1_47' title="bbox 107 2764 1898 2815; baseline -0.006 -3"><span class='ocrx_word' id='word_1_493' title='bbox 107 2775 366 2812; x_wconf 78' lang='lat' dir='ltr'>consonantias</span> <span class='ocrx_word' id='word_1_494' title='bbox 399 2785 470 2811; x_wconf 85' lang='lat' dir='ltr'>uon</span> <span class='ocrx_word' id='word_1_495' title='bbox 501 2775 655 2815; x_wconf 80' lang='lat' dir='ltr'>natura,</span> <span class='ocrx_word' id='word_1_496' title='bbox 699 2769 762 2804; x_wconf 85' lang='lat' dir='ltr'>sed</span> <span class='ocrx_word' id='word_1_497' title='bbox 787 2777 854 2804; x_wconf 88' lang='lat' dir='ltr'>usu</span> <span class='ocrx_word' id='word_1_498' title='bbox 879 2766 993 2801; x_wconf 88' lang='lat' dir='ltr'>solum</span> <span class='ocrx_word' id='word_1_499' title='bbox 1019 2770 1055 2798; x_wconf 90' lang='lat' dir='ltr'>et</span> <span class='ocrx_word' id='word_1_500' title='bbox 1081 2764 1285 2806; x_wconf 83' lang='lat' dir='ltr'>systematis</span> <span class='ocrx_word' id='word_1_501' title='bbox 1315 2765 1464 2811; x_wconf 78' lang='lat' dir='ltr'>perfecti</span> <span class='ocrx_word' id='word_1_502' title='bbox 1499 2765 1769 2802; x_wconf 86' lang='lat' dir='ltr'>continuatione</span> <span class='ocrx_word' id='word_1_503' title='bbox 1802 2765 1898 2802; x_wconf 80' lang='lat' dir='ltr'>intra</span> 
     </span>
     <span class='ocr_line' id='line_1_48' title="bbox 106 2815 1894 2874; baseline -0.006 -11"><span class='ocrx_word' id='word_1_504' title='bbox 106 2828 336 2874; x_wconf 88' lang='lat' dir='ltr'>disdiapason</span> <span class='ocrx_word' id='word_1_505' title='bbox 364 2825 508 2870; x_wconf 89' lang='lat' dir='ltr'>includi,</span> <span class='ocrx_word' id='word_1_506' title='bbox 533 2823 688 2870; x_wconf 86' lang='lat' dir='ltr'>probant</span> <span class='ocrx_word' id='word_1_507' title='bbox 712 2820 797 2856; x_wconf 84' lang='lat' dir='ltr'>ista:</span> <span class='ocrx_word' id='word_1_508' title='bbox 825 2820 861 2860; x_wconf 78' lang='lat'>1)</span> <span class='ocrx_word' id='word_1_509' title='bbox 887 2816 982 2862; x_wconf 89' lang='lat' dir='ltr'>quod</span> <span class='ocrx_word' id='word_1_510' title='bbox 1008 2821 1091 2851; x_wconf 89' lang='lat' dir='ltr'>ante</span> <span class='ocrx_word' id='word_1_511' title='bbox 1117 2816 1362 2854; x_wconf 88' lang='lat' dir='ltr'>Ptolemaeum</span> <span class='ocrx_word' id='word_1_512' title='bbox 1381 2817 1629 2863; x_wconf 60' lang='lat' dir='ltr'>Pythagoram,</span> <span class='ocrx_word' id='word_1_513' title='bbox 1654 2816 1815 2860; x_wconf 87' lang='lat' dir='ltr'>ejusdem</span> <span class='ocrx_word' id='word_1_514' title='bbox 1838 2815 1894 2852; x_wconf 85' lang='lat' dir='ltr'>usi</span> 
     </span>
     <span class='ocr_line' id='line_1_49' title="bbox 106 2867 1892 2926; baseline -0.007 -10"><span class='ocrx_word' id='word_1_515' title='bbox 106 2881 292 2926; x_wconf 78' lang='lat' dir='ltr'>privilegio</span> <span class='ocrx_word' id='word_1_516' title='bbox 316 2885 353 2915; x_wconf 83' lang='lat' dir='ltr'>et</span> <span class='ocrx_word' id='word_1_517' title='bbox 377 2881 473 2915; x_wconf 90' lang='lat' dir='ltr'>vocis</span> <span class='ocrx_word' id='word_1_518' title='bbox 497 2878 676 2913; x_wconf 87' lang='lat' dir='ltr'>humanae</span> <span class='ocrx_word' id='word_1_519' title='bbox 701 2870 934 2918; x_wconf 87' lang='lat' dir='ltr'>amplitudine</span> <span class='ocrx_word' id='word_1_520' title='bbox 959 2867 1202 2913; x_wconf 87' lang='lat' dir='ltr'>considerata,</span> <span class='ocrx_word' id='word_1_521' title='bbox 1237 2875 1463 2906; x_wconf 85' lang='lat' dir='ltr'>coarctarunt</span> <span class='ocrx_word' id='word_1_522' title='bbox 1496 2868 1752 2906; x_wconf 82' lang='lat' dir='ltr'>consonantias</span> <span class='ocrx_word' id='word_1_523' title='bbox 1783 2879 1892 2913; x_wconf 82' lang='lat' dir='ltr'>angu-</span> 
     </span>
     <span class='ocr_line' id='line_1_50' title="bbox 107 2920 1891 2977; baseline -0.008 -9"><span class='ocrx_word' id='word_1_524' title='bbox 107 2933 199 2968; x_wconf 84' lang='lat' dir='ltr'>stius</span> <span class='ocrx_word' id='word_1_525' title='bbox 222 2934 317 2968; x_wconf 89' lang='lat' dir='ltr'>intra</span> <span class='ocrx_word' id='word_1_526' title='bbox 342 2928 782 2977; x_wconf 84' lang='lat' dir='ltr'>diapason-epidiapente;</span> <span class='ocrx_word' id='word_1_527' title='bbox 815 2924 854 2968; x_wconf 81' lang='lat'>2)</span> <span class='ocrx_word' id='word_1_528' title='bbox 879 2921 976 2968; x_wconf 89' lang='lat' dir='ltr'>quod</span> <span class='ocrx_word' id='word_1_529' title='bbox 1002 2931 1138 2966; x_wconf 81' lang='lat' dir='ltr'>organa</span> <span class='ocrx_word' id='word_1_530' title='bbox 1163 2927 1285 2958; x_wconf 88' lang='lat' dir='ltr'>nostra</span> <span class='ocrx_word' id='word_1_531' title='bbox 1320 2932 1434 2967; x_wconf 90' lang='lat' dir='ltr'>usque</span> <span class='ocrx_word' id='word_1_532' title='bbox 1468 2921 1512 2956; x_wconf 84' lang='lat' dir='ltr'>ad</span> <span class='ocrx_word' id='word_1_533' title='bbox 1544 2920 1696 2957; x_wconf 87' lang='lat' dir='ltr'>tetrakis</span> <span class='ocrx_word' id='word_1_534' title='bbox 1721 2921 1891 2966; x_wconf 82' lang='lat' dir='ltr'>diapason</span> 
     </span>
     <span class='ocr_line' id='line_1_51' title="bbox 106 2971 1891 3029; baseline -0.007 -10"><span class='ocrx_word' id='word_1_535' title='bbox 106 2990 143 3019; x_wconf 86' lang='lat' dir='ltr'>et</span> <span class='ocrx_word' id='word_1_536' title='bbox 166 2984 313 3020; x_wconf 88' lang='lat' dir='ltr'>ulterius</span> <span class='ocrx_word' id='word_1_537' title='bbox 339 2983 634 3029; x_wconf 83' lang='lat' dir='ltr'>progrediuntur;</span> <span class='ocrx_word' id='word_1_538' title='bbox 674 2980 712 3020; x_wconf 88' lang='grc'>3)</span> <span class='ocrx_word' id='word_1_539' title='bbox 739 2976 836 3022; x_wconf 88' lang='lat' dir='ltr'>quod</span> <span class='ocrx_word' id='word_1_540' title='bbox 860 2973 1086 3011; x_wconf 88' lang='lat' dir='ltr'>Ptolemaeus</span> <span class='ocrx_word' id='word_1_541' title='bbox 1110 2974 1189 3018; x_wconf 87' lang='lat' dir='ltr'>ipse</span> <span class='ocrx_word' id='word_1_542' title='bbox 1214 2979 1373 3020; x_wconf 83' lang='lat' dir='ltr'>systema</span> <span class='ocrx_word' id='word_1_543' title='bbox 1396 2972 1616 3019; x_wconf 58' lang='lat' dir='ltr'>perfectum,</span> <span class='ocrx_word' id='word_1_544' title='bbox 1641 2983 1711 3009; x_wconf 91' lang='lat' dir='ltr'>non</span> <span class='ocrx_word' id='word_1_545' title='bbox 1737 2971 1891 3008; x_wconf 82' lang='lat' dir='ltr'>omnium</span> 
     </span>
     <span class='ocr_line' id='line_1_52' title="bbox 104 3024 1892 3083; baseline -0.008 -10"><span class='ocrx_word' id='word_1_546' title='bbox 104 3036 329 3083; x_wconf 81' lang='lat' dir='ltr'>possibilium</span> <span class='ocrx_word' id='word_1_547' title='bbox 354 3035 669 3074; x_wconf 80' lang='lat' dir='ltr'>consonantiarum</span> <span class='ocrx_word' id='word_1_548' title='bbox 693 3029 896 3075; x_wconf 76' lang='lat' dir='ltr'>complexu,</span> <span class='ocrx_word' id='word_1_549' title='bbox 922 3027 985 3062; x_wconf 86' lang='lat' dir='ltr'>sed</span> <span class='ocrx_word' id='word_1_550' title='bbox 1011 3026 1085 3063; x_wconf 82' lang='lat' dir='ltr'>sola</span> <span class='ocrx_word' id='word_1_551' title='bbox 1113 3026 1445 3072; x_wconf 86' lang='lat' dir='ltr'>repraesentatione</span> <span class='ocrx_word' id='word_1_552' title='bbox 1470 3024 1626 3062; x_wconf 89' lang='lat' dir='ltr'>omnium</span> <span class='ocrx_word' id='word_1_553' title='bbox 1651 3027 1787 3069; x_wconf 85' lang='lat' dir='ltr'>septem</span> <span class='ocrx_word' id='word_1_554' title='bbox 1812 3033 1892 3068; x_wconf 78' lang='lat' dir='ltr'>spo·</span> 
     </span>
    </p>
   </div>
   <div class='ocr_carea' id='block_1_6' title="bbox 1982 2792 1994 3180">
    <p class='ocr_par' dir='ltr' id='par_1_9' title="bbox 1981 2792 1994 3217">
     <span class='ocr_line' id='line_1_53' title="bbox 1989 2792 1994 2948; baseline 0 -5"><span class='ocrx_word' id='word_1_555' title='bbox 1989 2792 1994 2948; x_wconf 69' lang='lat'>1</span> 
     </span>
     <span class='ocr_line' id='line_1_54' title="bbox 1982 2949 1994 3180; baseline 0 10"><span class='ocrx_word' id='word_1_556' title='bbox 1982 2949 1994 3180; x_wconf 71' lang='grc' dir='ltr'><em>ἕ</em></span> 
     </span>
    </p>
   </div>
  </div>
 </body>
</html>
