1994 3276
718 159 828 201 Liber
850 155 917 200 111.
943 161 1062 226 Caput
1083 155 1147 198 111.
1312 223 1315 229 Ἰ
1755 154 1838 206 33⁶1

110 283 234 335 Rota
251 281 297 322 Υ.
341 282 387 323 Ιιι
410 292 499 318 voce
522 279 866 327 accuratissime
886 279 982 316 inest
1006 278 1062 314 vis
1083 278 1287 323 argumenti
1310 277 1408 315 talis.
1431 277 1532 323 qmii
1553 287 1635 324 cap.
1653 281 1683 315 1.
1701 279 1839 316 lilim.

42 315 211 376 Procius
219 330 390 386 animast
410 335 459 371 ad
480 332 725 381 probandum,
760 332 901 379 specics
935 326 1211 367 mathematicas
1241 340 1323 367 esse
1359 334 1545 389 separatas
1580 341 1605 367 a
1631 331 1840 370 sensilibus.

42 388 171 439 Nam·
158 399 204 437 ιιι
203 388 375 439 μίχειιη
397 387 656 426 elementorum
678 383 777 421 nulla
801 388 859 420 est
875 390 1005 420 exacta
1026 382 1131 419 ratio.
1156 381 1363 427 Operantur
1386 383 1481 419 enim
1503 383 1620 420 mixta
1643 385 1841 425 secundum

38 433 157 488 magis
179 444 219 478 et
238 441 382 487 ιιιίιιιιι,1
392 443 503 486 prout
517 438 629 479 fuerit
639 437 779 479 mixtio,
802 438 925 482 itaque
947 436 1210 472 elementorum
1225 436 1385 472 mixtura
1407 438 1466 471 est
1488 434 1635 472 affectio
1657 438 1841 483 materiae,

42 503 111 531 noe
131 492 280 536 rationis
304 491 415 539 ullam
437 497 604 528 naturam
626 484 798 537 imitatur.
842 489 892 527 Δι
912 489 951 525 in
972 487 1182 523 harmonica
1203 486 1378 524 facultate
1408 489 1680 525 aecumtissima
1705 495 1763 526 est
1785 490 1840 526 di·

43 544 189 583 sanctio
222 554 368 588 rernm,
401 553 568 590 quaeque
602 541 773 580 materiae
808 551 968 578 crassam
1003 546 1170 577 naturam
1205 540 1404 577 subtilitate
1438 540 1646 586 longissime
1682 547 1841 588 stipent.

44 596 155 633 Verbi
178 606 307 638 causa:
330 596 405 632 sint
428 595 520 631 duae
545 593 704 630 chordae
727 593 901 629 tensionis
928 592 1102 638 ejusdem,
1126 592 1244 628 altera
1267 594 1335 629 1¹0
1360 597 1485 638 partes
1499 593 1618 637 longa,
1642 594 1758 630 altera
1778 595 1843 630 mi·

43 653 179 685 ituatur
200 649 380 694 continue,
405 647 519 684 donec
542 647 606 683 fiat
629 648 686 692 60,
711 647 758 683 40
781 651 847 682 etc.
883 646 952 681 Hic
977 646 1009 681 si
1032 645 1267 682 consonantia
1290 645 1445 682 haberet
1468 651 1634 681 naturam
1658 646 1843 684 mixtionis

45 699 282 746 elunentnris,
307 704 490 747 oporteret
507 697 678 734 chordam
697 698 965 736 decrescentem
982 697 1134 734 subinde
1151 698 1264 743 magis
1280 698 1470 744 mgisque
1493 709 1704 744 consonare,
1729 699 1844 736 donec

43 748 149 788 fimet
169 752 226 797 60,
247 755 337 788 tunc
359 755 543 798 oporteret
566 747 837 787 consonantiam
861 760 942 786 esse
978 749 1296 796 perfectissimam,
1332 749 1489 795 indeque
1530 750 1661 786 iterum
1697 750 1844 788 decres-

43 813 127 840 eere
151 803 433 850 consonantiam.
481 805 530 839 At
553 803 622 838 hoc
645 813 717 837 non
747 801 806 838 fit:
842 812 925 837 nam
949 802 980 838 si
1005 808 1060 838 est
1083 801 1191 846 longa
1215 801 1280 843 63,
1314 801 1381 845 62,
1419 803 1461 838 61
1507 807 1650 847 partes,
1686 803 1845 840 nondum

44 861 240 898 consonat.
263 861 302 892 at
325 855 357 892 si
381 856 448 902 60,
473 855 510 892 in
532 855 615 902 ipso
637 855 708 891 hoc
732 860 868 901 puncto
892 859 1067 891 consonat
1081 882 1089 896 ‚
1109 853 1194 891 inde
1218 853 1251 888 si
1274 852 1339 889 fiat
1363 853 1429 898 59,
1452 853 1584 889 iterum
1609 854 1783 901 dissonat,
1807 861 1846 890 at

44 917 117 944 ιισιι
139 908 254 953 mag'u
276 908 485 954 magisque,
518 908 604 954 quin
628 906 749 954 potius
772 907 804 943 si
826 907 890 943 fiat
912 907 1059 943 tandem
1084 907 1154 952 40,
1188 905 1226 941 in
1250 905 1320 941 hoc
1343 909 1480 951 puncto
1504 905 1637 942 iterum
1671 911 1846 943 consonat

46 965 84 996 et
105 959 144 996 in
167 956 214 997 39
235 969 379 996 rursum
403 959 590 996 dissonare
613 959 750 1006 incipit.
801 960 859 995 Ita
881 959 1117 997 consonantia
1140 963 1275 1005 puncta
1298 969 1364 994 sua
1386 957 1425 994 in
1441 959 1501 1001 60,
1522 959 1570 995 40
1585 966 1653 997 etc.
1678 960 1846 996 observat

45 1012 328 1048 accuratissime.
361 1010 440 1047 Hoc
464 1016 585 1047 autem
611 1017 666 1047 est
689 1012 839 1047 rationis
863 1023 966 1058 opus.
1014 1011 1114 1056 Ergo
1150 1010 1305 1046 facultas
1329 1010 1541 1047 harmonica
1563 1017 1620 1048 est
1643 1011 1846 1049 rationalis·

46 1066 147 1101 sima.
170 1065 250 1110 Ego
273 1065 343 1101 hoc
367 1070 615 1109 argumentum
639 1065 839 1101 evidentius
862 1066 1046 1111 proposui,
1070 1064 1167 1110 quod
1184 1063 1442 1100 consonantiae
1455 1063 1619 1100 existunt
1639 1064 1677 1100 in
1700 1062 1846 1110 punctis
1879 1110 1884 1112 μ

46 1115 181 1163 οἰκιῶ,
205 1126 229 1153 ι
250 1116 367 1164 figura
390 1115 545 1161 regulari
570 1116 840 1153 demonstrabili
864 1116 981 1154 factis.
1028 1116 1109 1152 Jam
1135 1115 1417 1153 demonstrabile
1451 1116 1540 1162 quid
1562 1116 1633 1162 sit,
1667 1128 1740 1154 non
1777 1116 1847 1153 nisi

45 1166 167 1205 mente
190 1169 361 1214 noscitur,
386 1177 451 1204 seu
475 1168 625 1204 rationis
649 1179 727 1205 usu.
777 1169 874 1213 Ergo
899 1168 962 1204 illa
984 1174 1124 1212 natura,
1147 1179 1241 1214 quae
1266 1167 1470 1206 delectatur
1491 1169 1702 1206 harmonico
1726 1175 1847 1215 cantu,

1 1252 5 1254 .
48 1220 158 1298 debet
182 1231 264 1258 esse
275 1221 441 1257 'rationis
463 1222 646 1267 particeps
671 1222 1009 1268 quomodocunque.

119 1286 258 1324 Nota
279 1287 345 1323 vl.
391 1285 534 1323 Genera
557 1295 677 1322 rerum
708 1296 800 1332 quae
824 1284 941 1331 dicat,
978 1297 1022 1322 ex
1046 1284 1282 1332 sequentibus
1306 1290 1428 1332 patet,
1450 1291 1559 1332 puta,
1591 1297 1680 1322 num
1703 1286 1753 1322 sit
1774 1297 1847 1326 nia-

2 1352 6 1354 *
47 1337 140 1374 teris
162 1349 210 1375 an
232 1338 375 1383 forma,
410 1335 570 1374 efficiens
594 1349 641 1374 an
663 1336 769 1383 finis,
805 1349 891 1374 uum
915 1338 963 1374 sit
995 1337 1115 1374 anima
1137 1348 1183 1373 an
1208 1348 1342 1383 corpus
1368 1342 1436 1374 etc.
1483 1338 1647 1375 Pertinet
1669 1338 1780 1384 igitur
1800 1339 1848 1376 ad

12 1419 19 1422 ,
48 1389 293 1427 definitionem
316 1389 581 1438 quodammodo
605 1389 696 1427 baec
722 1391 900 1436 quaestio,
924 1401 997 1426 non
1022 1390 1068 1426 ad
1093 1389 1308 1435 subjectum.
1347 1390 1442 1426 Nam
1465 1390 1512 1427 ad
1536 1391 1607 1427 hoc
1630 1391 1744 1436 magis
1767 1401 1848 1437 per-

47 1441 164 1479 tinere
184 1438 353 1492 videntur
376 1443 566 1488 sequentia
589 1444 715 1479 verba:
738 1443 850 1480 Num
874 1452 959 1489 qua
984 1442 1079 1478 sint
1102 1441 1211 1488 alia,
1236 1451 1448 1479 connexa
1471 1441 1741 1480 harmoniis.
1776 1442 1849 1480 Sed

50 1493 98 1531 de
119 1494 177 1531 bis
198 1487 286 1531 mox'
309 1495 425 1543 plura.

163 1548 297 1590 Hanc
306 1553 422 1602 igitur
451 1550 729 1603 speculationis
763 1542 987 1602 propositae
1026 1555 1177 1605 partem
1209 1549 1406 1590 residuam
1448 1550 1651 1601 deinceps,
1699 1555 1848 1600 quauta

50 1609 194 1665 poterit
221 1608 304 1649 fieri
334 1610 538 1658 brevitate,
570 1609 692 1648 veluti
721 1610 931 1648 summaria
960 1610 1108 1647 ratione
1139 1602 1376 1658 subjungere
1407 1610 1657 1648 conabimur:
1700 1613 1745 1646 ιιι
1774 1608 1849 1647 hoc

8 1702 15 1711 ,
50 1671 167 1725 pacto
206 1664 433 1719 magnitudo
474 1672 515 1706 et
544 1666 775 1708 excellentia
818 1666 935 1716 hujus
980 1665 1220 1705 admirabilis
1259 1665 1458 1706 facultatis
1489 1667 1708 1706 evidentius
1738 1677 1849 1706 com-

11 1725 21 1733 ”
51 1719 248 1775 probetur.

166 1781 246 1822 Res
274 1785 479 1823 universae
508 1784 706 1833 principiis
737 1787 894 1822 utuntur
923 1781 1051 1821 bisce:
1078 1783 1260 1828 materia,
1288 1787 1398 1830 motu
1430 1787 1468 1820 et
1498 1783 1656 1835 specie3
1687 1783 1851 1821 materia

44 1848 102 1879 ·ιιι
130 1841 308 1889 subjecto
338 1847 380 1880 et
406 1853 456 1880 ex
485 1852 590 1891 quo,
621 1846 730 1879 motu
759 1846 805 1878 ιιι
833 1852 954 1879 causa
984 1846 1024 1879 et
1053 1851 1078 1878 a
1109 1851 1208 1890 quo,
1238 1842 1370 1890 speeie
1408 1846 1453 1879 ut
1481 1839 1557 1878 fine
1586 1844 1627 1878 et
1656 1841 1709 1879 ob
1740 1839 1847 1890 quod

21 1897 120 1937 *fvel
150 1898 261 1948 cujus
289 1911 423 1938 causa.
443 1894 537 1948 vu)

170 1965 267 2001 Nota
290 1965 369 2000 VII.
416 1965 646 2000 Ptolemaeus
668 1965 763 1999 inter
786 1974 915 2000 causas
951 1963 1010 1999 hic
1033 1974 1106 1998 non
1128 1963 1291 1999 meminit
1314 1963 1450 1999 formae
1480 1959 1596 2009 ipsius
1625 1974 1692 2010 per
1715 1975 1773 2003 se,
1809 1968 1851 2000 ut

20 2016 153 2075 talia.
166 2016 269 2057 forte
291 2016 377 2062 quia
403 2019 435 2055 t)
457 2016 609 2052 formam
630 2017 684 2052 rei
706 2016 818 2051 habet
840 2026 908 2061 pro
931 2016 1014 2061 ipsa
1035 2026 1091 2056 re
1128 2016 1316 2052 materiam
1337 2026 1443 2061 vero,
1484 2021 1528 2051 ut
1549 2015 1728 2060 diversum
1753 2017 1851 2063 quid,

24 2091 27 2095 -
20 2060 80 2115 ’.ᾖ
101 2078 142 2107 re
164 2069 246 2114 ipu
269 2068 474 2113 distinguit,
511 2069 547 2113 2)
571 2073 635 2104 aut
658 2068 755 2113 quod
779 2068 932 2113 species,
955 2079 1035 2103 cnm
1062 2069 1111 2103 sit
1133 2068 1170 2103 in
1196 2074 1335 2103 certum
1357 2068 1468 2105 finem
1492 2069 1680 2114 destinata,
1708 2069 1851 2105 confor-

19 2140 22 2143 -
30 2117 247 2163 mationem
271 2131 374 2157 suam
397 2130 417 2156 e
439 2121 514 2156 fine
536 2121 680 2156 habeat.
730 2122 842 2156 Voces
869 2120 1013 2166 quidem
1047 2126 1085 2156 et
1121 2126 1248 2156 cantus
1284 2121 1437 2156 materia
1471 2124 1508 2155 et
1539 2121 1743 2165 subjectum
1767 2125 1853 2157 sunt

25 2160 275 2232 jhmouiae,
300 2183 393 2218 quae
416 2172 454 2207 in
476 2173 567 2218 ipsis
592 2174 686 2209 inest
708 2178 748 2209 ut
773 2172 952 2209 diversum
977 2172 1063 2219 quid
1086 2174 1132 2209 ab
1156 2172 1240 2208 illis.
1277 2173 1311 2213 3)
1333 2174 1408 2209 Aut
1430 2173 1508 2209 vult
1531 2173 1650 2208 dicere
1673 2173 1850 2217 fortassis,

24 2220 48 2244 ³
171 2224 240 2261 sibi
261 2224 351 2270 ipsis
374 2223 481 2261 finem
505 2236 599 2272 esse,
623 2237 690 2261 nec
713 2231 863 2272 propter
888 2226 986 2262 aliud
1011 2225 1109 2271 quid,
1134 2225 1198 2262 sed
1222 2231 1364 2262 tantum
1386 2230 1536 2270 propter
1561 2235 1600 2259 se
1626 2224 1758 2269 expeti.
1798 2223 1852 2267 Si·

20 1950 33 1987 ἰ

176 2276 333 2312 ristoteli
355 2276 470 2312 forma
494 2278 625 2315 dicitur
647 2279 728 2313 finis
753 2289 845 2323 quo,
882 2290 953 2323 quo
990 2278 1126 2314 scilicet
1162 2283 1198 2313 et
1233 2278 1381 2313 finiatur
1416 2287 1480 2312 seu
1504 2276 1717 2312 terminetur
1741 2280 1778 2311 et
1800 2276 1853 2311 sic

35 2329 36 2332 ’
145 2332 305 2364 ormetnr
338 2338 418 2364 ree:
455 2328 519 2365 sed
542 2329 772 2365 Ptolemaeus
808 2329 1000 2366 manifeste
1015 2330 1187 2389 ‚loquitur
1212 2330 1262 2365 de
1296 2329 1391 2364 fine
1425 2339 1497 2372 qu
1510 2339 1559 2363 us
1584 2337 1744 2363 causa.
1790 2326 1852 2363 Vi-

36 2400 39 2409 κ
215 2385 336 2416 autem
359 2381 430 2416 ista
453 2381 617 2417 desumta
641 2392 687 2417 ex
709 2381 926 2426 Aristotele,
966 2381 1072 2426 cnjus
1095 2381 1187 2416 haec
1223 2385 1308 2416 sunt
1331 2379 1456 2415 verba:
1505 2380 1591 2415 Met
1617 2379 1680 2414 XI.
1708 2378 1793 2424 Cap.
1817 2378 1852 2416 3.

152 2434 358 2478 μεταβαλλει
378 2445 420 2476 τι,
444 2442 500 2467 ιω
521 2434 590 2468 vno
612 2448 714 2478 τινος,
738 2448 795 2468 itai
818 2434 885 2470 ἐστι
907 2432 965 2474 ὑφ’
990 2433 1031 2468 οὗ
1048 2447 1120 2478 μιν.
1145 2447 1206 2467 του
1222 2443 1359 2477 πρωτου
1383 2444 1574 2473 κινσυνῐος,
1600 2430 1704 2480 οὐδε,
1727 2430 1748 2476 ἡ
1772 2430 1851 2476 ὕλης

98 2487 162 2529 δι,
182 2498 223 2521 t·
246 2484 349 2525 ειὸος.
397 2485 538 2529 Quibus
559 2486 677 2521 verbis
700 2486 914 2521 Aristoteles
943 2485 1008 2520 illa
1031 2485 1148 2521 solum
1172 2478 1404 2530 perstringit,
1440 2492 1532 2528 quae
1554 2480 1746 2517 mutationi
1768 2485 1854 2518 sunt

84 2537 237 2582 bnoxia5
261 2537 416 2582 primum
438 2543 611 2579 motorem
635 2538 782 2585 excipit,
805 2544 847 2573 ιιι
872 2548 979 2582 quem
1003 2548 1049 2572 ex
1072 2538 1152 2581 ipsa
1174 2537 1375 2572 mutatione
1398 2546 1518 2570 rerum
1541 2534 1685 2570 evincit.

176 2605 239 2644 De
268 2605 471 2644 harmonia
499 2616 623 2671 neque
655 2611 699 2643 ut
729 2605 778 2644 de
804 2605 983 2655 subjecto
1004 2604 1284 2654 disputandum
1311 2607 1390 2648 est,
1422 2603 1594 2641 activum
1625 2602 1725 2639 enim
1758 2600 1853 2650 quid

140 2665 387 2713 minimeque
416 2663 617 2712 passivum
655 2661 766 2714 v¹¹1).
811 2675 937 2713 neque
970 2668 1011 2700 ut
1041 2662 1089 2701 de
1118 2662 1194 2701 fine
1225 2660 1313 2713 ¹¹),
1357 2662 1444 2710 ipsa
1475 2662 1578 2698 enim
1608 2671 1629 2697 e
1660 2660 1852 2697 contrario
1918 2679 1923 2684 *
1957 2648 1965 2665 's

152 2738 169 2754 ιι
223 2722 444 2771 quempiam
486 2719 642 2758 conticit
679 2719 742 2772 Χ),
781 2722 888 2760 verbi
932 2732 1053 2760 causa
1090 2721 1411 2765 concinnitatem,
1443 2716 1712 2768 aptitudinem,
1745 2716 1854 2755 ordi-

59 2817 74 2832 s·
100 2778 436 2827 ,·ι,ι1εοοιιιίαιιι;
481 2776 549 2816 sed
579 2783 638 2815 est
666 2781 766 2817 inter
796 2789 934 2817 causas
978 2777 1170 2817 censenda
1201 2774 1290 2830 XI),
1334 2777 1426 2825 quia
1455 2776 1542 2825 ipsa
1573 2772 1750 2824 subjecto
1780 2785 1852 2814 suo

141 2836 248 2875 ciliat
278 2838 447 2886 speciem
477 2835 771 2874 convenientem
800 2844 840 2874 et
867 2838 1074 2887 propriam.

163 2906 278 2944 'Nota
299 2906 398 2942 vm
443 2907 671 2942 Ptolemaeus
694 2908 977 2966 praesupponit,
1012 2908 1050 2943 id
1086 2908 1131 2943 de
1155 2918 1226 2952 quo
1250 2905 1427 2951 quaesivit
1464 2915 1538 2940 non
1567 2905 1644 2949 jam
1677 2905 1772 2940 inter
1792 2885 1853 2942 res

107 2963 161 3003 ἦ»
192 2958 455 3004 quaerendum,
493 2958 557 2994 sed
581 2959 676 2994 inter
697 2959 873 3004 principia
895 2971 1026 2996 rerum.
1072 2960 1180 2995 Patet
1211 2965 1354 3001 autem,
1391 2967 1532 3001 semper
1566 2956 1703 3000 aliquid
1737 2956 1853 3002 primo

149 3027 177 3042 u·
209 3021 277 3056 per
301 3021 340 3046 se
363 3020 443 3046 esse
468 3010 620 3056 aliquid,
658 3010 787 3046 deinde
810 3011 903 3046 idem
928 3022 1010 3048 esse
1034 3012 1104 3047 alio
1129 3011 1237 3047 alicui
1260 3010 1473 3053 efficientem
1496 3013 1560 3044 aut
1582 3008 1769 3044 materiam
1790 3013 1855 3046 aut

130 3109 135 3112 Δ
167 3079 170 3091 ι
236 3063 328 3099 Nam
352 3062 561 3101 facultatem
586 3062 806 3107 dijudicandi
828 3062 1037 3101 harmonica
1060 3069 1096 3099 et
1112 3064 1157 3099 ad
1183 3074 1225 3099 ea
1249 3061 1541 3098 accommodandi
1565 3061 1765 3106 subjectum
1789 3061 1852 3098 ali-

132 3129 137 3141 «
155 3129 159 3141 ι
206 3123 286 3150 esse
309 3113 557 3159 substantiam,
582 3114 711 3150 mentis
735 3113 873 3150 scilicet
895 3115 1122 3161 facultatem,
1147 3115 1184 3151 id
1207 3115 1348 3150 videtur
1371 3114 1430 3149 hic
1453 3122 1747 3159 praesupponere
1767 3113 1853 3150 Pto-

48 3170 51 3225 ]
76 3165 117 3192 ³
143 3183 267 3218 teriori
283 3184 382 3219 epm
396 3184 434 3213 v.
1590 3175 1642 3213 22
