1994 3276
123 74 207 113 458
559 82 571 88 “
745 74 965 120 Appendicis
989 74 1286 110 Harmonicorum

116 189 364 230 harmonicas
395 204 442 233 ex
474 193 522 231 iis
552 199 771 242 extractas,
802 194 842 232 id
873 199 932 234 est
962 195 1268 242 demonstratas,
1309 193 1414 244 quod
1445 193 1644 243 verissime
1674 191 1753 231 illis
1782 192 1912 241 insint,

117 261 239 288 vanas
270 252 524 300 pronuncias,
567 252 606 290 id
639 257 733 302 puto
763 252 814 291 ad
845 253 918 292 Dei
949 255 1134 293 creatoris
1173 253 1355 303 injuriam
1394 253 1597 303 pertinere.
1659 251 1766 290 Scito
1797 252 1911 298 enim,

81 334 85 339 -
115 306 215 346 haee
245 308 314 347 illa
354 321 440 348 esse
478 309 724 362 accidentia,
759 323 925 361 quorum
957 320 1106 352 creator
1134 324 1265 351 curam
1297 311 1498 359 habuerit,
1540 312 1580 348 in
1610 310 1754 360 quibus
1796 320 1913 348 exor-

115 365 255 404 nandis
289 367 462 416 aliquem
491 368 642 407 radium
673 371 889 420 sapientiae
920 383 1015 410 suae
1046 371 1288 422 impenderit.
1301 367 1355 420 54)
1414 369 1516 409 Ecce
1537 369 1640 408 enim
1669 379 1813 417 negare
1833 378 1913 406 non

114 430 247 474 potes,
290 426 388 464 inter
418 426 576 465 Saturni
616 428 878 466 tardissimum
921 435 960 468 et
990 429 1108 468 Jovis
1148 429 1436 468 velocissimum
1477 439 1561 467 esse
1605 426 1795 476 diapason
1827 426 1913 476 epi-

117 482 298 533 diapente
329 487 641 535 proportionem,
684 488 784 525 inter
820 486 926 526 illius
960 488 1245 527 velocissimum
1287 491 1325 525 et
1365 486 1482 536 hujus
1517 483 1780 524 tardissimum
1818 495 1912 534 pro·-

118 544 334 591 portionem
378 542 565 594 diapason
604 545 839 595 simplicem,
890 548 1073 595 agnoscis
1111 546 1388 614 perfectionem
1436 544 1573 584 harum
1617 543 1912 595 proportionum

120 596 171 654 ¹s3
203 605 240 638 et
277 597 346 655 ¹s2,
379 613 451 641 nee
481 603 603 642 audes
635 615 874 660 asseverare,
903 604 943 642 id
974 605 1133 644 fortuito
1164 606 1219 643 sic
1250 604 1447 650 evenisse,
1488 603 1599 652 quasi
1630 601 1728 640 nihil
1758 599 1807 640 de
1835 599 1911 640 hac

114 669 154 696 re
185 660 382 708 cogitante
421 666 605 700 creatore.
665 651 776 701 Haec
817 665 947 701 omnia
986 675 1073 702 eum
1116 668 1159 702 tu
1190 663 1316 708 scias,
1355 668 1400 700 ut
1441 666 1571 700 tamen
1612 672 1674 700 me
1713 659 1911 699 ulciscaris

114 728 191 754 non
224 716 340 756 valde
370 719 472 757 male
504 722 704 767 meritum,
747 732 791 759 os
823 723 860 758 in
894 721 1045 760 coelum
1077 721 1201 768 tollis,
1243 732 1386 759 vanam
1417 725 1454 758 et
1486 719 1702 763 chimaerae
1743 717 1909 758 similem

113 774 214 813 hanc
254 776 517 816 harmonicam
556 780 844 829 proportionem
884 781 1129 830 pronuncias.
1198 779 1311 818 Haec
1353 790 1400 817 ex
1440 782 1550 828 parte
1590 776 1667 816 Dei
1711 777 1909 815 creatoris.

115 833 227 885 Nunc
257 835 307 872 ad
339 836 419 874 alia
450 842 674 885 convertar,
709 849 809 887 quae
841 838 889 876 ad
922 851 983 877 me
1013 840 1239 889 scriptorem
1272 839 1478 887 pertinent.
1539 836 1599 875 Ac
1626 838 1660 875 si
1689 836 1820 875 omnis
1849 836 1912 872 in-

114 893 201 941 quis
231 896 375 932 anima
392 906 431 941 ‚a
459 896 724 944 planetarum
755 898 978 945 aspectibus
1008 903 1082 936 aut
1110 896 1282 936 motibus
1311 895 1559 946 dependeret.
1621 895 1704 944 Ego
1736 892 1907 943 quidem,

114 949 305 998 Roberte‚
350 956 668 1003 consequentiam
711 954 824 994 video
862 955 1030 1003 nullam,
1082 967 1209 1005 neque
1240 966 1334 993 sane
1377 954 1453 992 hoc
1493 965 1622 992 meum
1665 952 1807 1002 dogma
1838 957 1909 1000 est,

115 1010 210 1047 citra
242 1010 305 1048 vel
335 1017 425 1050 ante
456 1018 583 1051 motus
615 1013 811 1052 coelorum
842 1020 989 1052 motum
1020 1015 1358 1064 vegetationemve
1401 1013 1439 1050 in
1470 1011 1615 1062 plantis
1653 1015 1692 1050 et
1722 1009 1906 1049 animali-

114 1067 187 1105 bus
226 1079 298 1107 nec
338 1069 455 1108 fuisse
497 1083 570 1110 nec
613 1083 698 1110 esse
735 1083 864 1122 posse.
927 1073 1033 1123 Lege
1069 1072 1156 1111 libri
1200 1074 1276 1111 mei
1307 1071 1377 1109 IV.
1416 1082 1500 1120 cap.
1535 1072 1583 1121 7,
1621 1070 1798 1108 invenies
1839 1068 1909 1116 ibi,

114 1130 291 1164 naturam
332 1128 580 1167 sublunarem
622 1142 772 1180 semper
810 1131 1032 1170 incumbere
1065 1132 1170 1181 operi
1202 1142 1296 1177 suo,
1336 1129 1385 1168 ad
1416 1127 1595 1167 stimulos
1635 1138 1727 1167 vero
1768 1138 1909 1176 aspec-

114 1189 222 1222 tuum
253 1188 481 1236 praecipuos
512 1187 666 1238 aliquos
698 1200 834 1239 capere
864 1191 1050 1240 impetus;
1082 1190 1157 1228 hoc
1184 1190 1266 1238 jam
1286 1200 1403 1238 supra
1428 1187 1636 1226 inculcavi.
1699 1185 1744 1224 Si
1759 1190 1913 1234 totum,

115 1244 254 1292 inquis,
286 1256 431 1294 corpus
461 1246 722 1286 harmonicae
759 1250 1106 1297 contemplationis
1143 1250 1190 1285 in
1220 1248 1404 1286 extremis
1440 1240 1720 1295 planetarum
1737 1244 1908 1283 motibus

114 1304 308 1351 consistit,
346 1307 544 1353 sequitur,
587 1306 745 1344 nullam
790 1309 836 1344 in
864 1307 1026 1349 mundo„
1057 1307 1181 1357 fuisse
1219 1306 1479 1344 harmoniam
1518 1308 1612 1342 ante
1648 1303 1908 1353 planetarum

113 1362 355 1408 positionem
384 1364 429 1400 in
461 1364 586 1402 coelis.
647 1364 754 1403 Male
786 1365 951 1414 colligis.
1013 1365 1155 1403 Totum
1195 1366 1234 1402 in
1264 1365 1370 1402 hisce
1402 1361 1497 1411 quid
1526 1361 1690 1411 impedit
1726 1362 1783 1399 sic
1813 1372 1909 1398 con-

115 1419 268 1466 sistere,
310 1424 352 1456 ut
382 1421 495 1459 simul
529 1423 644 1459 etiam
674 1428 801 1461 toturn
841 1425 892 1461 sit
922 1425 960 1460 in
993 1422 1110 1461 aliis?
1170 1423 1256 1460 Non
1290 1426 1349 1461 est
1390 1420 1493 1459 idem
1525 1419 1671 1468 dicere,
1712 1423 1837 1458 totum
1868 1419 1908 1455 in

114 1476 221 1515 hisce
254 1482 292 1516 et
323 1483 446 1517 totum
488 1481 522 1517 in
555 1481 648 1518 solis
688 1480 807 1520 hisce.
871 1481 1043 1530 Quaere,
1084 1481 1272 1528 Roberte‚
1315 1484 1582 1529 quaerantque
1614 1483 1741 1517 tecum
1773 1488 1909 1515 omnes

115 1535 193 1582 alii,
224 1535 386 1574 forsitan
417 1539 516 1576 euim
550 1545 750 1578 occurrent
780 1539 880 1579 aliae
912 1552 973 1578 res
1004 1539 1179 1585 sensiles,
1211 1541 1251 1576 in
1280 1539 1422 1588 quibus
1454 1539 1572 1576 etiam
1602 1538 1653 1575 sit
1683 1547 1909 1586 expressum

116 1599 239 1631 totum
271 1605 408 1645 corpus
441 1596 707 1646 harmonices3
739 1610 840 1648 quae
871 1599 938 1636 ubi
974 1610 1044 1636 vos
1075 1597 1338 1647 protuleritis,
1377 1602 1470 1635 tunc
1500 1607 1573 1645 ego
1605 1599 1724 1644 caput
1755 1595 1908 1633 tertium

114 1651 199 1689 libii
232 1653 306 1691 mei
339 1653 408 1691 IV.
441 1654 679 1695 Harmoniae
711 1649 880 1708 augebo,
911 1656 1076 1706 prolatis
1094 1657 1267 1695 terminis
1287 1655 1455 1704 subjecti
1475 1654 1730 1693 harmonicas.
1782 1651 1908 1702 Quam

117 1722 208 1748 voro
242 1718 283 1749 tu
315 1711 458 1751 doceas
489 1714 730 1753 harmoniam
761 1715 861 1754 lucis
892 1721 931 1753 et
951 1715 1208 1763 tenebrarum,
1240 1725 1343 1779 novo
1365 1719 1403 1751 et
1424 1713 1624 1752 laxissimo
1647 1723 1766 1750 sensu
1785 1711 1908 1757 vocis,

115 1769 151 1805 id
182 1769 263 1817 jam
296 1773 454 1821 saepius
485 1773 524 1809 in
555 1774 819 1822 superioribus
850 1779 910 1812 est
940 1773 1098 1813 dictum.

232 1826 478 1878 Quamquam
521 1832 637 1868 etiam
677 1833 713 1868 in
752 1843 850 1870 voce
889 1832 1253 1882 contemplationis,
1300 1841 1418 1879 quam
1455 1828 1550 1868 mihi
1588 1829 1796 1879 reposuisti
1839 1838 1908 1878 pro

122 1896 209 1923 mea
241 1897 337 1925 voce
369 1892 755 1938 contemperationis,
796 1891 943 1928 lucrum
976 1895 1130 1939 captare
1161 1889 1326 1935 videris,
1367 1887 1437 1926 sed
1474 1888 1628 1926 frustra.
1687 1885 1776 1925 Non
1806 1886 1909 1926 enim

115 1946 238 1981 omnis
269 1956 356 1983 mea
386 1948 666 1996 contemplatio
696 1954 873 1987 versatur
904 1950 941 1985 in
973 1948 1218 1998 planetarum
1246 1947 1428 1993 motibus,
1460 1957 1550 1996 pars
1569 1945 1666 1995 ejunii,
1697 1943 1798 1983 libro
1830 1945 1908 1982 sci-

115 2001 205 2040 licet
236 2002 306 2042 IV.
340 2005 415 2042 mei
448 2007 594 2054 operis,
641 2006 785 2045 decidit
824 2008 862 2043 in
894 2007 1051 2044 Terram
1089 2008 1206 2055 inque
1247 2005 1377 2043 radios
1415 2004 1658 2054 planetarum
1696 2014 1908 2051 eorumque

116 2060 281 2109 angulos
312 2063 350 2098 in
382 2062 502 2100 Terra
531 2064 738 2113 formatos,
770 2077 861 2114 pars
891 2077 1054 2111 rursum,
1086 2065 1184 2102 libro
1216 2063 1363 2101 scilicet
1394 2063 1466 2107 III,
1498 2062 1538 2098 in
1570 2072 1688 2100 voces
1718 2061 1909 2099 humanas

114 2124 151 2156 et
189 2119 432 2158 artificiosas.
495 2121 546 2159 At
583 2124 960 2171 contemperationis
1006 2123 1266 2161 harmonicae
1306 2118 1409 2172 (qua
1448 2119 1787 2158 circumlocutione
1835 2130 1907 2166 ego

115 2179 285 2226 exprimo
318 2169 424 2216 illam
454 2178 685 2231 Ptolemaei,
716 2191 803 2218 cum
834 2196 901 2230 την
931 2196 1001 2219 του
1030 2177 1197 2233 ἡυιιοσιιε
1204 2195 1272 2218 νηυ
1304 2194 1416 2227 φυσιν
1446 2175 1642 2230 nominat)
1674 2181 1798 2216 totum
1820 2189 1908 2216 cor-

115 2247 185 2284 pus
216 2237 371 2274 invenio
404 2238 442 2274 in
474 2239 644 2276 motibus
675 2239 936 2287 planetarum,
979 2244 1110 2276 totum
1136 2243 1322 2286 quantum
1354 2243 1542 2285 quantum
1573 2241 1631 2275 est
1669 2237 1708 2273 in
1743 2236 1906 2274 vocibus

115 2294 305 2341 humanis,
338 2306 414 2332 non
448 2298 626 2347 verosita
658 2301 781 2334 totum
813 2298 853 2334 in
883 2296 1077 2334 radiorum
1110 2295 1275 2345 angulis.
1335 2296 1422 2333 Non
1459 2299 1547 2332 utar
1578 2295 1805 2344 exceptione
1841 2293 1910 2332 illa

110 2353 327 2404 ⁴iustissima
359 2352 405 2392 de
436 2355 551 2392 unico
589 2354 656 2392 illo
687 2355 815 2393 triduo
846 2356 990 2404 primae
1035 2353 1168 2392 mundi
1205 2354 1416 2401 infantiae,
1455 2352 1549 2402 quid
1590 2364 1774 2403 magnum
1806 2353 1909 2390 enim

116 2410 176 2448 vel
208 2411 394 2457 insolens,
437 2413 469 2450 si
499 2424 568 2462 per
599 2413 636 2450 id
667 2425 752 2452 non
776 2414 887 2462 pluit
908 2413 1111 2452 Dominus
1140 2424 1268 2461 supra
1289 2418 1441 2450 terram
1473 2416 1563 2459 etc,
1595 2423 1673 2450 non
1705 2415 1812 2458 utar,
1845 2412 1908 2448 in-

116 2480 255 2517 quam,
288 2470 380 2518 quia
411 2470 504 2508 mihi
537 2483 636 2520 opus
667 2471 735 2510 illa
765 2483 841 2509 non
872 2477 943 2511 est.

230 2526 330 2575 Quid
368 2528 449 2576 jam
491 2540 593 2567 nunc
629 2541 702 2578 ego
733 2531 862 2578 potius
893 2530 1013 2576 facin,
1059 2539 1176 2577 quam
1205 2532 1249 2564 ut
1285 2529 1356 2566 tibi
1399 2538 1470 2565 ceu
1501 2527 1611 2566 alteri
1643 2526 1906 2578 Aristophani,

115 2586 402 2624 festivissimam
435 2586 631 2624 exhibenti
663 2587 900 2625 comoediam
935 2585 993 2639 (in
1027 2597 1105 2634 qua
1133 2590 1353 2624 esi-tremum
1389 2586 1561 2624 hominis
1589 2585 1798 2633 delirium,
1830 2585 1908 2623 tuis

118 2644 462 2686 imaginationibus
503 2645 729 2687 formatum.
782 2646 854 2682 sub
900 2655 1068 2694 persona
1109 2644 1184 2681 mei
1226 2645 1393 2682 nominis
1439 2643 1668 2692 introducis)
1714 2647 1943 2694 spectator·

117 2701 309 2740 assideam
350 2702 530 2740 Socrates
571 2714 665 2752 ego,
707 2703 910 2741 subridens
950 2701 1282 2751 applaudeusque.
1353 2702 1466 2740 Certe
1506 2700 1684 2751 equidem
1723 2713 1905 2749 magnum

117 2760 316 2808 delirium,
349 2760 514 2798 oblitum
546 2763 751 2808 materiae,
781 2762 827 2798 in
857 2772 940 2809 qua
970 2762 1042 2798 lum
1073 2772 1196 2808 opera
1216 2771 1292 2798 sua
1312 2760 1493 2809 desiqnat
1509 2760 1778 2811 profliyandis
1797 2765 1907 2797 tene-

117 2818 218 2861 bris,
259 2818 425 2856 oblitum
462 2819 707 2869 facultatum
740 2823 932 2866 naturae,
976 2818 1129 2866 quibus.
1149 2819 1220 2857 illa
1260 2824 1307 2856 ut
1334 2830 1406 2856 rem
1436 2819 1583 2867 aliquis
1618 2820 1812 2867 imperat,
1853 2817 1908 2854 ad

118 2876 251 2913 stellas
287 2877 499 2926 confuyere
539 2889 632 2914 cum
670 2878 831 2915 ethnicis
875 2882 913 2914 et
953 2887 1052 2925 quae
1094 2883 1308 2925 sequuntur
1349 2878 1518 2914 oratoria
1554 2880 1813 2927 poppysmata
1842 2874 1905 2911 lu-

118 2933 322 2971 xuriantia.

237 2990 366 3029 Solem
396 2992 578 3040 equidem
606 2993 758 3042 fontem
788 2995 918 3030 statuo
948 2995 1078 3029 motu-s
1109 2992 1294 3038 coelestis,
1335 2997 1378 3030 at
1406 2994 1647 3040 sapientiam
1676 2990 1905 3028 creatricem

119 3059 202 3085 non
228 3060 442 3097 pererrare
474 3055 635 3088 tantum
665 3050 810 3088 mundi
839 3050 1007 3097 laticem,
1040 3048 1109 3086 sed
1139 3050 1257 3087 fontis
1289 3050 1412 3099 ipsius
1438 3050 1688 3089 architectum
1719 3058 1903 3096 agnoscO,
