1994 3276
126 97 209 144 :³353
813 101 1012 146 Ptolemaei
1035 100 1244 143 Harmonia.

124 222 254 272 parari
283 225 478 273 poterunt,
510 228 606 274 puta
636 224 942 282 enharmonium,
976 226 1254 266 chromaticum
1274 224 1316 279 V)
1347 232 1386 266 et
1416 225 1677 277 diatonicum;
1708 238 1810 278 quae
1840 227 1927 279 ipsa

124 290 282 330 quoque
322 279 557 320 differentias
599 285 736 323 sortita
777 290 868 323 sunt
907 298 955 325 ex
995 285 1164 336 quadam
1202 284 1471 335 magnitudine
1508 291 1548 324 et
1578 286 1699 334 mole,
1745 297 1846 335 quae
1887 286 1926 322 in

124 337 345 377 elevatione
377 344 446 377 aut
477 343 739 381 contractione
771 345 958 383 consistit.
1018 344 1118 383 Nam
1150 344 1229 383 tale
1264 343 1359 394 quid
1390 344 1521 382 evenit
1551 345 1701 382 ratione
1727 347 1808 382 tam
1829 345 1927 382 situs

124 407 242 446 quam
280 399 487 447 potestatis
532 401 588 448 ei,
628 400 734 450 quod
772 401 935 440 densum
975 402 1260 452 iudensumque
1298 400 1518 453 appellatur
1557 413 1628 452 per
1662 401 1733 440 illa
1770 413 1924 451 genera.

123 455 175 493 Et
205 454 499 494 enharmonium
532 457 687 507 quidem
720 460 1022 510 comparandum
1054 465 1114 499 est
1143 472 1230 499 cum
1261 459 1434 511 physicis
1466 459 1683 510 ethicisque
1715 459 1926 507 habitibus,

124 524 171 551 eo
202 513 309 563 quod
339 517 556 554 communis
596 518 648 555 sit
679 517 755 556 illis
787 530 879 570 prae
910 520 1047 558 ceteris
1077 518 1357 569 magnitudinis
1395 517 1614 565 diminutio.
1677 519 1927 557 Diatonicum

124 582 219 609 vero
258 572 490 622 theologicis
531 579 571 612 et
611 575 780 625 politicis
820 575 1020 616 habitibus
1059 576 1280 627 respondet,
1326 582 1483 628 propter
1520 576 1664 615 ordinis
1704 581 1744 616 et
1772 577 1927 626 magni-

120 628 299 669 ficentiae
330 631 622 672 similitudinem
652 635 692 672 in
714 639 890 685 utroque.
951 635 1240 674 Chromaticum
1262 635 1418 674 tandem
1442 635 1727 674 mathematicis
1749 639 1787 674 et
1809 646 1928 673 oeco-

121 689 284 727 nomicis
314 689 561 740 assimilatur,
595 703 641 731 eo
674 692 779 742 quod
810 695 1024 733 communis
1055 696 1235 744 utrinque
1272 695 1322 732 sit
1351 694 1598 733 mediocritas
1628 695 1727 732 inter
1757 698 1928 732 extrema

123 747 424 786 circumstantia.
486 748 587 788 Nam
617 756 656 789 et
686 750 983 791 mathematicae
1015 754 1201 791 scientiae
1241 753 1445 803 potissima
1475 757 1584 803 parte
1614 757 1817 791 versantur
1848 756 1927 790 tam

122 805 160 842 in
204 804 368 856 physico
409 817 551 856 genere
591 821 709 858 quam
752 811 789 847 in
832 811 1079 861 theologico;
1126 816 1164 850 et
1197 812 1470 850 oeconomicae
1510 811 1747 861 participant
1775 809 1926 858 ethicis,

120 865 271 903 ratione
302 866 481 914 privatae
513 871 551 905 et
581 868 844 917 potestatibus
876 870 1077 919 subjectae
1099 871 1217 916 vitae,
1248 870 1483 919 participant
1504 874 1543 907 et
1562 869 1745 919 politicis,
1777 870 1927 907 ratione

122 924 412 962 communitatis
444 929 483 962 et
513 926 684 975 imperii;
725 938 745 966 e
776 928 935 974 regione
966 928 1243 966 chromaticum
1274 927 1451 966 similiter
1490 938 1706 966 connexum
1737 932 1796 965 est
1826 937 1927 976 quo-

122 978 331 1020 dammodo
370 981 459 1020 hinc
497 994 584 1021 cum
626 986 854 1024 remissione
894 991 932 1024 et
971 986 1135 1025 mollitie
1167 986 1431 1034 enharmonii,
1474 985 1564 1024 inde
1594 996 1682 1024 cum
1713 986 1927 1024 intensione

122 1043 161 1076 et
191 1038 331 1079 duritie
363 1040 568 1091 diatonici3
600 1042 644 1080 fit
674 1045 776 1081 enim
797 1043 1087 1092 chromaticum,
1119 1046 1273 1094 utrique
1292 1044 1529 1094 reliquorum
1558 1043 1755 1092 collatum,
1788 1054 1927 1094 quem—

127 1096 341 1136 admodum
384 1098 547 1148 chorda,
600 1112 702 1150 quae
740 1113 845 1141 mese
888 1102 1048 1151 dicitur,
1103 1108 1160 1142 est
1215 1114 1302 1141 cum
1346 1102 1490 1141 chorda
1527 1101 1932 1153 proslambanomene,

122 1154 302 1206 duarum,
349 1168 450 1207 quae
492 1157 683 1209 diapason
721 1161 980 1210 constituunt,
1023 1162 1193 1211 acutior;
1235 1173 1322 1200 cum
1352 1171 1442 1200 nete
1480 1172 1572 1200 vero
1614 1165 1674 1200 est
1703 1159 1928 1200 facientium

121 1212 312 1265 diapason
343 1217 512 1266 gravior.

236 1283 332 1319 Nota
355 1284 384 1320 Ι.
431 1284 513 1319 Jam
544 1285 582 1320 in
606 1285 677 1320 hoc
703 1285 820 1331 capite
853 1285 1004 1322 virtutes
1036 1297 1108 1322 non
1135 1291 1220 1322 sunt
1249 1285 1406 1332 amplius
1430 1284 1617 1330 potentiae
1648 1282 1852 1329 naturales,
1885 1287 1927 1318 ut

120 1345 199 1380 cap.
227 1336 259 1380 5,
287 1335 351 1372 sed
374 1341 416 1371 ut
439 1337 588 1373 habitus
613 1338 874 1374 exercitatione
900 1340 1100 1385 comparati
1125 1339 1221 1375 circa
1246 1344 1382 1375 certum
1407 1337 1555 1382 aliquod
1579 1347 1694 1383 genus
1719 1346 1851 1372 rerum.

233 1389 331 1425 Nota
355 1389 399 1424 ΙΙ.
449 1390 534 1426 Tria
566 1390 626 1425 hic
658 1401 791 1436 genera
824 1397 952 1427 cantus
986 1392 1170 1428 veteribus
1203 1392 1352 1436 usitata,
1384 1391 1626 1435 diatonicum,
1657 1388 1928 1431 chromaticum,

122 1440 394 1477 enharmonium
441 1453 515 1477 non
549 1442 762 1479 inconcinne
795 1454 882 1479 sane
922 1455 1002 1479 cum
1036 1445 1153 1480 tribus
1189 1444 1364 1479 virtutum
1401 1448 1474 1479 tam
1505 1441 1786 1478 theoreticarum
1817 1453 1927 1487 quam

119 1494 361 1539 practicarum
386 1494 578 1539 generibus
604 1500 871 1542 comparantur,
898 1496 1105 1541 humilibus,
1131 1496 1390 1542 mediocribus,
1416 1495 1511 1531 altis.
1559 1494 1652 1530 Mihi
1675 1498 1798 1529 tamen
1822 1495 1926 1530 satis-

119 1545 254 1586 factum
279 1551 335 1583 est
358 1547 529 1584 nondum.
579 1547 680 1593 Quae
705 1547 800 1583 enim
824 1549 994 1594 utrinque
1019 1549 1149 1585 similia
1173 1549 1392 1595 allegantur,
1426 1553 1511 1585 sunt
1535 1546 1782 1584 tantummodo
1808 1545 1921 1591 quali-

118 1600 231 1636 tativa
261 1600 318 1636 vel
348 1601 467 1646 quasi;
502 1602 636 1647 quippe
670 1601 796 1636 domus
830 1602 983 1648 amplior
1015 1608 1071 1638 est
1096 1602 1240 1638 homine
1267 1603 1393 1647 unico,
1419 1602 1545 1638 civitas
1577 1601 1695 1644 domo,
1729 1605 1766 1635 et
1795 1604 1926 1634 natura

117 1664 238 1689 rerum
263 1653 548 1699 corruptibilium
580 1664 638 1689 res
673 1654 970 1700 mathematicae,
1009 1665 1067 1691 res
1093 1655 1318 1701 theologicae
1344 1654 1500 1700 quodam
1524 1652 1725 1689 altitudinis
1750 1656 1787 1688 et
1809 1650 1926 1687 humi-

119 1705 232 1741 litatis
265 1710 443 1751 conceptu
473 1706 569 1742 inter
599 1716 638 1742 se
669 1705 951 1751 distinguuntur.
1000 1708 1083 1744 Jam
1117 1709 1187 1744 tria
1218 1708 1282 1743 illa
1312 1712 1440 1743 cantus
1475 1716 1608 1752 genera
1643 1716 1716 1740 non
1751 1703 1829 1739 sola
1863 1703 1926 1738 illa

118 1763 313 1804 praetensa
337 1759 583 1804 magnitudine
609 1765 672 1795 aut
697 1758 979 1797 condensatione
1005 1762 1299 1820 distinguuntur,
1325 1760 1388 1796 sed
1414 1759 1528 1794 multo
1553 1758 1667 1802 magis
1690 1749 1924 1802 proprietate,

119 1815 160 1846 ut
184 1810 320 1846 fatetur
343 1812 572 1848 Ptolemaeus
606 1812 696 1857 ipse
749 1812 836 1846 Cum
868 1814 961 1849 enim
992 1814 1094 1850 initio
1119 1825 1192 1849 non
1216 1812 1361 1858 penitus
1397 1816 1520 1848 essent
1542 1814 1650 1848 notae
1675 1808 1926 1855 proportiones

120 1864 379 1899 concinnorum
405 1865 562 1900 omnium
586 1865 621 1899 in
649 1874 719 1899 uno
746 1863 931 1911 diapason,
958 1867 1129 1902 continua
1154 1865 1402 1901 subtractione
1426 1864 1503 1900 toni
1519 1862 1666 1907 majoris
1690 1862 1926 1898 constitutum

119 1920 176 1951 est
201 1921 358 1961 systema
383 1915 618 1962 diatonicum,
651 1916 714 1952 sed
741 1916 871 1952 durum
897 1923 933 1954 et
957 1923 1103 1964 praeter
1127 1922 1305 1954 naturam.
1353 1917 1501 1962 Loquor
1525 1919 1645 1952 autem
1679 1914 1723 1950 de
1747 1924 1780 1958 a;
1795 1912 1924 1959 paratu

118 1974 156 2005 et
187 1969 351 2005 tensione
383 1969 715 2006 instrumentorum.
765 1970 858 2008 Nam
891 1973 988 2017 quod
1020 1982 1145 2007 vocem
1180 1971 1374 2006 humanam
1406 1969 1552 2014 attinet,
1586 1967 1650 2003 illa
1680 1967 1844 2002 naturale
1869 1978 1925 2013 sy-

119 2026 251 2067 stema,
284 2021 391 2067 quale
416 2033 483 2067 ego
509 2022 569 2058 lib.
595 2022 661 2059 111.
693 2033 771 2067 caP.
799 2027 830 2062 7.
858 2025 1051 2070 descripsi,
1077 2029 1206 2070 sponte
1232 2023 1415 2068 sequitur,
1449 2027 1486 2057 et
1515 2021 1689 2056 instinctu
1712 2020 1828 2066 ipsius
1858 2031 1922 2056 na-

117 2079 222 2110 turae
247 2078 284 2110 et
307 2073 417 2119 hujus
442 2073 555 2118 ipsius
581 2076 677 2111 vocis
702 2078 880 2113 humanae
906 2077 1186 2122 comparatione,
1207 2075 1344 2120 jndicio
1363 2085 1412 2110 sc.
1432 2073 1587 2116 auditus,
1609 2071 1831 2108 intellectum
1856 2077 1922 2118 est,

117 2128 358 2164 instrumenta
392 2127 443 2163 sic
475 2133 578 2163 tensa
603 2128 825 2176 duriuscule,
865 2141 929 2166 seu
962 2134 1002 2165 ut
1028 2129 1259 2164 Ptolemaeus
1283 2126 1462 2172 loquitur,
1499 2137 1750 2169 συντονωτερυν
1782 2135 1922 2165 sonare,

118 2180 293 2216 Additum
318 2185 375 2217 est
397 2179 506 2225 igitur
529 2181 797 2227 chromaticum,
823 2182 920 2227 quod
945 2180 1111 2216 duritiem
1135 2180 1233 2219 illius
1257 2179 1442 2219 emolliret,
1473 2178 1570 2222 quod
1593 2176 1750 2225 fortasse
1774 2176 1922 2222 propius

119 2234 156 2269 in
181 2232 363 2269 nonnullis
394 2232 440 2269 ad
464 2233 668 2268 naturalem
694 2234 864 2280 originem
899 2233 1082 2270 divisionis
1114 2232 1319 2278 systematis
1345 2231 1517 2275 accessit,
1551 2229 1615 2266 sed
1647 2234 1684 2265 et
1715 2229 1752 2264 in
1777 2228 1922 2274 quibus-

120 2286 203 2321 dam
228 2285 370 2331 defecit,
397 2290 434 2320 et
458 2286 576 2330 ipsum
602 2286 872 2323 enharmonium
896 2297 981 2322 vero
1007 2286 1130 2322 dedita
1155 2296 1265 2331 opera
1289 2285 1358 2321 fuit
1383 2287 1628 2329 comparatum
1653 2281 1699 2317 ad
1723 2280 1920 2320 mollitiem,

119 2339 331 2384 videturque
354 2337 416 2373 illa
442 2337 658 2373 chordarum
683 2339 964 2375 condensatione
988 2349 1057 2373 vox
1082 2338 1234 2374 tremula
1259 2337 1399 2373 effecta.
1449 2337 1549 2371 Haec
1565 2344 1646 2369 mea
1667 2337 1723 2368 est
1741 2333 1921 2369 sententia
1967 2376 1969 2378 q

119 2392 164 2427 de
198 2392 335 2436 origine
367 2391 476 2427 trium
509 2402 682 2436 generum
715 2397 842 2428 cantus
875 2393 973 2437 apud
998 2396 1148 2426 veteres.
1200 2391 1253 2425 De
1277 2389 1420 2443 du9bus
1450 2398 1534 2423 vero
1559 2384 1750 2431 generibus
1782 2389 1919 2425 cantus,

120 2444 209 2480 duro
235 2449 272 2480 et
297 2444 414 2489 molli,
449 2455 541 2490 quae
567 2450 603 2480 et
627 2445 857 2481 Ptolemaeus
879 2445 985 2489 juxta
1008 2444 1106 2479 illam
1129 2428 1340 2478 divisionem
1364 2445 1526 2476 veterum
1561 2437 1726 2499 agnoscit
1750 2441 1787 2472 et
1810 2435 1920 2472 nomi-

117 2501 182 2532 nat
205 2502 241 2533 et
266 2497 310 2533 de
335 2497 465 2542 quibus
491 2507 559 2541 ego
586 2508 654 2543 ago
679 2509 759 2542 cap.
785 2499 818 2533 6
843 2497 902 2532 lib.
927 2497 992 2541 III,
1017 2506 1075 2531 res
1101 2500 1158 2531 est
1181 2495 1288 2540 longe
1313 2495 1401 2535 alia·
1426 2505 1498 2529 non
1523 2492 1618 2529 enim
1642 2489 1829 2526 arbitrium
1850 2488 1918 2523 hu-

118 2559 273 2595 manum,
298 2561 370 2586 non
396 2551 537 2586 occasio
563 2550 692 2595 aliqua,
719 2549 783 2585 sed
807 2550 887 2594 ipsa
910 2559 1029 2584 rerum
1053 2552 1183 2583 natura
1206 2547 1269 2582 illa
1285 2550 1464 2582 monstrat
1490 2550 1526 2581 et
1550 2546 1644 2580 inter
1662 2552 1701 2577 se
1719 2541 1917 2586 distinguit.

120 2601 192 2638 Sed
215 2602 252 2638 in
276 2613 448 2648 praesens
472 2612 681 2637 maneamus
705 2602 742 2636 in
766 2601 957 2647 generibus
981 2600 1097 2635 tribus
1123 2604 1293 2635 veterum.

236 2654 422 2699 Quomodo
447 2655 557 2700 igitur
586 2654 644 2690 hic
668 2654 819 2689 virtutes
844 2664 910 2688 nos
936 2652 1245 2713 comparabimus?
1293 2651 1479 2696 Numquid
1512 2650 1580 2695 sic,
1614 2646 1709 2695 quod
1734 2644 1811 2681 toni
1833 2657 1916 2691 per·

120 2706 227 2743 fectio
253 2707 426 2744 scientiae
450 2709 633 2769 perfectae
658 2717 867 2753 summoque
893 2706 1001 2752 rigori
1032 2705 1070 2740 in
1094 2706 1253 2741 moribus
1279 2705 1420 2749 similis,
1458 2709 1494 2739 et
1519 2703 1615 2750 quod
1638 2709 1766 2748 peccat
1795 2704 1832 2739 in
1855 2713 1916 2738 na-

120 2762 254 2805 turam,
281 2759 342 2804 qui
367 2761 487 2797 omnia
511 2761 588 2797 vult
612 2758 919 2806 comprehendere
945 2758 1193 2803 scientialiter,
1229 2758 1288 2819 qpi
1316 2768 1396 2793 cum
1422 2757 1585 2792 omnibus
1611 2758 1689 2793 vult
1712 2753 1916 2793 conversari

120 2812 248 2857 stoice,
281 2811 442 2849 laconice
475 2815 512 2850 in
537 2814 654 2850 verbis
676 2818 716 2848 et
739 2812 845 2848 factis
871 2817 907 2848 et
932 2811 1136 2857 disciplina,
1170 2812 1287 2847 omnia
1320 2821 1458 2846 summo
1480 2810 1563 2854 jure
1587 2820 1777 2855 peragere,
1810 2818 1914 2844 suum

121 2864 229 2899 armis
253 2869 290 2900 et
314 2867 348 2901 vi
371 2870 552 2912 repetere,
585 2876 667 2902 cum
691 2865 729 2901 id
752 2875 824 2900 non
848 2864 940 2899 ferat
965 2865 1021 2899 vel
1046 2865 1204 2900 omnium
1227 2875 1346 2900 rerum
1370 2868 1502 2899 natura
1527 2862 1586 2897 vel
1611 2863 1726 2899 omnis
1751 2862 1825 2897 vita
1847 2861 1914 2895 hu-

119 2926 239 2962 mana,
277 2930 358 2954 cum
392 2926 522 2955 natura
550 2919 631 2964 ipsa
661 2918 814 2955 suadeat
844 2918 1188 2961 temperamentum?
1238 2917 1402 2962 Denique
1433 2917 1530 2961 quod
1567 2916 1639 2952 sint
1667 2914 1779 2961 aliqui
1814 2911 1914 2948 habi·

121 2971 195 3012 tus,
222 2979 243 3004 a
266 2975 370 3014 parte
394 2971 577 3007 hominum
602 2982 667 3016 pro
692 2969 885 3005 virtutibus
909 2968 1038 3013 habiti,
1081 2970 1142 3014 qui
1167 2974 1319 3014 peccant
1342 2969 1379 3003 iu
1404 2968 1572 3004 defectu?
1621 2967 1680 3003 Sic
1703 2971 1759 3002 est
1792 2963 1913 3008 topica

122 3016 167 3051 de
192 3021 299 3055 rebus
324 3022 426 3058 seriis
451 3027 487 3058 et
510 3022 717 3059 scientificis
744 3019 959 3066 disputati03
993 3020 1044 3055 sic
1074 3020 1288 3065 humanitas,
1314 3020 1448 3065 cultus,
1484 3019 1682 3055 aulicorum
1705 3026 1840 3060 mores,
1874 3016 1911 3051 in

122 3071 212 3117 vita;
239 3073 290 3108 sic
314 3073 492 3112 lenocinia
513 3086 653 3112 morum
677 3080 714 3111 et
737 3076 937 3119 verborum,
963 3072 1171 3118 eloquentia
1187 3074 1354 3119 asiatica;
1380 3072 1431 3109 sic
1449 3082 1508 3108 ars
1524 3070 1676 3115 amandi,
1702 3070 1752 3105 sic
1768 3068 1910 3113 lenitas,
