1994 3276
756 117 869 155 mer
886 116 952 154 m.
978 117 1097 185 Caput
1116 116 1216 154 vm.
1344 149 1350 153 .
1797 118 1884 159 ‘86¹¹

94 234 321 282 expressi-o
349 234 466 280 magis
497 233 717 280 emphatice,
752 244 836 271 cum
869 233 936 270 ait:
976 243 1147 271 numos
1170 233 1313 281 animae
1337 233 1542 270 mundanae
1573 232 1719 278 penitus
1752 232 1886 270 inditos

93 298 241 327 cam
265 288 443 335 praebere
465 292 503 323 et
519 287 690 324 mundani
713 291 833 324 motus
856 292 895 322 et
917 286 1077 323 musicae
1100 286 1353 324 continentiae
1400 285 1492 321 Item
1523 283 1611 321 alibi
1632 283 1724 321 haec
1747 285 1786 321 in
1809 295 1886 321 cor·

95 350 186 386 pore
206 339 332 378 mnndi
351 337 544 376 intervalla
568 349 651 380 esse
680 338 728 375 ad
750 339 946 384 imaginem
969 339 1211 376 contextionis
1235 339 1392 383 animae3
1417 337 1515 384 quod
1530 342 1652 374 tamen
1674 338 1791 383 magis
1806 347 1886 383 per·-

92 393 185 431 tinet
204 393 254 430 ad
276 403 355 439 cap.
382 393 439 430 14
544 404 547 405 ⁷

203 445 304 483 Nota
325 445 389 482 lx.
436 445 559 481 Etiam
590 444 628 480 in
650 443 810 480 secundo
841 443 911 479 hoc
934 448 1147 488 argumento
1177 442 1378 480 condensat
1400 443 1605 489 emphases.
1651 443 1744 479 Nam
1769 447 1807 479 et
1827 452 1885 480 01¹⁴-

91 497 214 534 dinata
243 496 459 543 regularitas
490 497 660 542 utrinque
690 496 892 533 inculcatur
923 497 1058 542 obiter,
1095 503 1133 533 et
1162 495 1346 532 circularis
1369 496 1547 533 connexio
1580 487 1747 542 prolixe.
1778 494 1886 539 Dicit,

91 549 187 585 sieut
207 549 385 586 motiones
409 548 587 585 coelestes
612 548 812 593 (zodiacum
835 555 957 586 autem
981 550 1176 591 circulum,
1207 549 1276 586 sub
1301 560 1373 594 quo
1396 549 1481 585 illae
1503 547 1688 592 incedunt,
1712 546 1885 583 subintel·

90 599 225 646 tellina)
246 600 287 636 in
309 610 351 637 se
370 599 471 646 ipsas
495 598 652 635 reflexae
674 601 758 646 sint,
783 602 836 639 sic
850 602 960 638 etiam
978 602 1016 638 in
1029 607 1223 647 systemate
1239 602 1403 648 perfecto
1422 610 1595 638 sonorum
1611 600 1774 637 ordinem
1797 609 1884 645 quo-

90 651 280 689 dammodo
301 653 341 692 in
363 663 405 690 se
425 653 546 698 ipsum
567 652 696 699 redire,
720 664 792 691 non
815 660 937 691 tamen
953 654 1167 692 omnimode.

204 705 303 743 Nota
323 706 370 742 X.
416 706 510 742 Nam
532 705 682 751 planeta
704 705 849 751 quidem
881 716 1051 743 emensus
1085 712 1202 743 totum
1238 706 1379 743 zodiaci
1409 706 1567 752 spatium
1601 706 1697 743 redit
1727 706 1767 743 in
1795 704 1887 743 illud

90 756 219 803 ipsum»
233 758 421 804 punctum,
445 758 513 795 sub
537 769 610 804 quo
632 759 849 796 constiterat
869 759 982 805 initio,
1007 762 1045 796 et
1067 759 1201 805 inipso
1218 758 1366 795 zodiaco
1390 758 1531 795 initium
1554 763 1591 794 et
1608 758 1690 794 finis
1707 762 1793 795 sunt
1809 757 1886 793 nni-

91 818 174 845 cum
195 814 234 846 et
256 809 364 856 plane
386 811 582 848 identicum
605 816 800 857 punctum3
826 817 865 848 at
886 813 924 848 in
946 811 1046 858 lyrae
1070 812 1169 848 sonis
1194 822 1311 857 neque
1334 811 1415 848 loco
1444 821 1563 856 neque
1587 816 1769 857 potestate
1792 811 1886 847 idem

91 862 200 908 plane
225 868 284 901 est
304 864 446 901 initium
470 875 554 901 cnm
576 863 660 901 fine.
708 864 872 902 Chordae
895 865 990 901 enim
1012 864 1210 910 parallelae
1234 866 1331 901 inter
1347 874 1387 900 se
1409 868 1538 900 tensae
1562 868 1648 900 sunt
1664 864 1789 900 ordine
1807 873 1885 905 suo,

90 925 114 950 a
136 914 293 953 sinistris
316 915 364 952 ad
388 916 537 953 dextras
562 916 662 952 velut
683 917 721 952 in
744 916 876 953 lineam
898 923 1034 954 rectam
1050 917 1281 962 procedente,
1306 916 1368 952 ubi
1383 915 1593 962 longissime
1621 915 1733 952 distat
1747 915 1884 951 initium

93 977 117 1003 a
139 967 224 1005 fine.
272 968 400 1005 Ordini
422 969 597 1005 linearum
621 975 822 1006 erectarum
845 970 974 1006 tribuit
998 969 1130 1006 lineam
1154 968 1265 1006 veluti
1288 973 1435 1012 rectam,
1465 968 1552 1013 quia
1572 967 1763 1004 intervalla
1785 967 1885 1004 bina·

90 1030 171 1056 rum
193 1020 418 1057 et<binarum
441 1021 624 1058 dimetitur
646 1022 769 1067 aliqua
790 1028 907 1065 recta,
938 1033 1067 1059 secans
1090 1022 1172 1058 illas
1202 1019 1558 1079 perpendiculariter.
1605 1019 1745 1056 Eodem
1778 1019 1885 1056 modo

91 1077 130 1108 et
155 1074 296 1110 ratione
324 1075 535 1119 potestatis,
568 1075 713 1119 qnando
747 1075 874 1121 incipit
907 1075 1084 1120 plectrum
1114 1085 1137 1109 a
1167 1084 1259 1110 sono
1291 1072 1502 1119 gravissimo
1532 1072 1733 1117 procedens
1758 1081 1882 1108 versus

92 1124 286 1171 acutiores,
310 1136 385 1162 non
407 1126 502 1163 redit
525 1126 584 1163 ille
610 1127 735 1163 ordine
758 1126 805 1163 ad
829 1127 1020 1172 pristinum
1042 1126 1305 1171 gravissimum,
1330 1125 1396 1161 sed
1407 1124 1585 1161 ιιοιιιιιιιιο
1601 1123 1718 1160 tendit
1741 1124 1788 1160 ad
1803 1135 1885 1160 acu-

92 1175 219 1222 tiores,
251 1182 289 1214 et
315 1178 354 1214 in
381 1177 455 1214 fine
488 1179 694 1224 systematis
723 1179 886 1224 pervenit
921 1179 967 1215 ad
999 1180 1158 1215 omnium
1189 1178 1448 1215 acutissimum.
1503 1177 1609 1213 Hanc
1640 1176 1885 1214 diversitatem

92 1286 298 1326 respectum
319 1281 520 1320 identitatis
542 1283 697 1328 invenit,
731 1294 838 1328 quem
863 1289 1049 1330 comparat
1073 1295 1157 1320 cum
1179 1283 1368 1320 identitate
1391 1282 1559 1329 principii
1591 1286 1630 1319 et
1651 1282 1734 1319 finis
1758 1282 1796 1318 in
1818 1282 1886 1319 cir·

93 1332 186 1369 culis
208 1338 247 1370 et
269 1334 486 1371 motionibus
511 1335 741 1373 coelestibus.

0 1396 19 1427 ῑι
208 1386 306 1423 Nota
327 1387 392 1423 XI.
440 1388 477 1423 Is
501 1399 586 1425 vero
610 1395 798 1434 respectus
826 1399 898 1424 non
925 1393 984 1424 est
998 1388 1116 1434 ipsius
1140 1398 1206 1433 per
1230 1397 1270 1424 se
1299 1387 1475 1425 acuminis
1505 1391 1543 1423 et
1565 1387 1756 1434 gravitatis
1780 1396 1885 1424 sono·

0 1442 21 1491 ξ
89 1446 169 1472 rum
192 1438 275 1482 (etsi
298 1440 406 1476 etiam
429 1440 499 1477 hae
524 1446 609 1477 sunt
633 1441 856 1479 differentiae
880 1441 1056 1487 quaedam
1081 1439 1269 1487 generales
1292 1440 1507 1476 facultatum
1530 1440 1567 1475 in
1591 1439 1713 1484 sonis),
1742 1438 1809 1475 sed
1831 1442 1889 1475 est

90 1490 206 1536 primo
229 1493 454 1538 specialioris
483 1494 636 1540 alicujus
660 1506 832 1532 sonorum
854 1494 1059 1538 facultatis,
1094 1503 1188 1538 quae
1212 1495 1270 1528 est
1299 1501 1470 1528 sonorum
1499 1501 1545 1527 ex
1569 1492 1738 1536 opposito
1761 1490 1890 1527 identi-

92 1551 232 1588 corum,
265 1554 350 1590 scu,
383 1552 424 1582 ut
448 1548 563 1583 nostri
586 1547 715 1589 musici
738 1545 943 1591 appellant,
973 1545 1149 1590 diapason
1173 1544 1397 1588 facientium3
1434 1542 1595 1580 secundo
1619 1547 1676 1579 est
1698 1547 1887 1589 respectus

0 1610 26 1664 »ἐι
91 1593 200 1631 otiam
221 1603 369 1635 mutuae
392 1599 615 1637 habitudinis
639 1611 820 1643 sonorum,
844 1609 939 1644 quae
963 1599 1111 1643 propria
1135 1604 1192 1633 est
1213 1597 1285 1632 illis
1303 1596 1402 1633 sonis
1419 1594 1650 1654 quindecim
1638 1605 1676 1630 ιιι
1692 1599 1887 1640 systemate

3 1668 26 1691 e
83 1641 267 1690 Pfflfecto.
312 1650 407 1687 Nam
431 1653 516 1696 quia
539 1653 769 1688 Ptolemaeus
794 1651 922 1687 statuit
941 1656 1079 1696 septem
1097 1650 1236 1695 species
1253 1649 1441 1694 diapason,
1465 1647 1574 1683 illae
1563 1658 1600 1682 ιιι
1618 1658 1690 1683 uno
1707 1653 1745 1683 et
1760 1646 1886 1684 eodem

93 1697 249 1746 simpli01
270 1707 466 1748 systemate
488 1704 596 1740 unius
619 1704 804 1750 diapason
819 1715 894 1740 non
916 1709 1072 1764 possunt
1095 1701 1249 1747 ostendi,
1274 1701 1344 1736 nisi
1361 1700 1514 1737 subinde
1538 1700 1693 1736 chordas
1710 1700 1789 1744 ejus
1805 1704 1887 1736 octo

3 1790 9 1802 9
93 1749 235 1796 thquas
263 1754 374 1790 aliter
405 1760 515 1800 atque
542 1756 648 1792 aliter
670 1757 817 1802 tendas3
848 1762 887 1793 at
918 1757 948 1793 si
979 1757 1050 1792 duo
1074 1755 1248 1800 diapason
1281 1758 1479 1798 systemata
1511 1764 1592 1788 cnm
1617 1752 1761 1801 chordis
1785 1751 1887 1797 quin—

5 1810 26 1851 j}
93 1803 209 1840 decim
233 1806 510 1853 conjungantur,
534 1808 593 1844 hic
612 1809 689 1853 jam
714 1820 838 1846 omnes
862 1810 1002 1855 species
1027 1809 1202 1853 diapason
1227 1807 1407 1851 designari
1423 1810 1588 1850 possunt.
1638 1804 1729 1840 Vide
1745 1814 1790 1853 ex
1805 1813 1886 1838 meo

90 1855 181 1891 libro
204 1856 271 1892 111.
304 1868 382 1905 cap.
406 1861 460 1895 15.
508 1861 607 1906 Ergo
632 1862 663 1896 si
686 1862 840 1897 maxime
866 1862 942 1906 jam
966 1861 1112 1896 tertium
1145 1860 1420 1905 adjungeretur,
1452 1867 1525 1892 non
1556 1856 1642 1892 inde
1673 1856 1888 1892 elicerentnr

91 1919 206 1945 novae
227 1909 370 1955 aliquae
394 1912 533 1956 species
557 1913 672 1958 ipsius
700 1914 887 1959 diapason,
912 1913 977 1949 sed
1001 1913 1150 1949 eaedem
1173 1922 1316 1956 rursus,
1341 1920 1434 1954 quae
1458 1910 1595 1956 primae
1619 1912 1723 1944 erant
1745 1908 1783 1943 in
1806 1917 1885 1953 per-

91 1961 189 1998 fecto
212 1968 420 2009 systemate,
443 1966 700 2001 tantummodo
718 1966 784 2001 sub
809 1965 1029 2002 acutioribus
1054 1965 1153 2000 sonis
1178 1961 1470 2008 comprehensae.
1518 1961 1568 1997 Et
1591 1961 1644 1996 sic
1667 1960 1808 2006 gemina
1829 1971 1886 1997 ra-

60 2051 62 2054 ,
94 2015 192 2051 tione
215 2015 268 2061 fit,
294 2021 336 2051 ut
359 2017 468 2053 etiam
492 2018 529 2053 in
554 2023 749 2064 systemate
771 2019 934 2064 perfecto
959 2029 1030 2053 vox
1053 2018 1090 2053 in
1107 2016 1279 2052 circulum
1296 2014 1558 2059 quodammodo
1573 2014 1710 2058 redeat,
1733 2013 1887 2058 primum

91 2067 230 2103 ratione
252 2079 380 2104 vocum
397 2070 629 2126 singularum,
655 2071 740 2116 quia
762 2076 955 2116 postquam
974 2082 996 2105 a
1014 2070 1046 2107 G
1071 2079 1193 2105 omnes
1211 2069 1389 2104 diversum
1414 2066 1501 2112 quid
1525 2071 1733 2111 sonnerunt,
1761 2069 1887 2100 octava

92 2118 235 2154 demum
256 2131 282 2166 9
303 2120 400 2156 idem
423 2118 695 2182 quodammodo
713 2130 818 2159 sonat
842 2135 923 2159 cum
949 2124 1001 2168 G,
1032 2128 1068 2160 et
1091 2123 1223 2158 iterum
1255 2119 1482 2165 quindecima
1500 2130 1548 2166 99
1580 2118 1676 2153 idem
1699 2127 1781 2153 cum
1802 2129 1827 2163 9
1849 2122 1886 2152 et

91 2180 172 2207 cum
198 2170 247 2217 G,
272 2172 402 2209 deinde
426 2175 565 2210 ratione
590 2174 697 2211 seriei
720 2186 847 2211 vocum
872 2181 967 2219 octo,
992 2185 1084 2219 quae
1109 2174 1236 2217 series,
1262 2172 1294 2208 si
1317 2171 1463 2207 altiores
1487 2170 1708 2206 adderentur
1730 2163 1886 2204 chordae

92 2224 279 2269 systemati
302 2225 480 2271 perfecto,
513 2228 639 2263 eadem
653 2227 817 2274 rediret;
850 2239 922 2273 quo
947 2228 1090 2263 nomine
1114 2236 1238 2262 omnes
1263 2225 1403 2270 species
1428 2223 1603 2268 diapason
1626 2221 1671 2257 ab
1696 2220 1804 2256 unico
1829 2229 1884 2265 sy-

26 2486 59 2718 ‘fd'ssmiw
8 2083 48 2352 Wvssffiffl
9 2062 22 2077 π’
11 2034 30 2057 32¹
8 1891 30 2028 =‘*P‡2·'‘01‘-'<-0s-‘·'w
7 1849 26 1883 ¹⁵⁴³,
8 1793 26 1806 ἐκ
14 1783 27 1787 ε
0 1753 28 1778 ῑΐέῐ
2 1700 26 1747 '5323'

86 2323 168 2361 sola
190 2328 371 2373 positione
395 2329 501 2366 datur
523 2331 760 2376 principium,
792 2343 865 2368 non
891 2332 999 2367 etiam
1024 2336 1168 2373 natura,
1198 2332 1251 2367 sic
1275 2331 1383 2366 etiam
1412 2330 1448 2364 in
1473 2329 1544 2364 hoc
1576 2327 1739 2373 perfecto
1765 2329 1880 2370 syste-

90 2383 185 2415 mate
207 2382 278 2417 us'u
302 2382 417 2426 venit,
446 2387 487 2418 ut
517 2383 610 2420 inter
641 2384 782 2420 infinita
814 2385 989 2429 diapason
1022 2383 1277 2428 unaquaelibet
1307 2383 1448 2418 illarum
1480 2381 1695 2417 chordarum
1728 2384 1885 2424 systema

89 2432 238 2478 incipiat
259 2442 376 2493 neque
400 2443 443 2468 ea
467 2441 606 2480 septem
641 2437 719 2481 ejus
748 2438 889 2482 species
915 2438 1091 2482 diapason
1117 2436 1219 2495 Justa
1252 2435 1345 2472 serie
1369 2434 1521 2470 ordinet.
1568 2431 1619 2467 Et
1648 2431 1819 2491 amplius,
1852 2429 1883 2465 si

48 2481 227 2530 lubeat,
259 2496 399 2530 species
423 2485 486 2522 illa
511 2487 705 2533 diapason,
738 2500 831 2534 quae
856 2489 1015 2525 tenditur
1039 2488 1084 2524 ab
1108 2488 1146 2523 A
1168 2488 1205 2523 in
1229 2499 1263 2532 a,
1288 2490 1410 2532 potest
1435 2485 1542 2520 etiam
1566 2483 1678 2528 incipi
1701 2485 1747 2519 ab
1772 2495 1813 2529 a,
1847 2490 1884 2518 et

92 2537 239 2573 extendi
267 2549 335 2583 per
357 2538 457 2574 locos
482 2540 607 2576 ordine
631 2542 868 2578 succedentes
898 2543 996 2578 ultra
1021 2551 1225 2587 supremam
1249 2538 1420 2576 chordam
1441 2549 1506 2584 99,
1540 2536 1711 2580 quodque
1742 2534 1884 2570 excedit

54 2592 183 2633 (cum
206 2600 279 2626 non
302 2596 518 2636 prorogetur
543 2598 702 2653 systema
724 2594 925 2639 perfectum
950 2604 1067 2639 usque
1090 2594 1127 2628 in
1152 2599 1211 2630 aa)
1236 2595 1358 2638 potest
1382 2591 1428 2625 ab
1452 2588 1555 2634 infra,
1580 2600 1603 2624 a
1620 2588 1677 2624 G
1667 2599 1704 2623 ιιι
1720 2588 1757 2623 Α
1780 2587 1881 2632 addi3

76 2640 159 2676 erit
189 2643 284 2679 enim
308 2643 432 2679 eadem
457 2646 597 2690 species
626 2643 808 2691 potestate
838 2647 1127 2690 intervallorum,
1164 2644 1312 2690 perinde
1345 2652 1387 2677 ac
1416 2641 1447 2676 si
1480 2650 1649 2686 suprema
1670 2652 1695 2686 9
1717 2630 1775 2675 vel
1798 2639 1883 2674 dex-

89 2692 177 2730 tima
197 2707 246 2742 99
262 2695 390 2740 juncta
415 2703 512 2733 esset
536 2698 628 2734 imae
650 2698 710 2734 vel
732 2698 931 2735 sinistimae
956 2699 1005 2740 G,
1030 2703 1071 2734 ut
1090 2699 1166 2742 jam
1189 2696 1366 2741 sequitur

52 2799 59 2810 V
204 2759 300 2795 Nota
322 2761 402 2798 XII.
452 2762 600 2797 Zodiaci
627 2763 843 2807 principium
872 2768 929 2799 est
958 2767 1131 2808 punctum
1161 2758 1426 2804 aequinoctiale
1455 2767 1604 2792 vernum
1639 2767 1704 2792 seu
1738 2757 1877 2793 initium

58 2809 243 2858 Arietis,
275 2819 312 2850 et
340 2813 411 2850 hoc
444 2814 560 2850 nobis.
608 2815 658 2850 At
691 2814 771 2858 ejus
794 2814 875 2850 loco
906 2816 944 2851 ιιι
977 2816 1077 2851 zonis
1093 2812 1385 2849 meridionalibus
1416 2815 1472 2845 est
1495 2810 1711 2855 principium
1738 2809 1881 2849 Librae

36 2867 66 2924 {a
90 2861 192 2900 Haec
215 2871 352 2912 puncta
375 2867 444 2902 etsi
473 2871 603 2902 natura
631 2863 793 2902 motuum
823 2872 1017 2912 monstrat,
1052 2872 1091 2902 at
1114 2877 1185 2901 non
1216 2874 1281 2909 pro
1304 2863 1517 2899 necessariis
1537 2862 1675 2898 zodiaci
1698 2862 1882 2908 principiis

39 2917 262 2977 ⁴‘golitrudin
286 2929 475 2964 possemus
499 2920 594 2955 enim
617 2919 715 2969 illam
738 2920 844 2954 etiam
869 2919 1014 2956 aliunde
1037 2920 1214 2964 incipere,
1247 2916 1378 2951 bonam
1401 2915 1578 2950 rationem
1601 2915 1729 2951 secuti.
1775 2914 1880 2951 Valet

37 2959 201 3026 “3}kitur
222 2972 292 3007 hoc
315 2971 456 3007 initium
478 2972 591 3019 thesi,
625 2965 676 3007 sic
699 2976 835 3016 tamen,
867 2979 910 3008 ut
932 2973 1023 3010 haec
1046 2972 1178 3018 positio
1208 2979 1337 3005 causas
1361 2967 1566 3012 probabiles
1600 2977 1623 3002 a
1645 2971 1776 3003 natura
1804 2977 1879 3003 mu-

51 3015 226 3065 Quem·
274 3025 313 3060 Si
336 3035 438 3069 ergo,
462 3025 599 3069 inquit,
629 3023 667 3058 ιιι
691 3028 885 3068 systemate
906 3025 1071 3069 perfecto
1094 3032 1192 3058 mese
1216 3019 1427 3065 aequalibus
1450 3018 1648 3055 intervallis
1671 3024 1810 3056 remota
1833 3020 1880 3056 sit

75 3079 135 3112 st
153 3085 177 3112 a
197 3076 562 3122 proslambanomeno
579 3080 616 3111 et
639 3086 662 3111 a
684 3080 779 3121 nete,
803 3080 841 3111 et
863 3075 895 3111 si
918 3076 1072 3112 circulus
1096 3074 1263 3110 zodiacus
1288 3072 1326 3108 in
1348 3071 1494 3117 longum
1510 3076 1694 3119 extensus,
1719 3072 1879 3110 sectione

28 2666 59 2713 ξ

28 2707 55 2737 ⁵1⁶1·

36 2795 41 2804 ι

91 1203 318 1267 musicalium
339 1241 364 1267 a
385 1231 604 1269 coelestibus
628 1232 765 1268 fatetur
787 1232 1028 1278 Ptolemaeus,
1063 1232 1134 1268 hoc
1158 1237 1278 1267 tamen
1302 1242 1375 1267 non
1399 1230 1569 1268 obstante
1597 1229 1707 1266 alium
1731 1229 1887 1289 aliquem
1914 1256 1919 1260 -

84 2281 244 2322 ,minate
266 2277 429 2321 perfecto
454 2278 685 2314 determinari
721 2285 758 2314 et
779 2280 818 2315 in
842 2279 930 2314 illud
964 2278 1161 2324 constringi
1190 2284 1287 2314 recte
1311 2278 1490 2312 dicuntur.
1537 2276 1588 2311 Et
1618 2279 1658 2310 ut
1688 2274 1726 2308 ιιι
1749 2271 1884 2308 circulo
1929 2283 1931 2285 ¹
