1988 3276
105 121 159 162 60
604 90 790 161 Epistolae
813 113 961 161 Kepleri
984 115 1207 160 aliorumque
1230 117 1374 169 mutuae

101 235 207 270 tiendi
230 233 360 275 aliquid
382 235 462 267 novi
486 235 719 275 impressorum
751 236 883 266 tuorum
907 244 1059 278 operum,
1093 235 1286 275 praesertim
1320 233 1424 266 libros
1456 235 1579 276 primos
1602 233 1888 273 Harmonicorum,

100 285 239 316 haberes
265 281 481 324 discipulum,
518 281 577 321 qui
612 281 679 312 tuis
702 283 923 313 monumentis
954 283 1099 321 maxime
1129 284 1261 314 vacaret
1292 282 1475 321 horumque
1505 280 1657 322 plurimis
1690 281 1889 313 desiderium

102 330 309 371 accenderet;
337 332 370 359 et
393 329 577 367 cuicunque
600 327 810 359 mandaveris
832 327 1086 368 persolvendum
1111 338 1198 366 esse,
1223 329 1313 368 quod
1338 329 1492 371 debuero,
1521 337 1633 360 omnes
1657 330 1784 360 sumtus
1809 337 1890 360 con-

102 379 194 408 tinuo
218 375 403 408 reddentur.
452 375 516 408 Sed
540 375 623 405 mihi
646 374 760 406 videor
782 375 882 406 nimis
906 374 1056 415 prolixus
1088 375 1190 406 fuisse
1221 378 1254 407 et
1277 375 1417 407 sortasse
1440 376 1540 406 nimis
1570 377 1741 416 appetens.
1777 374 1890 417 Parce,

102 425 252 466 obsecro,
289 423 426 455 amanti.
474 421 582 453 Ardor
606 421 693 452 enim
723 422 788 453 mei
814 431 890 461 erga
914 422 959 453 Te
983 422 1088 453 animi
1112 421 1250 453 ulterius
1283 431 1335 454 me
1359 422 1487 464 rapuit,
1521 430 1621 461 quam
1645 430 1720 453 cum
1750 421 1891 453 scribere

103 471 195 511 coepi
221 469 391 509 opinabar.
440 468 477 500 Si
500 469 551 499 vis
576 468 658 500 scire
683 468 819 507 quinam
843 478 901 507 ego
927 469 1000 510 sim,
1023 470 1103 509 J'ube
1126 479 1177 500 me
1194 468 1324 508 aliquid
1348 469 1462 507 magni
1483 471 1543 499 tua
1565 477 1666 500 causa
1682 468 1789 500 obire:
1813 476 1891 500 mox

102 518 143 549 ab
170 515 338 549 effectibus
363 515 585 547 conditionem
609 523 770 554 agnosces
795 513 1039 554 qualitatesque
1074 524 1175 549 meaS.
1225 516 1373 547 Venetiis
1399 515 1489 546 xm.
1514 513 1584 547 Gal.
1609 515 1695 548 Febr
1722 511 1821 549 1619.

216 564 277 595 His
300 559 406 594 literis
431 564 688 603 supervenerunt
711 560 799 592 aliae
823 560 964 593 Blanchi
988 561 1105 593 literae
1130 560 1173 604 (d.
1201 560 1271 593 Cal.
1288 562 1405 602 Febn),
1429 562 1465 592 in
1491 562 1611 602 quibus
1633 561 1729 603 petit,
1752 563 1791 593 ut
1814 560 1891 592 libri

103 610 238 651 Kepleri
261 608 328 639 sibi
350 610 526 640 mittantur
547 617 607 648 per
629 611 842 640 mercatorem
868 608 968 640 Andr.
996 608 1110 649 Super.

214 652 383 695 Kepleri
406 656 574 696 responsio
591 664 713 694 magna
729 664 768 686 ex
785 658 879 695 parte
903 654 1113 698 astrologica,
1139 654 1277 687 delicias
1297 654 1454 693 Blancbi,
1476 655 1598 686 tractat
1620 655 1654 686 et
1683 654 1728 686 ad
1744 653 1891 686 Harmo-

100 710 191 740 niam
215 718 308 742 suam
339 709 391 740 his
415 707 552 739 transit:
587 701 801 741 Ptolemaei
821 701 1058 742 Harmonica
1076 714 1163 741 cum
1185 702 1426 741 Aristoxenis
1447 701 1586 750 habeo,
1605 702 1793 752 impressa
1806 701 1892 741 Ve-

101 763 215 800 netiis
239 761 343 813 apud
356 760 604 800 Vincentium
619 759 857 811 Valgrisium
872 773 906 799 a.
928 761 1050 810 1562,
1072 763 1277 811 interprete
1296 760 1386 799 Ant.
1403 759 1622 810 Gogavino.
1653 759 1892 811 Interpreta-

101 821 245 860 tionem
277 832 324 860 ex
344 820 603 869 manuscripto
636 817 786 858 Graeco
807 830 950 858 novam
969 820 1052 870 ipse
1073 819 1187 868 addo,
1219 820 1345 858 minus
1375 819 1472 858 forte
1500 817 1691 866 Latinam,
1722 818 1791 858 sed
1811 830 1893 858 ma-

101 880 172 930 gis,
203 883 247 918 ut
276 890 413 930 spero,
447 879 714 928 conspicuam3
745 877 920 928 intellige
949 877 1024 917 hoc
1054 877 1102 918 de
1132 882 1241 929 parte
1270 877 1359 917 libri
1389 877 1485 926 ΙΙΙ.,
1522 887 1639 926 quam
1669 878 1777 927 operi
1805 887 1893 916 meo

102 937 308 988 subjungo.
359 935 508 987 Quodsi
539 947 639 986 quae
669 936 839 975 indicavi
858 936 946 975 loca
967 938 1092 987 operis
1114 948 1315 976 censuram
1342 947 1419 975 non
1439 939 1609 974 metuere
1629 933 1782 983 debent,
1809 931 1894 985 jam

104 996 174 1035 abs
215 1000 253 1036 te
292 994 468 1046 judicata
508 996 606 1033 ratio
646 999 727 1044 est,
768 1006 845 1045 qua
883 1006 969 1034 cum
1007 995 1083 1034 hoc
1122 1006 1239 1046 opus,
1272 998 1352 1033 tum
1388 992 1666 1045 Ephemeridas
1694 993 1892 1043 Venetias,

105 1058 249 1105 quanto
281 1065 416 1094 censes
446 1064 619 1103 numero,
650 1054 814 1094 mittam.
875 1053 975 1092 Nam
1012 1053 1117 1092 illius
1149 1054 1373 1093 mercatoris
1404 1052 1530 1103 Super
1560 1048 1756 1105 (Schoper
1788 1050 1892 1091 Ger-

102 1109 296 1166 manice),
329 1112 439 1163 cujus
469 1113 509 1150 in
539 1113 816 1163 posterioribus
847 1112 1072 1162 meministi,
1114 1117 1300 1162 patronus
1331 1123 1401 1151 seu
1430 1108 1658 1165 principalis
1688 1109 1893 1163 Johannes

103 1171 177 1211 Sec
205 1171 358 1210 habitat
387 1170 546 1210 Welsae
577 1170 721 1221 oppido
751 1171 864 1209 nobis
894 1167 1044 1220 vicin03
1082 1182 1195 1220 quem
1227 1169 1466 1220 Schoperum
1495 1169 1530 1208 si
1555 1168 1705 1219 jubeas
1726 1168 1894 1208 scribere

103 1234 267 1281 patrono
299 1240 390 1279 suo,
428 1233 472 1267 ut
501 1230 534 1267 is
564 1229 659 1268 mihi
689 1228 879 1279 spondeat
908 1240 977 1280 pro
1009 1230 1132 1279 pretio
1162 1229 1367 1277 librorum,
1409 1229 1446 1267 ei
1476 1237 1550 1278 ego
1579 1226 1700 1270 libros
1729 1226 1893 1278 tradam,

106 1300 204 1339 quos
233 1289 361 1327 mittet
391 1286 594 1336 Venetias‚
631 1287 838 1327 linteorum
870 1287 1143 1336 voluminibus,
1176 1287 1406 1337 quibuscum
1447 1285 1690 1336 negotiatur,
1731 1287 1772 1325 in
1803 1297 1894 1325 eas-

105 1347 191 1387 dem
222 1347 392 1385 sarcinas
431 1350 665 1396 compactos.
726 1346 853 1385 Video
884 1357 956 1385 vos
988 1346 1220 1396 exprobrare
1250 1345 1346 1383 mihi
1374 1345 1566 1396 promissa
1594 1355 1712 1394 saepe
1742 1342 1809 1383 diu
1839 1344 1894 1382 ir-

103 1407 195 1445 rita:
237 1407 370 1455 itaque
410 1404 629 1456 exemplum
667 1406 778 1443 mitto
810 1416 959 1453 eorum,
1002 1416 1103 1454 quae
1142 1404 1344 1454 hucusque
1381 1404 1422 1441 in
1451 1402 1698 1441 Harmonicis
1739 1414 1764 1442 a
1792 1400 1892 1442 libro

103 1463 177 1504 III.
211 1468 301 1502 sunt
332 1474 486 1502 excusa.
547 1462 647 1501 Nam
677 1474 764 1502 cum
804 1462 855 1502 ad
884 1462 1063 1502 Rhenum
1094 1461 1280 1503 excudere
1318 1462 1542 1501 statuissem
1573 1471 1689 1511 opus,
1732 1459 1892 1500 dimise—

104 1534 186 1561 ram
217 1521 314 1561 duos
344 1523 488 1572 primos
517 1521 636 1560 libros
667 1534 691 1560 a
721 1533 802 1570 me,
835 1522 901 1572 qui
927 1522 1032 1572 Jam‚
1064 1524 1272 1573 postquam
1302 1521 1521 1559 institutum
1550 1516 1718 1568 mutavi,
1749 1518 1800 1559 ad
1828 1530 1890 1558 me

106 1582 257 1620 remissi
287 1584 389 1628 sunt,
420 1580 529 1619 initio
555 1580 637 1630 jam
667 1579 770 1619 facto
801 1591 825 1618 a
854 1580 952 1619 libro
984 1579 1055 1618 111.
1108 1578 1219 1629 Quae
1249 1580 1364 1630 igitur
1393 1591 1441 1618 ex
1462 1577 1667 1628 multiplici
1696 1582 1766 1617 tua
1795 1576 1891 1618 doc-

105 1641 206 1678 trina
236 1638 283 1677 de
315 1639 542 1688 quaestione
571 1638 641 1677 illa
669 1640 790 1677 mixta
820 1637 982 1678 candide
1021 1642 1060 1677 et
1088 1649 1193 1677 more
1223 1637 1317 1676 mihi
1348 1639 1494 1676 usitato
1525 1647 1676 1675 mecum
1714 1646 1889 1675 commu-

106 1698 264 1746 nicasti,
310 1697 452 1736 bonam
489 1696 584 1735 mihi
615 1708 723 1748 spem
751 1696 957 1746 praebent:
996 1707 1069 1736 nec
1099 1697 1201 1736 enim
1232 1707 1405 1746 eousque
1444 1707 1528 1735 sum
1557 1698 1784 1746 provectus,
1821 1693 1892 1734 sed

109 1757 214 1795 irrito
244 1756 367 1806 magis
399 1754 602 1806 theologos
634 1754 822 1806 quosdam
851 1756 891 1793 in
924 1754 1131 1795 Germania
1163 1752 1260 1809 (non
1291 1766 1385 1794 sane
1414 1754 1665 1806 praecipuos,
1705 1751 1776 1792 sed
1802 1752 1890 1805 ple-
1932 1783 1938 1785 -

109 1814 218 1864 bejos
248 1811 509 1867 plerumque),
542 1815 620 1863 qui,
651 1813 758 1852 nulla
789 1813 988 1864 dignitatis
1019 1814 1132 1853 officii
1163 1813 1298 1852 habita
1326 1813 1488 1861 ratione,
1518 1808 1768 1863 prognostica
1796 1812 1894 1851 scri—

109 1873 205 1912 bunt
235 1876 273 1911 et
304 1871 534 1910 Calendaria
563 1873 806 1922 ineptissima
836 1876 873 1910 ct
902 1884 1074 1923 geneses>
1096 1872 1399 1922 superstitiosas.
1447 1870 1692 1919 Videbis‘et,
1723 1870 1758 1908 si
1788 1869 1895 1919 quod

108 1930 319 1982 periculum
350 1934 389 1968 et
419 1929 512 1979 quid
543 1941 719 1969 censores
751 1931 901 1980 possint
933 1941 1137 1981 opponere,
1169 1929 1509 1981 particularissime
1537 1927 1739 1977 rescribas,
1770 1928 1895 1968 vehe-

110 1993 254 2028 menter
286 1999 365 2027 oro.
427 1988 486 2027 De
517 1993 625 2027 motu
656 1989 797 2027 Terrae
827 1988 952 2038 major
982 1987 1208 2038 difficultas,
1250 2000 1336 2028 cum
1365 1986 1544 2037 videam,
1576 1997 1777 2027 censuram
1806 1986 1894 2027 edi-

109 2053 189 2087 tam
219 2050 256 2086 et
284 2045 523 2097 publicatam
554 2049 670 2086 etiam
699 2060 724 2086 a
753 2051 790 2085 te
821 2047 906 2096 ipso
936 2046 1148 2097 perhiberi,
1181 2058 1294 2096 quem
1323 2045 1420 2085 nihil
1448 2046 1584 2085 horum
1611 2044 1732 2084 latere
1752 2049 1894 2096 potest.

111 2106 231 2156 Atqui
261 2116 373 2144 secus
412 2116 484 2154 ego
516 2105 763 2154 credideram,
795 2104 923 2144 adhuc
952 2105 1060 2143 illam
1091 2106 1129 2142 in
1151 2104 1427 2144 deliberatione
1447 2116 1532 2144 esse
1562 2102 1727 2143 necdum
1747 2103 1895 2143 Summi

112 2163 311 2203 Pontificis
342 2164 571 2202 auctoritate
610 2164 842 2203 roboratam.
902 2162 1041 2213 Itaque
1083 2163 1347 2214 suppeditavit
1383 2163 1481 2202 haec
1509 2173 1682 2202 meorum
1709 2161 1896 2202 librorum

108 2235 176 2274 per
203 2221 360 2260 Italiam
398 2221 599 2260 calamitas
642 2223 884 2262 occasionem
923 2220 1027 2260 lusui
1063 2222 1230 2271 ingenii:
1273 2220 1367 2272 quid
1404 2222 1438 2260 si
1467 2220 1703 2261 advocatum
1740 2232 1895 2272 agerem

119 2280 321 2332 Copernici
352 2279 402 2318 ad
433 2291 635 2330 censores,
675 2280 909 2320 advocatum
940 2281 1058 2319 etiam
1089 2280 1173 2330 ejus
1205 2278 1498 2331 discipulorum
1537 2290 1614 2319 non
1650 2290 1778 2318 meum
1807 2279 1896 2330 qui-

115 2339 202 2378 dem
231 2344 298 2377 aut
329 2336 619 2387 Germanorum,
651 2340 718 2389 qui
747 2338 965 2377 Romanam
997 2338 1199 2378 ecclesiam
1229 2350 1305 2377 non
1336 2341 1567 2389 sequuntur,
1598 2336 1668 2377 sed
1697 2337 1895 2387 Italorum,

113 2398 179 2448 qui
208 2396 274 2435 alii
304 2395 503 2436 Romanae
534 2398 726 2447 subsunt;
770 2394 863 2446 quid
892 2398 926 2435 si
957 2398 1183 2447 exceptione
1213 2401 1300 2436 utar
1328 2408 1406 2435 non
1437 2397 1610 2446 actione,
1640 2406 1720 2435 non
1749 2395 1897 2436 scilicet

113 2455 287 2496 criminer
327 2454 510 2504 injustam
545 2455 611 2495 vel
650 2456 957 2506 impertinentem
995 2466 1194 2494 censuram
1235 2454 1468 2495 naturalium
1507 2466 1532 2494 a
1570 2453 1782 2504 theologis,
1824 2465 1897 2494 nec

115 2513 239 2553 dicam
269 2523 347 2551 non
377 2514 472 2552 satis
503 2515 596 2564 ipsis
627 2525 712 2553 esse
742 2515 936 2564 cognitam
968 2525 1147 2563 causam,
1181 2515 1292 2563 quasi
1321 2525 1393 2553 sua
1421 2512 1658 2564 negligentia
1686 2509 1782 2566 (etsi
1809 2523 1898 2552 mea

117 2572 400 2611 commentaria
432 2570 478 2610 de
508 2571 646 2610 Martis
677 2572 847 2611 motibus
885 2570 963 2622 legi
1003 2573 1109 2622 prius
1138 2573 1358 2622 potuissent
1397 2575 1436 2610 et
1472 2576 1574 2611 certe
1611 2569 1796 2622 perpendi
1827 2569 1898 2611 de-

113 2632 288 2670 buissent
325 2634 392 2667 aut
432 2629 570 2669 saltem
600 2641 733 2669 eorum
761 2631 955 2669 sententia
1000 2629 1047 2669 de
1076 2629 1335 2680 possibilitate
1377 2629 1443 2670 vel
1473 2627 1784 2681 impossibilitate
1827 2640 1898 2668 ex-

114 2690 299 2740 spectari,
342 2687 482 2738 quibus
519 2688 717 2738 negotium
756 2687 888 2727 datum
919 2687 1148 2727 emendandi
1179 2687 1433 2739 Copernicum
1478 2699 1601 2739 eoque
1638 2690 1676 2726 et
1713 2686 1782 2726 illa
1810 2698 1899 2727 mea

117 2747 421 2795 Commentaria;
463 2746 735 2786 excerebrandi
773 2746 920 2785 scilicet
959 2746 1113 2786 ademto
1154 2750 1260 2785 motu
1301 2744 1488 2800 Terrae),
1531 2744 1601 2785 sed
1638 2744 1712 2784 hoc
1752 2744 1896 2785 dicam:

117 2805 287 2844 nondum
316 2804 461 2854 liquere
491 2806 664 2855 potuisse
694 2804 806 2843 nobis
839 2805 950 2854 ipsis,
991 2816 1092 2843 nunc
1123 2803 1274 2843 demum
1304 2817 1407 2844 nova
1438 2804 1619 2852 inveniri,
1651 2814 1751 2853 quae
1782 2804 1899 2842 etiam

117 2864 194 2901 sint
224 2862 529 2902 consideranda?
588 2862 646 2901 En
676 2863 803 2902 lusum
833 2863 980 2912 ipsum,
1021 2863 1054 2901 si
1083 2874 1190 2912 spem
1219 2863 1314 2902 facis
1352 2862 1626 2911 restitutionis,
1666 2861 1899 2912 subjungam

116 2921 194 2959 tale
225 2920 316 2969 quid
357 2922 396 2958 in
427 2921 531 2961 calce
574 2921 683 2971 libri,
724 2925 791 2960 aut
830 2920 1035 2970 epistolam
1072 2921 1231 2959 seorsim
1270 2923 1501 2973 imprimam,
1544 2920 1603 2960 sin
1638 2919 1899 2959 inconsultum

116 2982 244 3028 putas.
303 2978 501 3019 Hactenus
531 2980 648 3030 igitur
686 2979 813 3019 lusum
843 2983 947 3017 esto:
988 2982 1102 3018 exeat
1139 2979 1254 3028 igitur
1287 2979 1529 3019 dissimulata
1568 2988 1747 3026 censura,
1790 2977 1900 3017 velut

122 3038 255 3086 ignaro
287 3036 369 3085 ejus
399 3042 569 3078 auctore.
631 3037 723 3078 Jam
752 3042 880 3076 autem
902 3036 1015 3076 facile
1045 3036 1115 3075 tibi
1138 3038 1220 3086 erit,
1249 3038 1384 3077 audita
1415 3037 1528 3076 unius
1547 3035 1785 3086 bibliopolae
1805 3046 1899 3075 sen-

119 3096 241 3134 tentia
270 3094 454 3145 scribere,
497 3100 591 3147 quot
620 3095 854 3148 exemplaria
883 3094 1070 3135 Venetias
1100 3095 1288 3136 mittenda
1323 3097 1414 3136 sint.
1472 3094 1618 3135 Verum
1648 3095 1766 3133 oritur
1794 3104 1899 3133 nova
