1994 3276
682 139 684 142 ψ
703 100 1191 162 nnnrvtzoupum-
1275 94 1285 104 ‘
1757 106 1841 148 ses

58 243 276 288 m„
292 235 428 285 atque
436 230 494 272 ad
522 243 573 272 ea
599 238 881 285 consequantu
893 235 1030 286 aliqua·
1062 233 1255 286 generalis
1292 234 1375 272 nati
1407 229 1638 277 infelicitas,
1679 231 1724 266 ut
1750 225 1844 265 blm

58 297 194 334 natum
220 292 285 339 nt
300 290 570 342 proxumum.
599 293 957 339 munemita
982 294 1091 343 εοῑας
1121 294 1231 332 Deus
1258 302 1354 331 vero
1382 291 1486 330 hunc
1512 292 1675 328 naturae
1703 284 1845 324 invisi-

60 349 198 395 biliam
225 359 382 391 cursum
408 359 488 387 non
516 348 739 400 frequenter
761 351 990 403 impediat-1,
1015 353 1110 402 quia
1134 351 1365 404 plerumque
1394 350 1513 388 etiam
1541 358 1596 387 ex
1617 344 1688 384 illo
1717 345 1846 394 impe·-

59 407 251 459 (Immo
255 406 425 455 nitelae
443 408 537 449 boni
566 407 717 458 aliquid
743 419 951 460 procurare
978 410 1111 458 novit,
1149 409 1255 460 quod
1284 406 1536 460 periclitanti,
1577 406 1610 457 si
1640 403 1674 442 is
1700 401 1844 454 placet,

60 466 166 511 boae
186 464 336 513 eadat-‚-
337 466 435 506 sin
448 464 648 516 displicet,
686 466 818 516 justae
849 467 1046 508 vindictae
1073 468 1234 507 modum
1263 466 1437 517 impleat.
1496 463 1600 503 Sane
1637 461 1669 500 si
1699 457 1846 499 malum

59 524 265 568 imminent
293 533 373 566 m
402 519 536 572 potest
562 524 748 575 impedire
775 526 941 576 angelus
969 532 1123 574 custos,
1162 531 1296 564 monet
1330 523 1468 563 saltem
1509 521 1671 560 occultis
1706 517 1846 565 modis,

59 588 116 625 ut
128 582 367 632 iinparatum
394 583 518 632 perire
539 594 619 620 non
636 585 740 621 sinat
757 583 949 623 clientem.
981 583 1151 635 Qualia
1171 584 1375 636 praesagia
1397 582 1711 628 monitionumque
1730 577 1848 616 etiam

59 641 214 684 ruinam
239 639 351 679 illam
379 641 523 678 montis
551 651 740 694 nuperum
768 644 808 680 in
837 642 975 682 Rhetis
1004 646 1308 694 praecesserunt.
1348 643 1481 687 (comp
1506 643 1532 675 1
1562 639 1684 684 490..)

69 740 73 746 .
172 697 251 739 sn
248 698 382 747 igitur
408 697 486 736 hoc
514 701 670 738 tertium
697 699 875 739 tonunae
903 701 1071 740 hominis
1099 700 1391 740 fundamentum
1416 696 1554 735 saltem
1574 692 1847 746 conjecturale,

14 756 22 760 “
60 755 170 803 nihil
185 755 291 805 anim
318 754 480 794 affirmo
537 756 794 798 Bedeuudum
823 769 926 798 nunc
954 760 1069 798 nobis
1098 764 1158 798 est
1193 758 1245 798 ad
1275 755 1623 797 considerationem
1652 753 1848 792 essentiae

60 812 266 864 multatis
272 815 440 858 animae
471 815 614 855 vitalis.
676 814 818 865 Quaeri
847 829 885 855 n
916 823 1062 868 potest,
1102 819 1135 856 si
1165 817 1364 856 character
1393 813 1492 853 coeli
1531 814 1570 850 in
1598 816 1747 862 puncto
1777 809 1848 848 de-

0 878 2 880 ’
61 883 168 917 mum
203 872 423 913 nativitatis
459 871 610 921 influit,
649 885 700 911 an
737 875 853 924 igitur
889 875 1017 914 foetus
1057 877 1096 914 in
1124 880 1238 926 partu
1278 874 1434 912 demum
1463 871 1659 920 concipiat
1694 870 1849 908 animae

0 950 5 974 ;
63 930 222 968 vitalem
260 929 486 968 facultatem
523 938 562 969 et
601 941 727 970 utrum
768 944 855 972 eum
897 940 986 972 ante
1024 939 1177 984 partum
1212 933 1420 971 inanimem
1458 927 1615 968 dicam?
1681 925 1850 967 Omnino

0 1001 3 1037 ξ
60 989 255 1041 propriam
291 988 452 1027 vitatem
487 991 745 1040 energetieam
782 991 1007 1030 facultatem
1042 999 1133 1030 tnnc
1163 991 1316 1030 demum
1348 995 1437 1028 actu
1481 988 1689 1037 concipit‚-
1707 996 1796 1024 eum
1825 996 1850 1021 a

0 1037 13 1107 Ξ(
61 1052 190 1088 “¹³⁸⁶
219 1053 443 1096 ⁸⁰P⁸⁸⁸²u¹3
486 1054 604 1086 &ntea
642 1056 839 1089 maternae
882 1048 1104 1089 flammulae
1143 1050 1277 1088 vitalis
1315 1047 1436 1086 radiis
1475 1045 1742 1084 illustrabatur
1780 1053 1851 1093 per

0 1113 9 1154 {3
64 1115 204 1153 venam
231 1110 271 1143 et
300 1105 480 1143 arteriam
511 1105 772 1157 umbilicales‚
813 1119 914 1158 quae
944 1109 1086 1147 arteria
1114 1110 1154 1146 in
1185 1119 1251 1147 cor
1278 1108 1407 1145 foetus
1434 1105 1636 1150 inseritur,
1666 1106 1850 1151 separato

0 1156 11 1213 ζ
62 1168 193 1219 meatu
221 1162 273 1201 ab
297 1164 352 1200 iis
380 1161 547 1211 duobus,
578 1165 721 1213 quibus
752 1173 889 1215 postea
916 1168 1111 1216 propriam
1139 1168 1246 1205 vitae
1266 1166 1461 1205 flammam
1482 1162 1593 1201 alens
1626 1163 1733 1199 intus
1761 1159 1852 1198 hinc

0 1215 14 1277 ξ
61 1215 291 1270 sauguinem
327 1219 419 1259 inde
455 1223 584 1261 aerem
625 1234 673 1261 ex
712 1224 962 1274 pulmonibus
1004 1224 1155 1271 haurit,
1197 1225 1264 1274 qni
1303 1225 1507 1273 separatus
1545 1215 1671 1259 c'ordis
1691 1223 1852 1257 meatus

0 1275 12 1317 l,
64 1290 168 1326 cnm
178 1279 304 1333 primo
336 1279 443 1317 vitae
472 1278 535 1318 die
564 1280 744 1319 concidat
773 1284 1006 1333 penitusque
1037 1287 1260 1330 evanescat,
1290 1287 1335 1320 ut
1353 1279 1449 1319 mihi
1467 1278 1621 1328 Pragae
1649 1278 1690 1315 iu
1717 1274 1854 1315 sucula

0 1331 22 1387 Ξ
63 1347 198 1386 recens
226 1330 333 1383 edita
362 1340 594 1376 monstravit
622 1337 814 1390 Georgius
845 1340 1050 1387 Horatius,
1082 1340 1252 1379 Hassiae
1283 1339 1316 1377 ῐ
1318 1338 1522 1388 andgravii
1550 1335 1749 1382 medicus,
1779 1345 1854 1372 na-

0 1390 25 1443 ξ
68 1403 190 1436 ωηο
198 1396 322 1444 totius
337 1394 729 1461 consultissimuuffl)
757 1398 847 1436 hinc
868 1400 985 1447 igitur
1004 1405 1231 1448 argumenta
1251 1398 1362 1445 duco,
1394 1408 1460 1435 cor
1490 1396 1639 1441 foetus,
1662 1393 1765 1431 dum
1796 1397 1856 1432 est

0 1443 20 1491 ,ἒ
69 1463 111 1501 ιιι
129 1459 264 1500 utero,
293 1454 529 1493 noncminus
558 1454 626 1492 illo
655 1462 764 1494 motu
793 1456 959 1507 systoles
990 1462 1028 1495 et
1059 1456 1264 1504 diastolas,
1296 1467 1412 1506 quam
1442 1454 1695 1504 respiratione
1726 1461 1855 1498 carcre

0 1492 25 1593 Ξ
72 1521 197 1559 coque
227 1512 333 1549 vitae
362 1513 542 1561 propriae
572 1512 765 1551 flammam
796 1516 833 1552 in
866 1526 913 1553 eo
942 1514 1114 1552 nondum
1143 1517 1340 1554 incensam
1371 1525 1468 1552 esse.
1529 1511 1580 1550 Et
1609 1517 1653 1548 ut
1681 1510 1856 1548 insistam

0 1588 8 1609 ς,
73 1567 281 1618 analogiae
307 1567 518 1609 fidissimae
547 1570 705 1616 firmius,
737 1573 791 1609 uti
821 1584 863 1610 se
893 1572 1014 1611 habet
1032 1574 1160 1611 fumus
1181 1574 1272 1611 tecti
1292 1572 1425 1621 lignei,
1457 1575 1615 1621 propter
1637 1566 1856 1606 incendium

0 1627 25 1674 'g
70 1627 175 1674 tosti,
205 1625 258 1664 ad
287 1626 493 1675 flammam,
524 1639 625 1677 quae
656 1629 751 1667 illud
781 1631 911 1669 subito
941 1632 1107 1681 corripit,
1138 1632 1195 1669 ita
1214 1643 1256 1670 se
1277 1630 1395 1668 habet
1422 1635 1461 1668 et
1481 1628 1534 1676 id,
1566 1626 1669 1677 quod
1693 1627 1732 1663 in
1751 1625 1859 1665 foetu

19 1708 26 1738 ².
68 1683 279 1734 praecedit,
312 1684 363 1722 ad
386 1685 542 1723 vitalem
574 1687 807 1733 facultatem,
840 1689 890 1726 ab
920 1690 1005 1739 ipso
1032 1696 1145 1737 partu
1175 1694 1244 1726 ant
1272 1687 1390 1738 paulo
1420 1691 1536 1725 antea
1566 1686 1773 1724 incensam.

117 1766 120 1767 ν
188 1741 231 1778 ln
273 1742 348 1779 hac
385 1744 501 1791 igitur
537 1745 721 1783 facultate
760 1745 926 1783 hominis
957 1747 1089 1793 vitali,
1130 1748 1185 1785 sic
1216 1749 1374 1784 incensa
1412 1747 1451 1782 in
1481 1748 1613 1795 partu,
1652 1743 1858 1793 praecipue

0 1831 30 1856 ‚
72 1799 221 1851 relucet
253 1798 350 1837 illud
388 1802 509 1839 instar
548 1804 779 1849 memoriae,
821 1803 925 1852 quod
967 1816 1083 1854 supra
1116 1807 1234 1842 etiam
1273 1806 1312 1840 in
1343 1805 1474 1842 anima
1503 1801 1645 1840 Terrae
1688 1799 1858 1847 ostendi3

6 1834 34 1888 t}
71 1868 161 1896 eum
190 1864 299 1895 tanta
329 1859 380 1896 sit
410 1861 628 1897 constantia
659 1861 889 1898 characteris
920 1862 1099 1900 coelestis
1136 1864 1385 1911 omniumque
1413 1861 1596 1899 thematis
1626 1858 1859 1908 genethliaci

71 1917 252 1965 mnium,
293 1921 401 1954 tanta
431 1916 661 1956 durabilitas
693 1919 776 1968 eJus
808 1921 844 1955 in
875 1921 1017 1965 anima,
1048 1926 1092 1958 ut
1121 1925 1211 1958 ante
1241 1922 1346 1959 vitae
1376 1919 1493 1957 finem
1522 1928 1598 1955 non
1633 1916 1859 1967 deponatur,

16 2002 19 2031 3
73 1984 163 2013 cum
191 1973 242 2011 ad
271 1984 406 2013 omues
446 1975 688 2024 planetarum
727 1980 910 2015 transitus
950 1990 1019 2028 per
1046 1978 1134 2016 loca
1174 1978 1355 2016 thematis
1389 1976 1599 2027 praecipua
1635 1986 1722 2014 sese
1751 1985 1861 2013 com-

12 2042 40 2084 4
73 2038 231 2077 moveat
266 2031 364 2070 haec
401 2033 591 2081 facultas,
621 2035 779 2084 perinde
820 2047 868 2073 ac
907 2037 940 2073 si
983 2036 1070 2074 loca
1113 2035 1181 2074 illa
1216 2048 1293 2074 non
1333 2039 1462 2075 essent
1491 2034 1680 2080 imagines
1720 2032 1860 2078 nudae,

14 2090 48 2139 a}
67 2090 301 2138 superstites
330 2090 368 2127 in
400 2092 556 2135 anima,
597 2103 722 2130 rerum
754 2104 854 2141 quae
885 2093 1030 2131 dudum
1062 2096 1316 2142 transierunt,
1358 2093 1427 2131 sed
1457 2104 1551 2131 vera
1580 2090 1709 2130 sidera
1737 2096 1775 2128 et
1805 2091 1862 2128 sic

73 2154 153 2191 nou
182 2158 321 2195 unua„
340 2148 410 2185 sed
440 2147 536 2196 duo,
579 2151 685 2188 verbi
719 2162 860 2197 causa,
896 2151 1009 2190 Soles
1040 2153 1079 2189 iu
1110 2152 1220 2191 coelo
1251 2157 1381 2190 essent
1418 2153 1534 2200 inque
1564 2160 1683 2187 unum
1713 2150 1860 2187 coirent

20 2215 50 2252 ‘5¹
77 2215 203 2254 eoque
234 2206 340 2242 coitu
368 2212 507 2244 natura
544 2207 739 2246 facultatis
783 2209 912 2247 vitalis
941 2209 1059 2248 modo
1098 2210 1322 2260 supradicto
1351 2213 1668 2247 commoveretur.
1730 2206 1862 2244 Testi-

76 2265 252 2314 mnium
281 2263 398 2310 hujus
427 2266 483 2300 rei
522 2264 777 2303 clarissimum
816 2269 998 2316 omnique
1037 2270 1263 2318 exceptione
1294 2268 1421 2317 majus
1462 2270 1521 2304 est
1560 2267 1600 2302 in
1630 2265 1862 2312 cognatione

22 2327 294 2378 3‘geneseon‚
327 2323 402 2358 sub
432 2322 573 2370 quihus
605 2331 781 2373 parentes
822 2331 860 2362 et
889 2327 963 2363 sub
994 2327 1136 2374 quibus
1166 2337 1298 2364 eorum
1329 2326 1439 2363 liberi
1481 2327 1704 2360 nascuntur.
1765 2320 1861 2358 Cum

76 2380 184 2423 mun
210 2380 338 2415 foetus
379 2386 436 2415 est
465 2386 659 2429 maturus,
691 2381 856 2420 facultas
894 2385 1047 2421 animae
1085 2384 1282 2421 formatrix
1322 2389 1360 2421 et
1390 2381 1629 2430 generationi
1669 2379 1866 2428 praefecta

202 2437 447 2486 potissimum
477 2448 518 2479 se
549 2441 717 2488 accingit
747 2439 797 2476 ad
828 2440 1109 2478 extrudendum
1140 2442 1284 2478 foetum
1316 2451 1440 2488 eaque
1472 2438 1692 2476 extrusione
1724 2447 1866 2474 accen-

35 2479 247 2533 (leudam
286 2504 430 2533 novam
470 2496 623 2534 animae
666 2497 824 2535 vitalem
856 2498 1101 2544 facultatem,
1146 2510 1233 2536 eum
1271 2498 1410 2545 sidera,
1456 2498 1494 2533 in
1527 2494 1638 2533 sedes
1667 2498 1865 2532 maternae

35 2558 318 2602 paternaeve
350 2563 535 2600 geneseos
566 2560 634 2592 aut
663 2556 700 2591 in
731 2554 1056 2604 configurationes
1078 2556 1233 2594 easdem
1258 2567 1425 2600 reversa,
1458 2554 1666 2592 admonent
1695 2553 1866 2590 animam

33 2610 158 2715 fiili
169 2611 305 2699 6ipsius
342 2611 480 2657 suique
510 2609 742 2651 characteris
786 2613 978 2652 coelestis.
1044 2613 1146 2652 Vide
1187 2614 1254 2652 lib.
1296 2613 1345 2652 de
1385 2613 1508 2651 Stella
1544 2611 1659 2649 Nova
1697 2610 1764 2648 fol.
1797 2610 1863 2646 43.

39 2674 42 2675 ’
215 2665 265 2707 6)

38 2736 115 2775 ,33
198 2722 299 2772 Quid
330 2723 434 2773 quod
474 2736 550 2763 non
580 2733 731 2766 tantum
762 2713 874 2767 veros
915 2730 1099 2767 transitus
1131 2729 1373 2795 planetarum
1410 2738 1477 2777 per
1505 2726 1592 2763 loca
1627 2725 1750 2762 nativi
1778 2723 1867 2762 the-

42 2783 198 2830 {lutis
226 2782 325 2819 haec
352 2782 518 2820 facultas
549 2786 754 2833 observat,
798 2786 866 2824 sed
897 2789 1016 2824 etiam
1045 2788 1309 2824 successiones
1341 2786 1506 2834 partium
1538 2782 1656 2829 coeli,
1693 2793 1796 2829 quae
1826 2783 1865 2819 in

44 2847 48 2882 j
77 2857 101 2882 ,3
120 2840 215 2884 ·nesi
255 2838 431 2889 planetas
474 2841 693 2890 habebant,
734 2844 775 2880 in
802 2843 888 2883 loca
918 2846 1128 2894 praecipua
1167 2844 1398 2886 thematum.
1441 2852 1542 2889 quae
1581 2840 1869 2877 constituuntur

276 2909 300 2933 a
330 2906 442 2946 partu
473 2898 611 2937 diebus
652 2901 831 2948 integris,
874 2904 1160 2951 proportionem
1198 2902 1410 2938 observans
1441 2898 1515 2935 diei
1558 2897 1607 2935 ad
1638 2894 1782 2934 annum
1808 2895 1867 2948 (ut

45 2955 53 2964 ‘
76 2953 196 3003 Jus
227 2961 389 3002 utraque
418 2957 612 2995 revolutio
632 2957 774 2995 Terrae
805 2969 829 2995 a
850 2957 1061 3008 Copernieo
1092 2957 1286 3007 tribuitur)
1317 2967 1441 3004 eaque
1471 2956 1719 3005 proportione
1750 2965 1867 3005 ⁰Pffl'8

59 3037 88 3061 43
120 3025 148 3036 ·’
188 3023 254 3061 per
285 3018 406 3048 totam
435 3015 556 3052 vitam
577 3015 743 3052 hominis
765 3013 971 3064 dispenset,
1004 3023 1047 3053 ut
1068 3023 1214 3065 quanto
1245 3015 1397 3063 longior
1418 3018 1475 3050 est
1504 3024 1627 3050 annus
1649 3012 1727 3064 die,
1756 3010 1879 3052 tanto

27 3058 234 3124 spiatdius
263 3069 420 3107 effectus
451 3082 563 3110 suum
595 3075 631 3110 in
664 3072 871 3110 directione
903 3074 1055 3121 signum
1085 3079 1287 3122 sequatur,
1331 3082 1447 3121 quam
1476 3072 1630 3119 siguum
1669 3071 1707 3106 in
1741 3070 1865 3110 direc-
