1994 3276
769 115 973 156 mii-{V
998 109 1219 163 usp-tm.
1771 119 1866 159 251⁷

0 233 2 265 ἶ
70 231 223 277 munia
232 235 475 285 astrologiae
502 236 733 275 certioribus
756 235 924 276 subisse
943 233 1036 275 vel
1057 214 1254 286 praetatus
1275 236 1348 275 vel
1379 237 1587 306 interfatus
1613 248 1719 286 sam,
1759 247 1869 276 con··

70 293 174 332 salto
187 299 417 344 «fluctuet,
445 300 490 332 nt
518 306 621 344 quae
650 293 837 332 nonrlate
865 304 1000 345 sparsa
1030 298 1131 332 sunt.

141 351 299 390 *cm
308 357 442 390 antem
470 352 727 391 celeberrimis
755 351 953 390 nonnullis
978 351 1250 402 philosophiae
1270 355 1310 390 et
1329 351 1543 392 medicinae
1571 352 1859 404 professoribus

70 410 177 448 visus
203 410 278 448 sim
306 419 453 448 nava-
478 410 766 461 philosophiam
785 410 951 449 condere
969 421 1135 459 eamque
1154 411 1408 459 verissimam,
1439 413 1543 449 omni
1565 416 1657 450 'eura
1685 410 1856 451 terenda

68 472 109 506 et
143 466 345 506 dunanda
387 474 447 506 est
485 465 638 507 tenella'
664 467 855 518 plantula,
901 473 944 506 ιιι
980 474 1071 506 sunt
1107 479 1213 506 nova
1242 469 1392 517 omnia,
1440 474 1484 508 ut
1511 469 1666 508 radices
1693 470 1855 519 agat-in
1918 500 1922 513 ,

0 570 1 573 ¹
68 526 215 569 animm
234 524 608 576 ιὼΰοιιιιρὶιιιιιιὶιιιιι,
652 536 779 575 neque
813 526 1020 564 suffocetur
1065 526 1224 564 humore
1251 527 1374 564 nimio
1404 538 1590 565 vanarum
1622 526 1870 578 sophisticas

68 586 230 634 tionum,
258 594 367 622 neve
388 583 632 634 vulgatamm
663 585 886 634 opinionum
906 585 1138 622 torrentibus
1167 584 1333 632 eluatur,
1363 591 1433 622 aut
1461 585 1723 635 negligentiae
1751 586 1857 636 pub-

67 642 172 680 liene:
205 641 410 691 frigoribus
448 642 689 692 obrigeseat=
733 641 837 691 quod
877 644 909 680 si
949 642 1043 680 mihi
1079 653 1220 681 cavere
1259 644 1481 693 contigerit,
1525 654 1603 682 non
1642 655 1715 694 ego
1747 643 1803 682 illi
1832 655 1859 682 a

69 699 518 746 mandamentum,
548 712 597 740 ne
626 701 841 751 frangatur,
871 710 950 738 nou
980 712 1006 739 a
1036 698 1187 739 solidae
1217 711 1403 740 censurae
1434 700 1550 749 Sole,
1579 713 1630 740 ne
1659 708 1854 750 exuratur,
1879 708 1881 710 '

71 759 281 808 quimam
302 762 454 796 metuo.

109 829 128 839 ν
164 815 282 854 Cum
301 817 429 866 igitur
458 823 546 865 cap:
565 818 601 853 1.
623 808 775 854 animae
805 815 961 864 quidem
990 816 1183 866 tetigerim
1214 818 1435 863 essentiam,
1467 816 1538 855 sed
1567 822 1725 868 propter
1751 817 1858 857 solas

70 873 317 921 harmonias,
346 885 443 912 cumr
463 872 673 912 seeundum
703 879 821 923 caput
850 885 925 911 non
957 885 1004 912 ex
1035 874 1211 924 professo
1241 874 1289 913 de
1319 876 1448 913 anima
1478 876 1556 923 sit,
1587 875 1659 915 sed
1688 875 1736 915 de
1765 876 1859 914 bar-

67 932 205 970 mon&
236 936 389 982 propter
417 932 603 970 animam:
634 931 741 969 lubet
761 942 863 969 nunc
888 932 970 981 jam
991 931 1065 970 hoc
1085 933 1214 982 capite
1243 932 1430 971 disserere
1460 932 1509 971 de
1538 935 1670 972 anima
1695 939 1857 985 propter

0 990 8 1027 5
68 1001 111 1028 se
133 989 263 1040 ips-
290 989 409 1039 paulo
440 989 676 1038 generalius,
716 989 826 1028 lubet
855 1001 903 1028 ex
942 990 1097 1039 epilogo
1139 989 1334 1041 syllogum
1364 991 1492 1031 faeere
1522 993 1714 1040 omnium,
1754 1003 1857 1043 quae

67 1047 119 1086 ad
145 1052 388 1097 praesentem
415 1049 614 1086 materiam
633 1053 824 1097 spectant,
853 1059 1033 1097 quaeque
1051 1050 1230 1100 sparsim,
1261 1060 1363 1098 quae
1394 1050 1530 1098 obiter,
1561 1061 1664 1100 quae
1694 1050 1860 1090 latenter

15 2402 39 2443 2}

68 1106 182 1153 dieta,
203 1105 275 1144 liic
303 1106 377 1144 sub
397 1116 525 1143 »ιιιιιιιιι
556 1111 754 1155 aspectum
774 1106 912 1144 referre
944 1112 1144 1156 totamque
1163 1108 1220 1146 rei
1249 1113 1429 1146 naturam
1458 1110 1642 1148 continuo
1674 1110 1858 1148 orationis

69 1163 134 1202 fflo
163 1163 368 1213 explicare.
1475 1184 1477 1188 ¹

181 1221 277 1260 Esse
303 1221 476 1270 aliquam
505 1222 628 1259 totius
654 1221 823 1260 universi
854 1223 1045 1270 animam,
1076 1222 1313 1272 praefectam
1344 1223 1515 1263 motibus
1544 1228 1753 1270 astrorum,
1785 1236 1858 1277 ge-

70 1280 259 1318 nemioni
289 1278 582 1326 elementorum,
612 1281 897 1318 conservationi
930 1282 1169 1318 animantum
1199 1285 1240 1319 et
1267 1282 1468 1331 stirpium,
1498 1282 1667 1332 denique
1697 1295 1859 1333 sympa-

70 1337 174 1376 thiae
210 1338 451 1386 superiorum
490 1338 786 1387 inferiorumque
825 1344 1004 1385 mutuae,
1048 1338 1231 1377 Timaeus
1263 1338 1468 1378 Locrensis
1507 1351 1555 1379 ex
1585 1340 1859 1391 Pythagoricis

68 1395 223 1445 placitis
252 1395 356 1444 apud
378 1395 578 1433 Platonem
608 1395 800 1442 defendit,
830 1394 991 1433 Procius
1022 1408 1114 1434 vero
1143 1408 1230 1435 cum
1257 1398 1368 1445 alias,
1400 1403 1483 1436 tum
1513 1401 1736 1449 praesertim
1769 1410 1858 1438 ver-

70 1454 129 1492 bis
148 1454 196 1490 in
227 1464 311 1503 cap.
345 1454 379 1493 Ι
410 1453 526 1502 lrnJus
556 1454 642 1491 libri
671 1453 741 1491 IV.
773 1455 1042 1503 transscriptis,
1074 1454 1276 1493 stabilivit.
1308 1455 1423 1494 Hanc
1452 1455 1645 1495 diversam
1676 1469 1701 1496 a
1729 1462 1858 1496 mente

70 1512 258 1559 saeuum,
299 1516 339 1550 et
367 1511 471 1561 quod
501 1522 608 1549 mens
637 1510 799 1562 simplex
830 1517 953 1558 esset,
998 1514 1128 1550 anima
1169 1514 1246 1551 ista
1273 1502 1477 1563 multiplex
1505 1515 1776 1559 facultatibus,
1819 1519 1860 1554 et

70 1568 176 1619 quod
202 1568 316 1608 ideae
345 1570 516 1607 omnium
545 1569 743 1607 sensilium
773 1571 812 1606 in
841 1574 971 1608 mente
1000 1571 1172 1609 inessent
1199 1572 1324 1621 primo
1352 1584 1423 1622 per
1441 1584 1496 1620 se,
1527 1584 1648 1623 purae
1678 1578 1717 1612 et
1745 1573 1858 1611 ideu-

69 1628 181 1674 ticae‚
212 1627 253 1666 in
279 1627 410 1665 anima
438 1626 667 1665 secundario
695 1635 849 1676 propter
878 1633 1046 1666 mentem
1082 1634 1123 1666 et
1151 1629 1202 1667 ab
1233 1641 1281 1668 ea
1309 1635 1506 1679 acceptae,
1536 1633 1662 1681 magis
1692 1631 1742 1670 ad
1771 1643 1858 1669 ma-

69 1683 206 1724 teriam
234 1685 482 1731 inclinantes3
522 1684 623 1723 unde
666 1690 705 1723 et
732 1687 931 1722 nominum
962 1685 1208 1724 distinctione
1247 1689 1331 1734 usi,
1377 1687 1659 1728 intellectuales
1700 1689 1857 1738 quidem

69 1742 139 1781 ve}
161 1742 348 1782 mentales
386 1741 655 1791 paradigmata
694 1743 957 1792 appellarunt,
1000 1743 1187 1782 animales
1230 1756 1320 1783 vero
1360 1745 1670 1795 paradigmatum
1700 1747 1855 1786 illorum

70 1801 213 1840 icones.
272 1799 432 1838 Summa
462 1810 510 1838 eo
538 1800 656 1846 redit,
699 1805 743 1837 ut
772 1800 1011 1839 Christianus
1050 1802 1192 1851 aliquis
1229 1802 1411 1842 facillime
1452 1814 1523 1854 pro
1559 1810 1689 1844 mente
1720 1806 1858 1844 Plato-

70 1859 158 1897 nica
188 1858 316 1897 Deum
345 1862 566 1905 creatorem,
598 1869 667 1906 pro
698 1859 827 1895 anima
856 1864 1031 1896 naturam
1061 1871 1187 1898 rerum
1215 1860 1431 1911 intelligere
1459 1864 1599 1912 possit.

183 1915 335 1964 Quibus
373 1915 429 1953 illi
469 1917 711 1965 potissimum
752 1917 875 1954 ventis
914 1917 1251 1967 contemplationis
1288 1920 1425 1967 agitati
1465 1919 1515 1958 ad
1544 1921 1643 1960 haec
1673 1920 1856 1971 dogmata

71 1973 306 2023 appuleint,
351 1974 437 2012 aliis
466 1973 643 2023 relinquo
673 1975 962 2020 excutiendum,
1006 1987 1080 2024 ego
1119 1976 1166 2014 de
1208 1988 1268 2015 me
1299 1978 1383 2026 ipso
1416 1977 1553 2017 dicam
1613 1979 1663 2017 Et
1691 1981 1857 2029 primum

72 2031 245 2080 quidem
257 2031 306 2070 de
334 2034 465 2069 anima
492 2034 611 2069 totius
643 2034 812 2070 universi
843 2034 916 2070 etsi
946 2044 1021 2070 non
1052 2045 1239 2083 repugno,
1268 2035 1362 2072 nihil
1394 2040 1522 2074 tamen
1552 2037 1628 2075 hoc
1656 2037 1755 2075 libro
1786 2038 1855 2075 IV.

72 2088 216 2128 diesm.
246 2089 398 2127 videtur
428 2091 528 2127 enirn
559 2090 610 2139 (si
640 2094 699 2126 est
726 2090 817 2127 talis
848 2089 992 2141 aliqua)
1023 2092 1060 2128 in
1092 2098 1222 2130 centro
1251 2093 1394 2140 mundi,
1426 2094 1532 2143 quod
1562 2095 1654 2132 mihi
1686 2095 1751 2134 Sol
1784 2101 1868 2147 est,-

71 2147 260 2194 residere,
300 2146 467 2196 indeque
505 2149 542 2183 in
574 2158 726 2185 omnem
770 2148 854 2197 ejus
899 2148 1191 2197 amplitudinem
1235 2153 1464 2197 commercio
1508 2152 1705 2191 radiorum
1748 2154 1857 2201 lucis,

16 2206 139 2263 qui
168 2206 246 2243 sint
274 2204 364 2243 loco
391 2205 593 2254 spirituum
624 2207 662 2242 in
694 2216 852 2255 corpore
883 2207 1052 2255 animali,
1084 2209 1301 2258 propagari.
1351 2214 1456 2251 (Vide
1493 2216 1668 2256 Epilognm
1705 2218 1761 2247 lib.
1794 2216 1857 2255 V)

28 2263 136 2302 De
161 2267 298 2301 natura
328 2272 432 2310 vero,
464 2274 564 2311 quae
593 2270 746 2311 praeest
775 2264 973 2302 elementis
1004 2276 1198 2314 quamque
1226 2268 1372 2305 usitato
1409 2267 1583 2317 epitheto
1612 2268 1858 2307 sublunarem

34 2320 248 2371 appello,
285 2320 368 2368 jam
397 2332 422 2358 a
450 2321 588 2369 viginti
618 2322 729 2358 annis
771 2332 843 2370 ego
885 2333 960 2359 non
994 2322 1196 2361 dissimilia
1226 2330 1396 2362 statuere
1426 2327 1562 2374 coepi;
1606 2332 1735 2365 motus
1766 2335 1860 2364 vero

73 2389 163 2416 siun
186 2378 237 2416 ad
274 2377 349 2415 hoc
383 2389 460 2415 non
496 2377 660 2416 lectione
697 2378 760 2416 vel
800 2379 1053 2419 admiratione
1094 2381 1399 2428 Platonicorum,
1439 2382 1508 2420 sed
1544 2383 1630 2421 sola
1667 2389 1707 2422 et
1746 2386 1860 2422 unica
1910 2382 1920 2388 ‘

12 2434 39 2488 3
74 2440 346 2485 tempestatum
377 2436 647 2481 observatione
678 2447 720 2473 as
722 2442 1001 2486 motuumque,
1035 2439 1176 2486 quibus
1205 2439 1296 2477 illae
1328 2441 1487 2486 cientur,
1518 2442 1857 2491 contemplatione.

12 2488 46 2557 ἦ
74 2492 164 2532 Vidi
196 2494 320 2538 enim,
351 2504 516 2555 magna
521 2495 739 2532 constantia
768 2495 914 2532 turbari
944 2500 1088 2533 statum
1118 2498 1236 2545 aeris,
1278 2499 1430 2546 quoties
1460 2497 1640 2547 planetae
1672 2499 1733 2537 vel
1764 2511 1861 2538 con-

14 2560 43 2605 22
70 2551 342 2600 ingerentia,
385 2550 448 2588 vel
489 2538 731 2599 aspectibus,
772 2552 890 2601 vulgo
929 2553 1206 2603 astrologorum
1248 2554 1471 2603 celebratis,
1510 2557 1860 2606 configurarentur,

78 2607 157 2648 ridi
186 2607 503 2657 tranquillitatem
532 2608 744 2658 plerunque
774 2621 859 2648 esse
889 2612 928 2647 in
958 2614 1064 2658 aere,
1106 2613 1139 2648 si
1178 2612 1272 2649 nulli
1319 2612 1382 2650 vel
1423 2614 1457 2650 si
1496 2616 1611 2663 pauci
1641 2615 1858 2654 inciderent

78 2672 274 2716 aspectus,
307 2666 368 2703 vel
399 2667 431 2703 si
463 2664 636 2704 celeriter
667 2667 941 2705 conficerentur
969 2671 1357 2719 transigerenturque.
1419 2670 1505 2709 Hoc
1535 2683 1627 2710 vero
1658 2674 1857 2722 negotium

13 2718 49 2761 ἐκ
76 2733 149 2772 ogo
177 2734 254 2762 non
283 2725 339 2761 ita
369 2723 507 2760 leviter
537 2723 853 2764 considerandum
884 2738 969 2764 esse
1000 2729 1142 2774 censui,
1174 2730 1229 2765 uti
1251 2727 1391 2776 vulgus
1421 2734 1716 2778 prognostarum
1745 2731 1856 2780 solet,

19 2792 161 2838 ςιῑιιι
171 2782 230 2819 sic
258 2781 479 2819 describunt
508 2779 673 2818 siderum
703 2783 1003 2831 apotelesmata,
1044 2797 1090 2823 ac
1119 2786 1152 2822 si
1183 2785 1252 2823 illa
1282 2785 1346 2822 Dii
1378 2786 1536 2833 quidam
1567 2793 1716 2834 essent,
1759 2789 1859 2828 coeli

76 2841 274 2887 terraeque
303 2843 478 2886 potentes
509 2839 713 2886 omniaque
744 2852 789 2877 ex
827 2842 984 2879 arbitrio
1015 2848 1198 2891 agentes,
1230 2844 1475 2890 securissimi,
1514 2855 1592 2893 quo
1619 2816 1761 2885 medio
1789 2847 1859 2886 illa

0 2912 1 2917 ¹
27 2895 57 2949 5'
78 2895 378 2946 unumquodque
407 2895 605 2946 perficiant
634 2895 736 2945 apud
767 2908 839 2935 nos
866 2900 904 2935 in
935 2899 1086 2948 Terris,
1119 2911 1205 2938 cum
1234 2901 1320 2950 ipsa
1349 2901 1388 2937 in
1419 2900 1528 2939 coelo
1557 2908 1755 2951 maneant,
1785 2914 1880 2945 nec.

59 2955 301 3002 quicquam,
346 2953 498 3002 quod«
481 2953 655 2990 sensibus
685 2958 835 3002 pateat,
887 2956 937 2993 ad
980 2968 1051 2995 nos
1091 2963 1240 3006 praeter
1281 2956 1411 2994 radios
1450 2957 1600 2997 lucidos
1643 2961 1856 3002 demittant.

0 2996 59 3052 ¹}
81 3008 189 3050 Haec
226 3012 433 3060 praecipua
482 3011 676 3059 scaturigo
716 3016 775 3049 est
813 3012 1119 3052 foedissimarum
1162 3015 1476 3070 superstitionum
1525 3017 1856 3075 astrologicamm.

28 3102 43 3130 ξ
46 3056 138 3105 Ar
163 3078 241 3106 non
269 3067 386 3106 valde
414 3073 646 3118 prognostas
675 3069 810 3116 miror,
842 3079 963 3118 genus
993 3072 1192 3110 hominum
1222 3068 1449 3123 plerumque
1478 3061 1678 3125 populare,
1708 3078 1857 3128 puerile
