1988 3276
827 114 876 152 de
896 111 1101 150 Harmonia.
1800 112 1854 152 ⁵9

77 234 428 288 quemi-enimus
455 235 590 276 verbis
612 234 657 273 in
685 231 865 273 omibus
893 230 1075 283 epistolis
1097 230 1195 270 mibi
1214 230 1402 272 declaras.
1460 230 1568 272 Scire
1594 230 1697 271 enim
1725 229 1855 281 velim,

77 306 130 334 an
154 291 321 336 morin
347 291 467 333 Italia
493 293 619 344 possit
645 302 731 332 esse
759 289 925 340 venalis,
954 290 1022 342 qui
1049 298 1127 329 non
1153 289 1353 341 profitetur
1381 290 1576 330 licentiam
1603 289 1855 340 superiorum,

79 364 167 394 cum
194 340 420 404 profiteatur
446 350 693 402 privilegium
723 348 918 390 Caesarie.
975 347 1110 388 Habet
1137 352 1268 388 tamen
1299 349 1532 389 sententiam
1560 347 1785 399 Copernici3
1822 349 1858 387 ei

76 410 131 451 lis
154 411 195 451 ei
220 408 431 450 intenditur
458 413 614 461 propter
631 407 837 459 Copemici
865 406 1115 459 hypotheses,
1146 408 1213 457 qui
1230 406 1389 446 Terram
1417 407 1513 446 facit
1539 405 1733 452 mobilem,
1761 416 1857 456 pos—

76 472 140 509 set
164 476 353 520 occupare
381 467 596 507 advocatus
625 465 767 516 aliquis
793 465 904 514 libri,
943 464 1052 504 illam
1079 475 1157 504 non
1185 465 1280 516 poni
1308 465 1383 503 nisi
1420 464 1672 513 alternative,
1709 463 1858 505 scilicet

76 526 192 578 iuxta
209 521 408 579 Tycb'ouis
428 525 556 566 Brabe
583 523 832 576 hypotheses,
863 523 931 575 qui
948 522 1107 563 Terram
1135 522 1228 562 lacit
1247 526 1362 571 stare,
1392 521 1525 562 Solem
1551 523 1711 562 moveri.
1757 521 1856 561 Mihi

79 582 235 636 quidem
262 581 413 623 indultu
442 582 634 635 privilegii
662 582 725 622 lex
755 586 815 622 est
843 581 938 621 fixa:
982 592 1056 631 „ue
1085 579 1179 632 quid
1206 586 1341 621 contra
1370 579 1653 621 Catholicam“.
1709 580 1855 621 Verum

77 642 205 693 rogati
237 653 355 693 supa·
388 641 465 681 boc
501 640 709 681 consiliarii
737 639 855 680 aulici
884 639 1066 679 Caesarei
1101 638 1282 679 catholici
1319 642 1529 689 negarunt,
1571 638 1694 678 videri
1723 642 1858 679 eontra

77 698 344 749 Οιιδοδαιι,
380 699 486 749 quod
510 698 755 739 naturalibus
784 698 1016 745 rationibus,
1058 696 1180 737 salvia
1208 697 1471 748 superioribus
1507 701 1548 736 et
1581 702 1858 748 supernatura-

76 757 196 807 libus,
223 756 443 808 disputatur
472 756 521 797 de
548 762 656 797 motu
685 756 839 806 Terrae,
869 756 961 796 licet
987 754 1086 796 haec
1114 757 1306 796 sententia
1334 766 1458 806 nuper
1473 758 1610 794 notata
1638 754 1754 795 fuerit
1781 754 1857 794 ali-

76 826 158 866 qua
185 826 365 864 emera,
402 815 473 855 sed
502 826 603 866 quae
639 816 691 854 sit
728 813 857 855 adbuc
892 815 1059 865 privata.
1117 813 1202 864 Ego
1239 824 1332 853 vero
1370 814 1411 852 in
1438 813 1538 853 libro
1577 812 1646 852 illo
1687 823 1774 852 meo
1808 823 1856 852 ne

82 873 239 925 quidem
267 873 432 914 defendo
460 877 609 912 motum
635 872 799 921 Terrae,
838 872 907 912 sed
937 871 977 911 id
1006 871 1080 911 feei
1109 871 1208 912 aliae
1243 873 1291 910 iu
1312 871 1596 912 Commentario
1624 871 1780 920 Martis,
1817 872 1857 909 in

78 930 246 983 Optica,
280 932 320 970 in
349 931 448 971 libro
485 930 533 970 de
562 930 686 971 Stella
713 930 846 980 Nova,
884 932 923 968 iu
953 930 1132 981 Epitome
1162 930 1433 970 Astronomiae
1464 930 1753 980 Copernicanae
1783 934 1855 968 etc.

80 989 153 1029 Est
177 988 287 1029 aliud
315 990 515 1041 quippiam
542 990 582 1027 iu
611 988 710 1028 libro
740 988 831 1037 1V.,
862 987 967 1039 quod
994 989 1120 1039 possit
1148 988 1265 1028 alicui
1294 988 1516 1039 scrupulum
1542 998 1723 1037 movere,
1754 987 1859 1038 quod

79 1046 158 1089 huo
185 1045 374 1088 desudo:
403 1052 472 1087 aut
500 1058 615 1087 casus
641 1046 821 1086 fortuitos
849 1058 928 1086 non
957 1045 1166 1097 significari
1195 1047 1246 1086 ab
1267 1048 1393 1095 astris,
1424 1051 1504 1095 aut,
1534 1047 1569 1085 si
1596 1046 1649 1086 ab
1667 1047 1717 1085 iis
1736 1046 1859 1096 sigui-

81 1105 255 1154 iientur,
285 1110 480 1156 oportere,
509 1109 554 1144 ut
581 1104 711 1155 augeli
741 1105 921 1144 custodes
951 1116 975 1144 a
1003 1105 1212 1155 genesibus
1241 1104 1423 1144 clientum
1455 1114 1613 1144 suorum
1641 1102 1858 1156 impedian-

79 1167 169 1213 tur-3
195 1168 375 1204 movetur
402 1163 615 1211 dubitatio,
658 1162 755 1201 nibil
782 1164 991 1212 asserium
1034 1161 1182 1202 decisio
1221 1162 1273 1202 ad
1301 1163 1507 1214 theologos
1538 1162 1719 1213 rejicitur.
1778 1162 1858 1201 Ex-

81 1225 216 1272 specto
242 1222 361 1272 igitur
387 1232 502 1272 super
528 1221 605 1260 boc
633 1222 761 1272 capite
789 1232 1017 1272 responsum
1047 1226 1088 1260 et
1114 1222 1346 1261 seutentiam
1383 1225 1493 1261 tuam
1522 1222 1747 1272 genuinam,
1775 1222 1859 1260 siue

195 1348 261 1381 m·
281 1348 452 1389 meludit
465 1347 679 1381 Blancbus
692 1349 750 1387 ·(in
771 1347 891 1380 iisdem
909 1347 1025 1391 literis,
1049 1349 1172 1390 quibus
1194 1349 1298 1380 vitam
1322 1357 1416 1380 suam
1445 1348 1629 1387 describit):
1653 1349 1858 1383 Prooemium

82 1397 177 1429 11111
203 1395 252 1429 αἱ
270 1394 392 1428 Dum
414 1397 456 1429 V.
479 1394 695 1427 nar-sonim
718 1394 835 1426 Hundi
864 1395 993 1427 ostendi
1025 1404 1092 1426 non
1114 1395 1214 1427 mode
1242 1394 1453 1436 bibliopolis,
1487 1405 1600 1427 verum
1624 1395 1858 1430 literatissimis

82 1449 221 1483 quoqne
242 1441 504 1484 doctisdmiaque
527 1443 624 1483 viria,
648 1442 707 1483 qui
730 1450 843 1473 omnes
865 1450 943 1473 mox
966 1442 1001 1472 in
1024 1440 1251 1474 incredibilem
1274 1443 1376 1474 totius
1399 1443 1507 1483 operis
1535 1444 1758 1475 curiositatem
1782 1454 1858 1485 pro-

83 1485 186 1522 mite.
231 1487 278 1522 Η.
302 1486 473 1521 carduum
497 1489 767 1530 conquerebatur,
790 1496 827 1519 ae
850 1496 1021 1528 nunquam
1044 1489 1190 1528 potuisse
1212 1488 1324 1520 videre
1349 1487 1453 1520 libros
1476 1488 1754 1522 Harmonioorum
1776 1491 1857 1524 Pto—

82 1531 212 1574 lmad,
234 1534 354 1566 Latine
376 1537 498 1573 tamen,
521 1538 559 1566 ut
582 1534 699 1574 audio,
721 1541 789 1565 non
811 1532 935 1566 multos
960 1543 1065 1565 annos
1088 1538 1166 1566 ante
1189 1535 1294 1575 ipsius
1316 1538 1460 1567 aetatem
1483 1535 1616 1567 fuerunt
1631 1537 1779 1569 VenetiIs
1803 1547 1857 1569 ex-

84 1580 173 1622 αιιίς
196 1588 284 1613 me
305 1588 350 1612 ne
370 1582 546 1621 vestigium
569 1580 705 1622 quidem
728 1579 833 1612 ullum
856 1584 906 1612 est
928 1579 1092 1621 reliquum
1107 1581 1204 1612 uobis
1226 1581 1343 1613 borum
1365 1579 1535 1615 librorum.
1574 1583 1613 1614 In
1629 1581 1702 1614 sola
1725 1580 1859 1623 publica

83 1624 298 1669 bibli-0005
321 1636 408 1669 quae
429 1629 521 1667 prius
543 1626 653 1658 fuerat
669 1626 879 1659 Baunonia
903 1625 1105 1669 cardinalis,
1129 1627 1292 1659 Graecum
1316 1628 1483 1668 quoddam
1513 1627 1681 1669 exemplar
1703 1631 1856 1662 vetusti&

82 1672 207 1709 simum
229 1675 387 1706 servatur.
435 1672 520 1705 Volo
544 1674 609 1705 tibi
629 1674 841 1711 renunciare.
875 1682 963 1715 quae
992 1682 1101 1704 coram
1123 1672 1237 1705 multia
1259 1676 1553 1714 praestantissimis
1576 1676 1655 1707 viris
1682 1685 1857 1715 generosus

85 1715 224 1760 quidam
248 1721 282 1750 et
303 1720 554 1751 mathematicus
578 1720 718 1758 insignis
750 1718 835 1750 dixit
866 1720 907 1751 de
928 1723 980 1762 te,
1014 1722 1191 1761 postquam
1213 1729 1272 1760 ea,
1309 1729 1394 1761 quae
1419 1721 1502 1753 mihi
1524 1720 1706 1753 liberaliter
1727 1724 1856 1767 misisti,

85 1762 240 1805 perlegit:
272 1765 380 1809 „Bag
409 1766 534 1808 inquit,
564 1765 596 1798 J.
619 1764 796 1806 Keplerum
824 1766 890 1806 ipsi
912 1765 1062 1806 'rychoni
1082 1765 1190 1797 Brabe
1222 1769 1323 1808 atque
1354 1766 1438 1799 adeo
1460 1766 1648 1800 Ptolemaeo
1681 1773 1855 1810 antepono.

84 1810 172 1844 sue·
194 1812 283 1844 ul-
305 1810 408 1844 libros
430 1821 544 1844 omnes
567 1813 686 1844 aeriter
707 1810 949 1852 contemplatus
971 1821 1062 1855 sum,
1090 1813 1352 1854 comparatisque
1376 1823 1450 1846 cum
1471 1818 1616 1846 veterum
1639 1817 1857 1848 monumentis

82 1856 169 1891 nihil
196 1858 235 1890 in
266 1857 335 1890 illis
364 1859 518 1899 invenio,
551 1858 640 1900 quod
673 1859 760 1891 inter
789 1859 937 1890 omnium
964 1859 1271 1891 matbematicorum
1302 1861 1440 1892 inventa
1472 1859 1569 1900 longe
1598 1870 1666 1892 non
1698 1863 1856 1903 emineat;

82 1913 226 1943 sumum:
252 1903 418 1944 sitqul'ari
445 1903 550 1945 pollet
572 1905 749 1946 sapientia.
795 1904 863 1937 Sed
891 1908 1077 1946 promotae
1109 1906 1257 1946 quotidie
1290 1908 1395 1946 magis
1423 1906 1593 1940 dilationis
1624 1917 1704 1940 suae
1727 1909 1855 1952 edendi,

83 1958 168 1991 quae
191 1949 360 1992 pollicitus
383 1954 433 1983 est
456 1961 605 1992 quaeque
627 1952 767 1992 majoris
791 1954 899 1983 essent
921 1961 1000 1984 suae
1024 1950 1149 1991 gloriae
1179 1955 1213 1984 et
1232 1951 1360 1994 publici
1383 1955 1561 1996 commodi,
1596 1964 1649 1986 me
1670 1954 1856 1997 multosque

83 1997 229 2029 maxime
250 1995 376 2036 taedet,
410 2007 517 2038 neque
550 1998 684 2040 opinor,
720 2007 773 2029 me
794 1998 922 2030 tamdiu
956 2000 1079 2039 vivere,
1117 1998 1206 2039 quod
1234 2000 1331 2031 iatius
1353 2002 1497 2032 auctoris
1521 2000 1668 2033 Tabulas
1691 2001 1855 2043 Budolphi

84 2041 218 2083 aliaque
239 2044 277 2075 id
297 2052 402 2083 genus
424 2046 581 2084 exoptata
602 2053 663 2083 ego
686 2045 851 2077 videam.¹‘
891 2045 983 2077 Haec
1008 2045 1049 2077 de
1070 2048 1103 2076 ts
1118 2044 1344 2078 nobilissimus
1369 2050 1401 2079 et
1417 2047 1655 2079 eruditissimus
1670 2049 1734 2081 vir.
1771 2049 1854 2089 Ergo

82 2094 152 2120 non
173 2091 224 2122 ω
244 2090 436 2132 verendum,
472 2099 687 2132 quaeeunque
717 2092 808 2132 typis
835 2092 1060 2133 mandaveris,
1096 2094 1191 2131 grata
1214 2094 1367 2125 omnibus
1400 2097 1434 2125 et
1455 2095 1685 2134 acceptissima
1715 2104 1757 2126 ne
1779 2097 1854 2127 sint.

83 2135 261 2178 Incumbe,
291 2140 330 2168 ut
348 2137 624 2178 quemadmodum
649 2140 776 2169 ceterae
807 2139 959 2170 nationes
987 2138 1083 2170 libris
1112 2138 1323 2178 perfruuntur
1345 2141 1430 2183 tuis,
1462 2142 1510 2172 sic
1532 2140 1633 2172 Italia
1661 2149 1791 2182 quoque
1813 2151 1854 2174 ex

83 2181 152 2212 tuis
173 2179 333 2214 fructibus
356 2181 560 2224 voluptatem
594 2186 628 2215 et
649 2182 831 2216 utilitatem
854 2186 976 2224 capiat.
1024 2184 1145 2216 Mirum
1169 2185 1276 2224 dictu,
1309 2196 1368 2218 nec
1390 2187 1539 2218 Venetiis
1570 2191 1629 2218 nec
1652 2187 1774 2219 Romae
1794 2198 1855 2221 nec

85 2227 278 2259 normanus
300 2227 377 2261 aliis
398 2229 435 2260 in
456 2230 595 2261 urbibus
618 2229 736 2262 ltaliae
759 2239 859 2271 opera
881 2233 960 2271 tua,
992 2232 1059 2263 bisi
1082 2231 1227 2263 maximo
1249 2231 1363 2264 labore
1390 2232 1442 2264 vel
1466 2243 1545 2264 casu
1569 2234 1711 2273 reperiri.
1761 2234 1854 2272 Mihi,

83 2276 163 2305 tuna
186 2274 216 2304 si
239 2280 299 2314 qo
318 2275 411 2306 volui
425 2275 672 2318 premaeides,
701 2275 768 2307 fuit
797 2286 944 2317 neaesse,
976 2278 1116 2309 scribere
1137 2277 1416 2311 francofordiam.
1465 2279 1539 2311 Huc
1571 2280 1602 2310 si
1624 2281 1674 2311 tui
1703 2282 1780 2318 (uon
1805 2284 1853 2313 est

83 2317 272 2362 dareffloh)
304 2320 394 2352 mille
417 2323 716 2354 transmutantur
735 2321 831 2364 libri,
863 2333 983 2363 magno
1016 2333 1129 2356 omnes
1152 2325 1371 2356 venderentur
1392 2326 1515 2367 pretio,
1549 2327 1629 2367 quia
1652 2328 1725 2366 jam
1756 2335 1853 2366 uuus,

82 2366 168 2398 mihi
192 2366 303 2408 crede,
333 2370 366 2399 et
387 2369 503 2400 unicus
533 2370 693 2409 tanquam
719 2369 869 2400 Phoenix
900 2371 1154 2402 mathematicus
1182 2371 1324 2405 haberis.
1349 2390 1393 2394 —
1427 2372 1479 2403 De
1508 2376 1600 2404 motu
1625 2372 1743 2405 Terrae
1769 2373 1853 2405 nihil

85 2411 230 2452 amplius
253 2416 311 2444 aut
334 2414 533 2452 paucissima
566 2418 759 2454 repeterem;
790 2417 948 2456 quoniam
978 2426 1091 2448 recens
1114 2420 1163 2449 est
1191 2418 1226 2448 in
1251 2416 1466 2458 Coperuicum
1495 2419 1756 2460 animadversio,
1784 2420 1851 2452 fer-

82 2463 232 2490 vescente
254 2459 362 2490 adhuc
386 2468 540 2498 censura;
576 2469 618 2492 ne
649 2459 727 2492 libri
750 2461 979 2494 mutilarentur
1001 2463 1139 2503 Romae,
1178 2466 1467 2504 praetermitterem
1495 2465 1582 2497 hanc
1612 2467 1850 2506 quaestionem.

83 2503 264 2536 nutrium
286 2508 398 2536 tamen
413 2509 583 2538 anctorum
598 2506 832 2539 Germanorum
846 2507 936 2550 libri,
960 2510 1022 2541 etsi
1036 2509 1235 2552 quandoque
1255 2513 1417 2545 vetantur.
1441 2509 1527 2543 clam
1541 2511 1756 2544 nihilominus
1772 2522 1851 2544 veu-

84 2551 206 2583 dantur
217 2554 251 2583 et
265 2553 422 2582 attentius
437 2550 599 2591 hguntur.
637 2554 760 2585 Verum
774 2554 987 2597 disputarem,
1010 2565 1054 2587 an
1071 2565 1166 2588 casus
1188 2556 1318 2588 fortuiti
1338 2558 1566 2597 significentur
1588 2560 1631 2590 ab
1647 2559 1746 2590 astris
1773 2562 1807 2591 et
1822 2559 1851 2591 si

83 2597 307 2636 significentur
324 2606 476 2635 asserere.
492 2598 626 2638 argules
639 2601 789 2632 custodes
805 2610 827 2632 a
841 2603 1015 2640 genesibus
1032 2612 1164 2634 suorum
1180 2602 1336 2635 clientum
1352 2605 1515 2644 impediri,
1534 2606 1700 2643 negotium
1716 2607 1850 2637 omnino

83 2643 222 2674 arduum
245 2647 278 2675 et
302 2653 473 2684 operosum
496 2647 554 2684 est,
578 2646 666 2686 quod
688 2649 799 2678 tamen
822 2648 978 2691 arbitror,
1012 2658 1085 2681 oum
1108 2652 1145 2680 tu
1167 2648 1338 2690 praeclara
1369 2651 1555 2682 eruditione
1577 2655 1676 2691 atque
1700 2651 1851 2683 doctrina

83 2689 129 2720 sis
153 2692 305 2725 ornatus,
327 2690 569 2730 sapientissime
602 2691 924 2734 singularissimeque
955 2696 1177 2728 extricavisse.
1203 2721 1211 2728 .
1239 2721 1248 2729 .
1275 2719 1283 2726 .
1318 2695 1565 2728 Menandrianis
1589 2700 1620 2728 et
1643 2697 1850 2736 Origenianis

6 2767 8 2769 ,
83 2734 168 2766 nihil
189 2735 252 2767 bac
274 2737 466 2778 quaestione
500 2740 585 2767 meet
605 2739 755 2771 invisius.
802 2739 861 2771 Sin
890 2743 1001 2772 autem
1024 2742 1205 2781 Dionysius
1229 2743 1429 2781 Areopagita
1458 2746 1518 2773 aut
1540 2743 1767 2775 Bonaventura
1790 2748 1850 2775 aut

39 2789 43 2791 ·
83 2779 239 2813 Albinus
261 2791 400 2821 magnus
422 2784 481 2812 aut
504 2782 538 2814 S.
562 2782 705 2816 Thomas
729 2786 878 2825 opinioni
900 2786 1023 2819 faveret
1046 2791 1142 2830 tuae,
1170 2787 1255 2819 nibil
1277 2789 1342 2818 tibi
1364 2789 1406 2820 de
1437 2789 1636 2830 scrupulosis
1660 2789 1849 2822 hominibus

83 2826 120 2858 in
136 2830 207 2859 tam
229 2827 395 2868 profunda
417 2837 455 2859 ac
478 2829 647 2860 recondita
669 2830 894 2871 speculatione
916 2834 1127 2865 metuendum
1150 2838 1243 2866 esset.
1290 2834 1479 2866 {hamran
1499 2837 1610 2866 tamen
1634 2843 1693 2874 ego
1715 2837 1848 2868 seorsim

83 2873 122 2904 in
144 2872 258 2914 aliquo
285 2873 415 2914 dialogo
447 2875 533 2905 hano
555 2883 634 2917 rem,
663 2884 730 2907 nou
752 2878 837 2909 inter
858 2877 1059 2920 multiplices
1081 2881 1193 2919 magni
1215 2878 1391 2912 voluminis
1419 2882 1676 2922 propositiones,
1708 2891 1751 2914 ne
1772 2893 1848 2923 per-

85 2916 214 2950 difficili
243 2920 342 2951 unius
371 2921 610 2952 controversiae
640 2920 777 2954 articulo
806 2926 912 2955 totum
944 2934 1027 2966 opus
1055 2935 1078 2957 a
1107 2927 1295 2958 censoribus
1327 2930 1523 2965 argueretur.
1569 2926 1680 2968 Neque
1706 2932 1755 2960 est
1783 2929 1847 2960 du-

11 2988 14 2991 *
84 2963 186 3007 ihm,
211 2966 292 3006 quin
313 2965 532 3006 pulcherrima
554 2967 637 2998 haec
658 2970 719 2998 tua
739 2969 784 2999 sit
806 2971 1061 3013 comtemplatio,
1084 2981 1151 3013 qua
1174 2973 1318 3013 profecto
1342 2971 1434 3004 docti
1455 2974 1516 3004 viri
1535 2982 1646 3005 omnes
1668 2974 1845 3007 admodum

281 3015 342 3043 tar.
389 3013 435 3044 At
457 3020 533 3044 cum
555 3021 661 3045 vacua
693 3017 935 3054 praestantibus
966 3019 1045 3050 viris
1069 3019 1293 3060 exhaustaque
1322 3018 1366 3050 sit
1389 3022 1503 3051 nostra
1525 3021 1633 3062 aetas,
1666 3019 1763 3053 doleo
1786 3031 1843 3053 ve-

84 3055 259 3100 hementer,
282 3067 406 3100 paucos
427 3060 507 3102 fore,
532 3059 591 3101 qui
613 3059 703 3100 quod
722 3059 914 3095 disoeueris
933 3063 1123 3104 intelligent
1125 3087 1304 3099 ......
1344 3064 1395 3097 Tu
1417 3067 1447 3097 si
1469 3065 1553 3097 mihi
1573 3066 1699 3100 brues
1719 3068 1843 3109 imper-
