1994 3276
0 2803 24 2819 ,ἦ

797 85 909 140 fiber
929 86 996 124 m.
1020 86 1139 134 capnt
1158 84 1221 122 Ν.
1674 105 1677 107 -
1723 128 1727 138 ‚
1818 86 1902 128 ³4⁶1

115 201 238 241 flu·-
260 203 522 241 aceuratissimi
545 179 694 241 veniunt
723 202 771 240 ad
802 203 1038 240 muniente
1061 175 1240 250 sensorh3
1274 204 1312 239 in
1334 202 1518 240 tactilibus
1552 206 1675 240 auten
1704 200 1904 252 αιιιιιιιῑι,

118 261 160 294 ιι
181 256 308 294 volut
330 256 558 304 philosophi,
582 261 648 295 aut
669 255 899 294 obtimiasima
922 260 960 292 et
982 254 1255 302 confusissima,
1278 260 1321 292 ut
1345 255 1432 292 mihi
1454 255 1594 304 placet,
1629 255 1739 292 datur
1761 252 1905 291 aui-do

116 310 252 356 spodei
273 310 331 347 vel
354 308 523 356 defluxio,
549 310 694 348 veniens
717 309 764 346 ad
786 312 923 346 tactum
947 318 970 344 a
992 310 1104 346 rebus
1128 313 1314 346 remotum.
1361 309 1480 356 Igitur
1501 309 1570 346 etsi
1593 307 1755 344 medicus
1779 314 1906 343 omnes

101 367 161 403 -et
176 372 348 401 smum
369 366 407 400 ct
428 364 559 400 mentis
582 362 774 400 facultates
798 360 979 406 sollicitet,
1004 370 1130 398 omnes
1144 361 1372 407 conjecturas
1388 362 1558 407 excutiat,
1584 369 1771 406 uunquam
1783 363 1905 395 tamen

115 414 163 452 ad
186 414 224 451 id
248 414 432 452 iblicitatis
453 417 631 463 pervenit,
651 420 695 452 ιιι
716 418 844 452 exacte
868 413 1018 451 definire
1042 413 1160 460 possit
1182 413 1420 458 quantitatem
1443 413 1621 459 humoris,
1645 413 1744 451 intus
1767 411 1805 447 in
1827 420 1906 446 cor·

115 477 205 513 pore
225 467 424 514 peccantia,
448 472 512 504 aut
533 467 671 505 humidi
687 465 866 511 radicalis,
890 470 928 503 et
942 466 1213 512 proportionem
1232 471 1438 503 accuratam
1452 466 1549 503 illius
1571 466 1617 502 ad
1632 465 1728 502 vires
1742 466 1905 507 naturae,

114 518 226 564 liujus
247 518 296 555 ad
318 518 476 557 calorem
498 521 677 565 nativum,
712 520 798 566 quia
818 529 891 555 ιιοιι
915 517 1022 555 datur
1043 517 1114 565 ipsi
1142 527 1275 564 corpus
1299 518 1440 565 ing-redi
1474 523 1511 555 et
1533 528 1654 555 eoram
1674 515 1808 554 intueri
1841 520 1907 551 aut

113 570 317 616 ponderare
337 572 475 614 omnia,
508 573 742 619 necssspecies
763 571 861 608 toras
884 569 1044 606 veniunt.
1092 570 1192 606 Haec
1227 570 1368 607 videtur
1391 581 1472 607 esse
1495 571 1652 616 genuina
1680 578 1808 615 cansa,
1841 576 1908 604 mr

114 622 150 657 in
173 622 370 660 materiatis
393 624 644 670 proportiones
668 622 920 660 alterationum
943 633 1016 659 non
1042 622 1393 670 animadvertuntur,
1416 634 1490 661 non
1512 623 1590 668 illa,
1619 634 1726 670 quam
1747 621 1908 659 insinuat

116 675 337 712 Ptolemaios
358 687 430 712 vox
452 677 710 722 instabilitatis,
733 677 804 713 hoc
828 686 939 713 sensu
962 680 1091 712 sumta.
1137 675 1257 712 Alium
1280 675 1393 721 igitur
1414 677 1493 722 ejus
1510 686 1655 713 sensnm
1679 683 1906 721 quaeramus·

113 726 297 764 Fortassis
311 729 415 764 -enim
439 729 508 765 boc
530 728 608 764 vult
630 728 764 765 dicere:
801 739 923 766 crases
948 728 1207 766 elementorum
1230 729 1266 764 ιιι
1291 728 1532 765 animantibus
1562 732 1600 764 et
1624 727 1798 764 similibus
1821 734 1907 762 suas

115 779 250 817 babere
272 778 502 826 latitudines,
528 785 570 818 ιιι
591 791 658 818 nec
681 781 808 818 eadem
831 782 996 818 omnibus
1019 791 1087 818 nec
1111 791 1255 827 semper
1276 780 1403 818 eadem
1426 781 1578 828 singulis
1607 781 1654 816 sit
1678 779 1907 817 causa‘sani·

118 831 206 867 tuis
238 831 298 869 vel
326 833 459 878 morbi;
494 843 538 870 ac
561 834 629 869 etsi
653 843 814 872 summus
838 834 1004 871 sanitatis
1030 834 1151 880 opifex
1173 834 1211 870 ιιι
1236 839 1335 871 certo
1360 833 1521 870 dimenso
1550 843 1695 870 crassos
1720 832 1906 876 consistat,

114 884 217 923 obrui
246 888 366 921 tamen
390 885 501 927 mum.
523 886 568 923 ab
604 886 780 923 infinitate
803 897 954 923 craseon
986 886 1154 933 aliarum,
1189 891 1231 923 ut
1268 887 1366 926 cerni
1397 891 1555 932 nequeat
1590 896 1659 922 nec
1682 884 1907 930 experientia

114 940 300 986 constitui,
324 939 369 975 ab
392 939 456 975 illo
479 938 633 983 scilicet,
660 940 720 985 qui
746 938 868 986 opifex
891 940 944 976 rei
967 950 1039 976 non
1064 939 1149 983 fuit,
1174 949 1240 976 nec
1265 940 1383 976 ideam
1407 937 1486 983 ejus
1511 948 1633 976 secum
1658 938 1703 974 ad
1727 937 1906 974 fabr-ican-
1936 943 1946 954 ‘

114 991 196 1029 dam
219 1003 299 1030 eam
323 992 459 1029 attulit.
507 992 587 1028 Hoc
611 1002 720 1031 sensu
757 992 1002 1028 instabilitatis
1038 992 1251 1029 vocabulum
1286 1003 1353 1039 pro
1384 1001 1474 1028 voce
1505 991 1662 1027 varietas
1695 993 1905 1036 usurpatur

112 1045 247 1091 illaque
268 1045 326 1083 vel
334 1052 416 1094 por
435 1044 576 1080 diversa
598 1043 762 1089 subjecta
785 1048 981 1104 spectatur,
1006 1054 1100 1090 quae
1124 1045 1242 1090 priore
1268 1053 1378 1081 sensu
1400 1044 1438 1080 in
1459 1042 1613 1088 subjecti
1638 1042 1800 1089 ejusdem
1822 1052 1907 1078 con-

112 1098 215 1134 tinuo
236 1102 339 1134 motu
360 1096 481 1132 locum
504 1095 679 1140 babebat,
716 1095 771 1132 vel
795 1096 827 1131 si
851 1096 958 1131 etiam
993 1096 1052 1133 hic
1077 1097 1121 1133 de
1150 1098 1276 1134 eodem
1301 1097 1467 1142 subjecto
1499 1094 1747 1142 cogitandum
1782 1098 1847 1129 aut
1869 1091 1908 1128 id

113 1149 372 1194 consideratur,
395 1153 438 1185 ut
459 1149 574 1185 multa
596 1149 692 1185 inter
714 1159 754 1185 se
770 1149 912 1185 diversa
931 1160 997 1195 per
1011 1155 1214 1197 temporum
1231 1151 1486 1194 diversitatem,
1510 1154 1574 1185 ant
1595 1150 1629 1185 ci
1646 1148 1763 1184 omnia
1777 1157 1907 1193 prope·

112 1202 257 1239 modum
280 1202 467 1248 proportio
491 1202 715 1244 harmonica,
740 1202 841 1247 prius
864 1202 1093 1247 generalibus
1116 1202 1315 1239 Ptolemaei
1337 1202 1456 1238 verbis
1479 1201 1583 1247 data,
1618 1211 1762 1237 rursum
1785 1198 1908 1235 adimi-

113 1260 184 1299 tur,
207 1263 289 1290 cum
312 1255 584 1300 proportionum
614 1265 687 1290 nou
711 1255 759 1291 sit
781 1255 951 1300 latitudo,
988 1256 1052 1291 sed
1076 1255 1307 1292 individuitas
1344 1261 1380 1290 ct
1405 1265 1559 1300 regnum
1583 1254 1664 1298 eius
1698 1250 1908 1289 insociabile

115 1318 197 1344 cum
220 1310 393 1348 vti-ictuc
428 1308 594 1344 crasium.
643 1307 692 1344 Ut
716 1308 768 1343 sic
792 1308 901 1344 etiam
938 1308 1007 1344 hoc
1038 1308 1118 1343 loco
1154 1318 1226 1344 non
1250 1308 1338 1344 satis
1369 1312 1560 1343 accuratus
1595 1305 1762 1342 videatur
1793 1304 1907 1340 fuisse

112 1363 356 1409 Ptolemaeus,
383 1361 452 1397 nisi
469 1360 567 1396 alius
593 1360 665 1396 ista
686 1360 811 1396 melius
835 1359 1002 1406 explicet.

215 1415 289 1452 -Me
312 1414 408 1461 quod
432 1412 580 1456 attinet,
619 1412 649 1448 si
673 1411 865 1448 dicendum
889 1413 954 1458 sit,
991 1422 1036 1448 an
1061 1414 1099 1448 ιιι
1122 1412 1398 1450 alterationibus
1422 1414 1593 1450 materiae
1622 1412 1735 1448 insint
1757 1420 1907 1456 propor-

114 1467 232 1504 tiones
255 1466 503 1510 harmonicae,
538 1464 723 1503 fatendum
747 1464 845 1510 qnod
870 1465 938 1510 sic;
976 1465 1230 1501 alterationum
1255 1466 1350 1502 enim
1373 1464 1596 1502 concinnitas
1631 1468 1689 1500 cst
1710 1461 1907 1499 secundnm

116 1520 373 1567 quantitatem,
409 1518 564 1554 transita
598 1528 683 1553 vero
707 1522 785 1553 tota
809 1518 1028 1564 quantitate,
1064 1518 1331 1554 transferuntur
1366 1528 1490 1554 omnes
1524 1518 1604 1563 ejus
1626 1522 1750 1563 partes
1783 1520 1822 1552 et
1857 1515 1908 1550 sic

114 1583 238 1609 omnes
263 1573 492 1619 attinguntur
526 1570 788 1616 proportiones
843 1570 1003 1616 Negabo.
1044 1571 1144 1607 -Nam
1180 1570 1408 1607 harmonicae
1439 1571 1692 1617 proportiones
1723 1569 1801 1605 sine
1824 1578 1908 1604 con-

80 1624 194 1662 ‘milio
228 1625 324 1662 ultra
348 1625 594 1672 quantitatem
610 1622 841 1667 comitantur,
880 1623 1085 1668 ubicunque
1116 1622 1308 1668 quantitati
1339 1621 1441 1659 locus
1466 1628 1532 1658 est.
1582 1622 1640 1657 An
1662 1622 1772 1667 igitur
1803 1621 1842 1656 in
1864 1620 1908 1655 iis

115 1679 213 1715 salus
238 1682 276 1714 et
299 1675 552 1712 conservatio?
585 1675 622 1709 iu
648 1684 714 1709 sua
738 1674 883 1718 quidem
907 1675 1037 1720 cuique
1069 1676 1120 1711 rei
1145 1686 1317 1711 concessa
1352 1675 1585 1721 proportione
1620 1674 1787 1710 consistit
1809 1672 1908 1709 salus

115 1737 152 1768 et
182 1725 425 1773 conservatio,
458 1726 655 1773 secundum
682 1727 800 1771 magis
831 1733 868 1763 et
891 1729 1020 1773 minus,
1063 1730 1100 1764 in
1135 1728 1350 1764 harmonicis
1374 1738 1497 1763 verum
1525 1726 1606 1763 istis
1640 1725 1767 1763 talium
1788 1735 1909 1761 rerum

115 1783 215 1820 salus
239 1793 312 1818 non
335 1780 510 1817 consistit.
559 1779 649 1814 Cum
671 1780 765 1814 enim
789 1779 998 1816 harmoniae
1021 1781 1155 1818 multae
1179 1781 1262 1826 sint,
1287 1791 1360 1816 non
1377 1780 1575 1816 secundum
1596 1780 1711 1824 magis
1726 1784 1764 1815 et
1778 1779 1908 1821 minus,

115 1836 181 1872 aed
202 1834 400 1872 formaliter
422 1831 648 1875 differentes,
684 1830 890 1875 hujusmodi
914 1837 1040 1868 contra
1069 1834 1179 1869 rebus
1203 1843 1276 1868 una
1307 1832 1386 1869 sola
1409 1831 1610 1877 proportio,
1646 1831 1712 1868 sed
1735 1839 1831 1876 quae
1853 1841 1909 1868 se·

115 1889 273 1926 cundum
295 1885 410 1931 magis
434 1889 472 1920 et
494 1883 612 1918 minus
636 1881 822 1925 diffundit,
855 1888 911 1919 est
935 1883 1029 1918 data.
1076 1883 1183 1928 Quod
1205 1885 1314 1929 igitur
1335 1895 1408 1920 non
1433 1895 1478 1919 ex
1502 1883 1671 1930 consilio,
1699 1883 1764 1920 sed
1786 1894 1909 1920 neces·

115 1941 223 1979 sitate
243 1938 488 1986 quantitatum
511 1936 599 1982 ipsis
623 1935 779 1983 obvenit,
804 1936 841 1971 in
864 1946 908 1971 eo
932 1935 1030 1971 salus
1054 1946 1175 1972 earum
1194 1942 1303 1982 (quae
1322 1937 1470 1974 consilio
1485 1938 1715 1983 procuratur)
1732 1935 1911 1973 ordinarie

115 2004 188 2031 non
211 1990 386 2029 consistit.
434 1990 490 2025 An
514 1999 599 2024 vero
632 1988 702 2024 sint
727 1988 988 2033 observabiles,
1023 1989 1053 2024 si
1077 1989 1200 2024 insunt
1222 1990 1331 2025 rebus
1365 1996 1515 2036 propter
1537 1991 1699 2025 motum?
1746 1989 1909 2034 Respon-

118 2046 186 2082 deo
209 2050 251 2080 nt
275 2053 386 2089 supra
410 2042 446 2078 in
472 2041 711 2086 explicatione
735 2045 858 2076 textus
882 2041 1097 2077 Ptolemaei:
1123 2053 1195 2077 non
1221 2053 1301 2078 esse
1325 2054 1347 2078 a
1363 2043 1466 2079 nobis
1483 2042 1727 2079 observabiles
1750 2045 1814 2077 aut
1828 2051 1909 2086 per·

118 2096 327 2144 ceptibiles3
362 2098 400 2130 at
423 2104 490 2130 nec
522 2095 566 2128 ab
592 2093 719 2138 opifice
750 2099 787 2129 et
811 2094 962 2129 custode
985 2105 1051 2130 suo
1077 2096 1259 2132 observari
1291 2102 1327 2132 et
1351 2098 1522 2143 spectari,
1562 2097 1697 2143 quippe
1718 2095 1756 2131 in
1779 2094 1909 2140 quibus

117 2161 240 2188 earum
264 2148 496 2195 pulchritudo
521 2146 693 2192 salusque
722 2157 794 2181 non
818 2147 1003 2182 consistat.
1054 2148 1124 2184 Sed
1154 2149 1357 2186 addendum
1389 2149 1511 2194 dictis,
1543 2150 1626 2186 ideo
1650 2149 1758 2185 etiam
1789 2147 1909 2183 obser·

117 2204 193 2243 vari
216 2213 288 2238 non
313 2211 440 2247 posse,
470 2201 554 2245 quia
576 2200 763 2245 proportio
787 2200 880 2235 inter
903 2200 994 2236 duos
1017 2201 1189 2237 terminos
1213 2203 1395 2248 consistit,
1431 2214 1511 2239 cum
1538 2203 1576 2238 in
1599 2202 1656 2238 bis
1678 2203 1786 2238 rebus
1809 2205 1911 2236 motu

117 2255 341 2292 alterationis
365 2263 459 2288 unus
485 2252 584 2287 solus
609 2252 785 2287 terminus
810 2251 970 2297 quolibet
994 2258 1156 2298 tempore
1179 2260 1395 2300 compareat.
1443 2256 1597 2301 Incipiat
1628 2254 1723 2290 enim
1753 2252 1910 2288 calefieri

116 2309 256 2351 humor,
281 2304 525 2341 calefactionis
550 2304 683 2349 gradus
707 2305 776 2339 erit
800 2304 955 2340 humilis.
1005 2305 1170 2342 Calescat
1199 2308 1312 2352 magis
1343 2313 1380 2343 et
1402 2308 1537 2354 magis,
1571 2306 1688 2343 donec
1711 2304 1822 2350 duplo
1845 2304 1910 2340 fiat

119 2360 289 2401 calidior,
314 2357 463 2402 duplum
486 2357 556 2392 hoc
581 2357 743 2402 nequibit
765 2357 957 2401 aestimari,
982 2357 1066 2402 quia
1091 2358 1268 2404 simplum,
1294 2359 1398 2404 cujus
1421 2359 1459 2394 id
1476 2359 1625 2404 duplum
1649 2362 1716 2403 est,
1735 2357 1812 2402 jam
1828 2367 1910 2392 eva-

119 2414 208 2458 nuit,
231 2421 300 2447 nec
324 2412 401 2451 eius
426 2408 544 2454 simpli
568 2409 738 2444 memoria
761 2414 879 2444 mente
904 2411 1106 2445 conservari
1138 2416 1174 2445 et
1198 2411 1244 2447 ad
1270 2411 1370 2455 dupli
1396 2411 1598 2446 sensionem
1631 2409 1755 2446 afferri
1777 2412 1909 2454 potest,

121 2466 255 2514 quippe
280 2472 361 2498 cum
386 2460 551 2505 simplum
574 2459 663 2497 illud
687 2461 786 2496 nulla
811 2462 930 2506 specie
957 2462 1004 2497 sit
1028 2462 1245 2507 descriptum
1269 2468 1305 2498 et
1329 2462 1605 2498 determinatum
1637 2472 1747 2500 causa
1769 2459 1909 2506 quanti·

119 2518 227 2561 tatis,
264 2513 329 2550 sed
353 2513 470 2558 possit
491 2513 547 2549 vel
574 2513 691 2558 majus
724 2513 782 2549 vel
806 2514 922 2549 minus
947 2513 1090 2559 aliquod
1123 2526 1189 2560 pro
1214 2516 1342 2561 simplo
1367 2516 1469 2552 sumi.
1518 2516 1631 2551 Secus
1655 2520 1711 2550 est
1739 2515 1776 2549 in
1798 2512 1909 2549 rebus

119 2568 210 2615 auis,
233 2566 507 2614 proportionum
537 2576 620 2600 vere
652 2567 898 2611 participibus.
947 2567 996 2603 Ut
1027 2568 1063 2602 in
1085 2567 1303 2603 motionibus
1335 2568 1552 2604 coelestibus
1587 2571 1705 2603 motus
1736 2567 1911 2612 ‹tu-iusque

120 2622 288 2668 planetae
312 2617 557 2653 velocissimus
583 2619 668 2657 (etsi
702 2619 849 2664 planeta
875 2619 920 2654 de
952 2619 1134 2664 praesenti
1156 2630 1229 2655 non
1255 2620 1302 2655 sit
1324 2620 1587 2665 velocissimus)
1618 2628 1685 2665 per
1707 2619 1824 2654 ideam
1854 2628 1909 2653 re-

118 2675 216 2711 lucet
238 2671 277 2707 in
300 2675 430 2718 mente,
456 2671 695 2706 astronomiae
719 2671 847 2706 saltem
878 2681 945 2716 per
968 2671 1177 2707 instinctum
1201 2682 1349 2717 capace:
1384 2672 1468 2717 quia
1492 2677 1549 2708 est
1578 2672 1712 2717 aliquid
1745 2672 1909 2708 determi-

121 2729 255 2768 natum,
281 2720 416 2767 aliquid
442 2719 553 2764 ἀκρον
575 2718 840 2767 fastigiumque,
865 2724 961 2759 ultra
984 2723 1082 2768 quod
1104 2735 1177 2759 non
1201 2724 1309 2760 datur
1331 2735 1488 2770 unquam
1516 2724 1652 2759 intendi
1674 2729 1809 2760 motum
1831 2724 1908 2770 pla-

120 2785 237 2813 netae.
286 2776 409 2819 Quare
434 2784 515 2808 cum
538 2773 751 2809 velocissimi
777 2780 895 2812 motus
918 2777 1000 2812 idea
1025 2777 1072 2812 sit
1101 2777 1138 2812 in
1162 2777 1374 2823 archetypo,
1406 2777 1442 2811 in
1467 2776 1595 2812 eodem
1619 2776 1726 2812 etiam
1750 2776 1908 2813 tardissi-

119 2838 200 2863 mus
230 2824 488 2863 accommodari
519 2826 564 2861 ad
589 2826 853 2863 velocissimum
883 2829 1002 2874 potuit
1025 2829 1238 2864 harmonice
1290 2829 1348 2863 Sic
1383 2831 1419 2864 in
1450 2827 1711 2865 radiationibus
1746 2827 1907 2875 planeta

119 2891 220 2921 rum,
256 2880 325 2914 etsi
348 2879 442 2913 inter
466 2887 527 2912 eas
552 2878 759 2914 harmoniae
791 2890 864 2917 non
896 2890 981 2921 sunt
1017 2890 1062 2916 ex
1086 2881 1255 2924 consilio,
1294 2880 1355 2915 sed
1389 2882 1602 2925 sequuntur
1624 2881 1834 2918 necessario
1861 2883 1907 2918 ad

122 2931 246 2967 datam
268 2926 461 2968 motionem
485 2930 695 2967 circularem
719 2930 871 2966 duorum
905 2933 1143 2978 inaequaliter
1166 2933 1407 2968 incedentium
1436 2928 1752 2977 redeuntiumque,
1787 2932 1907 2971 obser-

121 2984 198 3019 vari
220 2988 343 3019 tamen
364 2988 517 3028 possunt
539 2983 624 3018 illae
648 2982 870 3025 harmoniae,
905 2995 997 3028 quae
1021 2990 1140 3021 tractu
1164 2985 1333 3030 temporis
1358 2985 1558 3021 succedunt
1589 2990 1627 3019 et
1651 2985 1720 3021 sibi
1741 2986 1831 3032 ipsis
1854 2988 1907 3024 in-
1971 2980 1974 2982 Ὗ

123 3036 236 3071 vicem
259 3041 297 3072 et
319 3035 398 3072 aliis
420 3035 542 3072 mixtis
566 3035 636 3071 sibi
659 3034 893 3081 inconcinnis,
919 3037 1002 3081 quia
1026 3038 1096 3074 duo
1115 3038 1162 3073 ad
1177 3037 1447 3083 proportionem
1464 3038 1627 3093 requisiti
1642 3040 1785 3076 termini
1800 3041 1907 3077 simul
