1994 3276
138 154 221 194 338
825 152 1024 190 Ptolemaei
1041 153 1246 190 Harmonia.

138 265 319 310 lemaeus,
355 271 528 312 tanquam
553 267 613 312 id,
650 269 748 313 quod
785 270 832 306 sit
867 275 972 307 extra
1008 271 1313 316 controversiam,
1356 280 1425 306 nec
1461 270 1530 306 hoe
1566 269 1648 305 loco
1684 269 1940 315 quaerendum.

139 320 290 364 Quaerit
313 320 443 366 igitur,
484 320 571 366 quid
597 321 644 356 sit
667 321 877 358 harmonica
900 323 1056 359 facultas
1082 325 1192 360 rebus
1218 323 1316 368 aliis,
1353 333 1374 358 a
1399 333 1438 359 se
1461 323 1602 358 ratione
1627 322 1824 368 distinctis,
1850 323 1943 358 sitne

138 372 299 418 ipsarum
330 372 499 418 materia,
538 383 583 409 an
599 373 773 418 ‘ipsarum
805 375 967 412 efficiens
1000 387 1044 411 an
1070 377 1181 412 finis?
1230 377 1350 421 Negat
1379 374 1477 411 illam
1503 384 1583 410 esse
1606 375 1715 411 r'ebus
1738 375 1944 415 materinm3

138 425 234 461 ratio
259 426 339 470 ejus
363 430 443 469 est,
481 425 615 462 habere
640 428 761 471 potius
787 429 926 472 agentis
964 434 1130 464 naturam
1169 439 1290 474 quam,
1312 428 1496 474 patientis.
1545 427 1640 463 Dum
1666 423 1760 463 enim
1785 426 1945 473 appellat

139 477 238 514 illam
264 482 418 523 δυναμιιι,
449 483 627 524 τθερθοῐιι
650 478 802 524 aliquus
826 482 1000 526 ἐνεργειας
1023 482 1124 518 illam
1149 483 1200 518 sic
1227 480 1403 528 appellat.
1451 480 1624 516 Facultas
1651 480 1743 516 enim
1769 480 1815 515 ad
1841 479 1945 515 effec-

138 536 216 568 tum
241 531 414 577 refertur,
450 533 615 577 potentia
639 532 685 568 ad
711 538 842 569 actum.
890 534 1063 571 Facultas
1088 535 1200 580 igitur
1224 534 1435 571 harmonica
1459 544 1531 569 non
1555 533 1650 569 inest
1675 533 1768 575 aeri,
1803 544 1847 569 ex
1874 543 1945 578 quo

141 589 226 620 sunt
251 595 357 620 voces
382 590 634 630 consonantes,
659 596 733 621 non
757 586 792 622 in
819 592 921 623 motu
947 587 1052 634 aeris,
1078 589 1148 625 hoc
1167 592 1224 625 est
1248 589 1285 624 in
1303 587 1413 633 soniS,
1439 586 1503 623 sed
1527 586 1621 623 inest
1646 586 1680 621 in
1708 587 1826 622 anima
1851 596 1946 622 com-

140 641 293 681 parante
317 647 447 672 sonos:
474 638 697 682 comparatio
721 648 806 678 vero
833 644 890 675 est
913 641 1019 676 aetio.

257 701 354 736 Nota
379 701 441 738 IX.
490 701 611 745 Negat
636 700 846 740 facultatem
872 704 965 740 hanc
991 715 1071 741 esse
1096 705 1227 750 finem,
1267 704 1372 749 cujus
1397 713 1509 739 causa
1534 702 1606 740 sint
1630 712 1688 738 res
1712 701 1817 746 illae,
1854 711 1947 748 quae

141 754 369 790 constituunt
405 754 659 800 proportiones
696 755 943 792 harmonicas:
983 757 1101 803 ipsam
1125 758 1219 792 enim
1244 756 1393 793 tendere
1429 756 1552 800 potius
1578 754 1623 791 ad
1650 755 1759 791 finem
1783 755 1948 799 adeoque

141 805 297 852 dirigere
323 817 389 842 sua
414 807 579 851 subjecta
615 807 766 843 ulterius
805 809 850 844 ad
876 809 984 844 finem
1010 810 1130 844 alium.
1180 810 1280 844 Haec
1314 809 1466 844 assertio
1493 808 1754 844 dubitationem
1778 807 1888 843 habet
1912 808 1948 843 in

141 859 223 905 hoc,
251 859 347 904 quod
373 870 454 895 cum
480 859 524 895 de
548 859 723 896 facultate
747 860 920 906 loquatur
945 861 1125 897 efficiendi
1151 861 1289 906 aliquid
1308 861 1506 897 secundum
1531 860 1737 896 harmonias
1762 865 1856 901 (nam
1883 870 1948 906 pro

146 911 421 948 «harmonia»
460 912 651 958 legendum
677 918 732 949 est
760 914 1073 950 «harmonica»
1114 913 1347 958 subintellige
1388 912 1691 958 «facultatc»),
1728 912 1827 949 Deus
1853 917 1950 948 certe

144 964 223 1000 fons
250 970 306 1001 est
329 964 426 1001 illius
451 966 603 1011 ipsaque
628 966 718 1001 adeo
744 966 824 1012 illa,
865 973 901 1002 et
927 968 1026 1002 Deus
1053 967 1172 1003 omnia
1194 966 1381 1003 exornavit
1404 970 1558 1012 propter>
1579 976 1619 1002 se
1643 965 1762 1011 ipsum
1787 971 1950 1010 propter-

143 1027 213 1062 que
238 1027 341 1053 suam
366 1018 676 1064 complacentiam.
1838 1015 1842 1020 “
1976 1022 1977 1025 ’

260 1070 358 1115 Ergo
395 1074 543 1106 ornatus
578 1081 699 1106 rerum
745 1076 801 1107 est
837 1076 988 1116 propter
1024 1071 1127 1107 illum
1158 1070 1502 1116 superbenedictum
1541 1069 1767 1116 harmosten,
1801 1068 1950 1116 ipseque

142 1123 252 1158 rebus
277 1123 385 1158 etiam
410 1123 491 1158 finis
516 1126 582 1168 est,
609 1123 712 1168 cujus
736 1123 821 1159 illae
846 1134 957 1159 causa
982 1131 1067 1160 sunt
1090 1124 1227 1167 factae3
1256 1122 1361 1159 nimis
1379 1123 1490 1170 igitur
1515 1123 1694 1169 generalis
1719 1128 1775 1161 est
1798 1124 1951 1160 assertio

142 1175 352 1221 Ptolemaei,
379 1180 420 1211 ut
445 1186 538 1221 quae
564 1176 634 1212 hoc
659 1186 794 1221 negare
818 1176 974 1212 videtur.

257 1239 353 1275 Nota
377 1240 422 1276 X.
470 1241 566 1275 Dum
591 1251 674 1276 vero
700 1240 767 1277 ait:
813 1241 894 1276 Vim
917 1241 1167 1277 harmonicam
1206 1241 1362 1287 diriqere
1385 1240 1584 1285 subjectum
1619 1252 1726 1277 sumn
1749 1241 1800 1277 ad
1831 1242 1950 1286 finem,

132 1291 179 1338 vid
203 1302 270 1337 pro
295 1291 430 1337 duplici
454 1292 488 1327 vi
509 1292 731 1337 harmonica,
757 1297 798 1328 ut
824 1291 1002 1338 explicavi
1028 1305 1105 1338 cap.
1124 1294 1154 1328 2.
1185 1293 1267 1328 libri
1291 1293 1361 1328 mei
1378 1292 1440 1338 IV,
1466 1292 1647 1338 duplicem
1673 1293 1780 1329 etiam
1808 1303 1952 1328 sensum
1988 1287 1994 1326 ἒ

143 1344 266 1380 habet.
314 1345 407 1382 Nam
443 1344 599 1380 facultas
637 1342 782 1391 quidem
808 1345 1018 1381 harmonica
1054 1346 1216 1391 practica
1255 1346 1377 1391 dirigit
1403 1351 1547 1382 cantum
1574 1346 1620 1383 ad
1646 1346 1847 1383 decentiam
1872 1351 1952 1391 etc„

145 1408 239 1442 quae
265 1402 320 1434 est
343 1398 433 1433 nihil
458 1397 566 1443 aliud,
591 1408 700 1443 quam
725 1398 803 1444 ipse
829 1398 917 1434 ordo
944 1409 989 1434 ex
1008 1399 1192 1434 concinnis
1218 1403 1254 1434 et
1271 1399 1465 1439 consonis3,
1485 1404 1522 1434 at
1548 1399 1704 1435 facultas
1730 1398 1954 1444 speculativa
1988 1393 1994 1432 Ῐ,

144 1454 182 1485 et
207 1450 381 1494 agnitiva,
406 1451 476 1486 etsi
501 1450 704 1496 subjectum
730 1463 802 1487 non
829 1451 968 1497 dirigit,
997 1451 1061 1487 sed
1088 1451 1263 1488 directum
1288 1453 1440 1497 probat,
1467 1457 1587 1487 tamen
1611 1452 1681 1489 hoc
1706 1457 1886 1497 praestat,
1913 1447 1954 1487 nt
1991 1455 1994 1499 ]

144 1503 264 1538 anima
286 1503 483 1539 harmoniis
508 1505 638 1548 agnitis
663 1510 699 1540 et
725 1504 930 1549 dijudicatis
967 1503 1183 1539 delectetur:
1222 1505 1285 1540 ubi
1309 1504 1360 1540 sic
1394 1516 1434 1541 se
1471 1504 1582 1541 habet
1607 1503 1797 1540 delectatio
1821 1504 1868 1540 ad
1894 1503 1953 1539 de-

140 1555 312 1602 centiam,
338 1557 431 1593 sicut
455 1557 655 1603 speculatio
681 1557 733 1592 rei
758 1557 878 1592 factae
904 1557 950 1592 ad
974 1557 1027 1591 rei
1051 1556 1243 1593 facturam.
1984 1550 1987 1556 '

260 1620 359 1657 Nota
383 1622 445 1657 XI.
493 1621 720 1659 Facultatem
746 1622 991 1658 harmonicam
1016 1627 1181 1658 recenset
1204 1623 1301 1659 inter
1324 1632 1455 1658 causas
1479 1632 1610 1666 rerum,
1636 1620 1807 1666 intellige,
1833 1625 1875 1656 ut
1898 1630 1951 1655 se·
1985 1605 1994 1666 ξ

146 1678 288 1720 quetur‚
314 1682 389 1710 non
413 1685 541 1711 causas
566 1675 763 1719 essentiae,
791 1675 854 1710 sed
881 1685 1008 1711 causas
1035 1675 1220 1719 qualitatis
1247 1675 1401 1720 alicujus
1425 1674 1685 1719 relationisque
1711 1672 1952 1718 qualitativae.
1976 1680 1989 1685 ’“

146 1727 240 1762 Nam
266 1727 476 1762 harmoniae
501 1727 593 1763 fiunt
616 1727 724 1763 rebus
751 1728 936 1772 subjectis,
962 1734 1003 1764 ut
1029 1728 1139 1773 sonis,
1163 1728 1278 1763 forma
1302 1727 1482 1774 quaedam
1507 1725 1761 1762 accidentalis:
1788 1725 1954 1760 dicuntur

147 1780 242 1815 enim
265 1778 340 1826 εἴδη
364 1781 474 1816 etiam
497 1780 543 1815 ab
567 1780 764 1815 Aristotele
799 1780 882 1826 illa,
909 1790 1003 1825 quae
1029 1780 1203 1825 subjectis
1229 1781 1375 1825 insunt,
1401 1784 1443 1814 ut
1467 1778 1605 1823 figurae
1630 1778 1869 1824 geometricae
1892 1777 1953 1812 tri·
1976 1786 1985 1827 j

145 1842 276 1876 genus,
300 1837 524 1878 tetragonus.
558 1833 601 1868 Id
625 1832 739 1868 multo
765 1833 880 1879 magis
906 1844 1040 1877 verum,
1066 1833 1212 1877 quando
1237 1833 1321 1868 talis
1347 1832 1486 1877 species
1512 1836 1568 1867 est
1593 1831 1791 1867 secundum
1815 1829 1867 1864 rei
1892 1839 1952 1864 na·
1977 1852 1985 1878 -3

148 1887 284 1928 turam,
310 1889 351 1919 ut
376 1885 406 1919 si
431 1884 529 1919 illam
555 1885 713 1929 speciem
738 1884 882 1929 induat,
920 1885 984 1920 fiat
1009 1885 1044 1919 in
1071 1895 1136 1920 suo
1162 1895 1293 1930 genere
1319 1885 1446 1920 melior
1472 1890 1508 1920 et
1533 1884 1743 1929 perfectior,
1770 1887 1811 1918 ut
1833 1883 1886 1919 ita
1908 1882 1955 1918 sit

149 1934 240 1971 haec
264 1937 405 1980 species
430 1936 515 1972 huic
540 1937 703 1982 subjecto
730 1938 958 1974 conveniens.

272 2003 486 2054 Supremae
519 2017 611 2044 vero
641 2017 710 2044 seu
741 2007 888 2055 primae
921 2017 1064 2044 causae
1096 2004 1239 2055 triplici
1272 2004 1490 2043 discrimine
1522 2009 1756 2043 cernuntur:
1798 2003 1876 2041 alia
1907 2013 1976 2054 ex⁸

150 2066 261 2114 parte
291 2068 453 2102 naturae
486 2069 524 2102 et
553 2065 676 2113 ipsius
707 2075 784 2102 6336
820 2063 936 2111 nudi,
985 2063 1064 2102 alia
1108 2076 1156 2102 ex
1198 2069 1307 2112 parte
1338 2064 1499 2100 rationis
1530 2068 1568 2100 et
1600 2064 1721 2112 ipsius
1752 2062 1848 2100 bene
1877 2071 1953 2099 6336

150 2119 262 2169 nudi,
312 2121 392 2160 alia
443 2121 610 2171 denique
659 2134 707 2160 ex
757 2128 866 2172 parte
914 2121 1131 2160 divinitatis
1172 2127 1210 2159 et
1255 2122 1376 2170 ipsius
1427 2121 1523 2159 bene
1561 2132 1716 2170 semper
1756 2131 1832 2158 esse
1868 2116 1978 2171 ΧῙῙ).·

153 2179 283 2217 Causa
313 2180 431 2230 igitur
461 2181 547 2227 ista,
588 2191 687 2229 quae
726 2180 939 2218 secundum
970 2179 1211 2217 harmoniam
1252 2184 1331 2226 est,
1377 2187 1502 2228 neque
1533 2184 1694 2217 naturae
1727 2185 1785 2217 est
1814 2189 1953 2216 accen-

153 2236 295 2286 senda,
337 2249 415 2276 non
454 2240 555 2276 euim
594 2237 776 2276 conciliat
816 2239 943 2288 ipsum
981 2248 1058 2275 esse
1093 2238 1209 2275 rebus
1239 2237 1311 2283 sibi
1344 2236 1550 2286 subjectis,
1589 2248 1716 2286 neque
1747 2235 1984 2298 divinitati2'

152 2306 231 2334 non
263 2297 365 2334 enim
396 2301 455 2334 est
486 2298 608 2347 prima
639 2307 759 2335 causa
790 2307 941 2346 semper
972 2295 1124 2333 essendi
1156 2307 1226 2333 scu
1257 2295 1509 2342 aeternitatis,
1541 2294 1610 2333 sed
1640 2295 1779 2333 rationi
1812 2295 1954 2344 ubique

155 2353 418 2404 adjudicanda
449 2360 507 2393 est
537 2355 763 2393 harmonica
795 2353 1006 2392 causalitas
1035 2351 1145 2405 X¹1¹):
1195 2359 1236 2391 ut
1267 2365 1367 2402 quae
1399 2353 1503 2391 cadit
1534 2354 1631 2391 inter
1661 2352 1785 2391 dictas
1816 2361 1952 2393 causas

154 2411 241 2450 loeo
286 2414 398 2462 quasi
437 2412 566 2451 medio
613 2418 651 2451 et
690 2423 778 2450 cum
834 2412 1018 2450 utralibet
1059 2413 1250 2449 concurrit
1287 2410 1337 2449 ad
1378 2411 1690 2453 constituendum
1729 2411 1825 2448 bene
1863 2420 1958 2458 eam,

155 2469 243 2508 Diis
274 2471 429 2520 quidem
474 2473 664 2521 perpetim
694 2472 905 2516 assistens,
948 2471 1093 2519 quippe
1125 2471 1192 2518 qui
1237 2480 1389 2518 semper
1429 2469 1531 2508 idem
1562 2475 1674 2516 sunt,
1715 2467 1967 2508 naturalibus

159 2540 251 2567 vero
282 2540 354 2568 nec
384 2530 565 2568 omuibus
596 2541 667 2568 nec
698 2528 931 2576 omnimode,
964 2533 1122 2578 propter
1153 2529 1385 2565 contrariam
1417 2519 1552 2568 eornm
1582 2526 1855 2565 conditionem.

272 2602 370 2638 Nota
385 2602 466 2637 XII.
508 2601 610 2637 Haec
625 2601 786 2636 trisectio
804 2600 970 2635 desumta
987 2605 1042 2634 est
1059 2610 1104 2634 ex
1127 2599 1360 2644 philosophia
1379 2599 1575 2643 Platonica,
1601 2608 1720 2634 rerum
1740 2598 1896 2634 omnium
1917 2596 1954 2633 in

157 2654 347 2699 naturalia,
366 2653 485 2689 divina
499 2657 535 2689 et
551 2653 760 2690 intermedia
777 2653 1046 2696 mathematica3
1066 2652 1110 2687 de
1128 2652 1256 2696 quibus
1276 2653 1356 2689 vide
1373 2653 1542 2688 Proclum
1560 2652 1692 2688 Gomm.
1711 2651 1749 2686 in
1766 2649 1954 2685 Euclidem

158 2708 222 2744 lib.
237 2707 266 2742 Ῑ.
289 2705 505 2742 Aristoteles
523 2705 701 2741 naturalia
717 2705 754 2740 in
771 2710 869 2740 motu
887 2710 924 2739 et
941 2704 1138 2739 mutatione
1163 2704 1214 2739 ait
1230 2705 1376 2741 versari.
1401 2705 1531 2741 Divina
1548 2715 1631 2741 vero
1651 2703 1844 2740 immobilia
1858 2700 1953 2747 facit,

158 2758 257 2806 quod
280 2758 339 2793 hic
363 2763 419 2794 est
450 2756 657 2794 Ptolemaeo
682 2768 819 2803 semper
849 2769 931 2793 esse.
982 2757 1053 2792 Cur
1078 2762 1200 2791 autem
1225 2757 1366 2793 bonitas
1393 2758 1522 2794 divinis
1547 2756 1781 2798 adscribatur,
1806 2766 1877 2791 non
1900 2752 1970 2797 itin

160 2812 241 2848 dem
267 2815 304 2846 et
339 2809 587 2854 naturalibus,
625 2814 661 2844 et
696 2819 789 2855 quae
825 2808 884 2843 hic
908 2808 1075 2853 cognatio
1114 2809 1243 2844 rationi
1268 2810 1397 2844 mentis
1434 2810 1613 2845 humanae
1637 2819 1718 2845 cum
1742 2807 1840 2853 Diis,
1876 2803 1956 2850 vida

162 2862 260 2907 apud
283 2862 516 2898 Aristotelem
539 2861 600 2897 lib.
626 2861 706 2897 XII.
731 2861 1075 2906 Metaphysicorum.
1125 2862 1209 2897 Non
1235 2863 1328 2897 enim
1353 2861 1495 2898 bonitas
1521 2862 1686 2898 absolute
1711 2864 1864 2906 negatur
1886 2854 1953 2903 ipsi

160 2924 234 2951 6336
265 2914 442 2960 naturali,
474 2915 539 2950 sed
563 2915 627 2959 iis,
671 2925 763 2960 quae
794 2916 879 2951 bene
911 2924 986 2949 6336
1011 2914 1194 2950 dicuntur:
1233 2920 1273 2951 ut
1295 2915 1392 2959 ligno
1418 2926 1484 2950 sua
1509 2915 1667 2951 essentia
1692 2919 1748 2949 est
1770 2909 1952 2967 naturalis,

162 2977 308 3002 mensae
331 2978 416 3003 vero
441 2973 515 3003 tam
538 2968 731 3012 naturalis,
769 2966 874 3011 ligni,
913 2975 1019 3010 quam
1045 2966 1261 3012 artificialis,
1299 2967 1436 3012 figurae
1469 2967 1653 3010 utensilis,
1688 2965 1739 3000 ita
1764 2969 1837 2999 tam
1870 2964 1953 2999 bem

163 3030 236 3054 6336
268 3030 375 3064 quam
403 3031 542 3066 semper
572 3031 647 3058 6336
681 3020 944 3066 praesupponit
980 3018 1125 3064 aliquod
1161 3031 1234 3056 esse
1272 3018 1436 3055 naturale
1471 3030 1536 3065 pro
1570 3017 1813 3053 fundamento.
1862 3009 1951 3065 Quin

163 3070 271 3105 etiam
302 3072 338 3106 in
368 3072 448 3116 ipso
472 3083 612 3119 semper
635 3084 709 3109 6336
731 3073 827 3108 inest
862 3074 898 3106 et
935 3072 1021 3107 bene
1050 3082 1142 3117 6336;
1183 3071 1246 3107 sed
1280 3071 1317 3106 id
1342 3070 1491 3106 alterius
1517 3069 1656 3116 generis
1682 3078 1788 3113 quam
1811 3068 1849 3103 in
1871 3066 1950 3118 haif-

165 3122 324 3158 monicis.
371 3124 452 3159 Non
476 3132 573 3163 esset
597 3127 691 3163 enim
715 3125 858 3171 optime,
884 3123 953 3159 nisi
978 3128 1014 3159 et
1038 3133 1180 3169 semper
1204 3128 1309 3160 esset.
1346 3122 1442 3159 Illud
1465 3133 1549 3157 vero
1576 3122 1662 3158 bene
1686 3131 1778 3165 esse,
1816 3119 1859 3154 de
1883 3118 1950 3164 quo

1992 2558 1994 2575 A
