<?xml version="1.0" encoding="UTF-8"?>
<!DOCTYPE html PUBLIC "-//W3C//DTD XHTML 1.0 Transitional//EN"
    "http://www.w3.org/TR/xhtml1/DTD/xhtml1-transitional.dtd">
<html xmlns="http://www.w3.org/1999/xhtml" xml:lang="en" lang="en">
 <head>
  <title>
</title>
<meta http-equiv="Content-Type" content="text/html;charset=utf-8" />
  <meta name='ocr-system' content='tesseract 3.04.00' />
  <meta name='ocr-capabilities' content='ocr_page ocr_carea ocr_par ocr_line ocrx_word'/>
</head>
<body>
  <div class='ocr_page' id='page_1' title='image "./operaomniaedidit05kepluoft_0449.png"; bbox 0 0 1994 3276; ppageno 0'>
   <div class='ocr_carea' id='block_1_1' title="bbox 772 69 1972 145">
    <p class='ocr_par' dir='ltr' id='par_1_1' title="bbox 772 69 1972 145">
     <span class='ocr_line' id='line_1_1' title="bbox 772 69 1972 145; baseline 0.001 -1"><span class='ocrx_word' id='word_1_1' title='bbox 772 87 803 115; x_wconf 50' lang='lat'><strong>*¹</strong></span> <span class='ocrx_word' id='word_1_2' title='bbox 869 75 1071 145; x_wconf 65' lang='lat' dir='ltr'><strong>Avdbsiv</strong></span> <span class='ocrx_word' id='word_1_3' title='bbox 1154 124 1159 137; x_wconf 58' lang='grc' dir='ltr'><strong>ι</strong></span> <span class='ocrx_word' id='word_1_4' title='bbox 1249 130 1254 138; x_wconf 79' lang='lat'><em>.</em></span> <span class='ocrx_word' id='word_1_5' title='bbox 1628 132 1631 137; x_wconf 23' lang='grc' dir='ltr'><strong>ι</strong></span> <span class='ocrx_word' id='word_1_6' title='bbox 1771 102 1857 145; x_wconf 67' lang='grc' dir='ltr'><strong>ιιι</strong></span> <span class='ocrx_word' id='word_1_7' title='bbox 1965 69 1972 79; x_wconf 68' lang='grc'><em>’</em></span> 
     </span>
    </p>
   </div>
   <div class='ocr_carea' id='block_1_2' title="bbox 53 216 1907 1897">
    <p class='ocr_par' dir='ltr' id='par_1_2' title="bbox 71 216 1870 270">
     <span class='ocr_line' id='line_1_2' title="bbox 71 216 1870 270; baseline 0.004 -19"><span class='ocrx_word' id='word_1_8' title='bbox 71 219 247 260; x_wconf 58' lang='lat' dir='ltr'><strong>ganne:</strong></span> <span class='ocrx_word' id='word_1_9' title='bbox 265 224 435 269; x_wconf 63' lang='lat' dir='ltr'><strong>m,</strong></span> <span class='ocrx_word' id='word_1_10' title='bbox 476 220 544 270; x_wconf 82' lang='lat' dir='ltr'><strong>qni</strong></span> <span class='ocrx_word' id='word_1_11' title='bbox 579 220 619 256; x_wconf 84' lang='lat' dir='ltr'><strong>in</strong></span> <span class='ocrx_word' id='word_1_12' title='bbox 654 219 870 270; x_wconf 62' lang='lat' dir='ltr'><strong>geometria</strong></span> <span class='ocrx_word' id='word_1_13' title='bbox 906 218 1109 256; x_wconf 68' lang='lat' dir='ltr'><strong>inve-itm-</strong></span> <span class='ocrx_word' id='word_1_14' title='bbox 1130 216 1388 257; x_wconf 77' lang='lat' dir='ltr'><strong>hannonicus.</strong></span> <span class='ocrx_word' id='word_1_15' title='bbox 1449 218 1505 260; x_wconf 70' lang='lat' dir='ltr'><strong>At</strong></span> <span class='ocrx_word' id='word_1_16' title='bbox 1531 220 1745 270; x_wconf 64' lang='lat' dir='ltr'><strong>geometria</strong></span> <span class='ocrx_word' id='word_1_17' title='bbox 1786 220 1870 264; x_wconf 26' lang='lat' dir='ltr'><strong>east</strong></span> 
     </span>
    </p>

    <p class='ocr_par' dir='ltr' id='par_1_3' title="bbox 53 274 1907 1897">
     <span class='ocr_line' id='line_1_3' title="bbox 72 274 1861 330; baseline 0.001 -14"><span class='ocrx_word' id='word_1_18' title='bbox 72 279 235 317; x_wconf 80' lang='lat' dir='ltr'><strong>rationis</strong></span> <span class='ocrx_word' id='word_1_19' title='bbox 266 284 339 330; x_wconf 85' lang='lat' dir='ltr'><strong>est,</strong></span> <span class='ocrx_word' id='word_1_20' title='bbox 368 277 475 328; x_wconf 87' lang='lat' dir='ltr'><strong>quod</strong></span> <span class='ocrx_word' id='word_1_21' title='bbox 502 289 572 327; x_wconf 86' lang='lat' dir='ltr'><strong>per</strong></span> <span class='ocrx_word' id='word_1_22' title='bbox 599 287 645 315; x_wconf 84' lang='lat' dir='ltr'><strong>se</strong></span> <span class='ocrx_word' id='word_1_23' title='bbox 670 276 829 316; x_wconf 81' lang='lat' dir='ltr'><strong>nullam·</strong></span> <span class='ocrx_word' id='word_1_24' title='bbox 848 275 968 314; x_wconf 79' lang='lat' dir='ltr'><strong>babet</strong></span> <span class='ocrx_word' id='word_1_25' title='bbox 995 275 1218 315; x_wconf 78' lang='lat' dir='ltr'><strong>efficaciam.</strong></span> <span class='ocrx_word' id='word_1_26' title='bbox 1280 274 1444 326; x_wconf 76' lang='lat' dir='ltr'><strong>Oportet</strong></span> <span class='ocrx_word' id='word_1_27' title='bbox 1473 287 1584 328; x_wconf 78' lang='lat' dir='ltr'><strong>ergo,</strong></span> <span class='ocrx_word' id='word_1_28' title='bbox 1621 283 1667 316; x_wconf 82' lang='lat' dir='ltr'><strong>ut</strong></span> <span class='ocrx_word' id='word_1_29' title='bbox 1693 286 1861 328; x_wconf 62' lang='lat' dir='ltr'><strong>gnome-⁶·</strong></span> 
     </span>
     <span class='ocr_line' id='line_1_4' title="bbox 72 333 1856 398; baseline -0.001 -22"><span class='ocrx_word' id='word_1_30' title='bbox 72 336 168 375; x_wconf 64' lang='lat' dir='ltr'><strong>uh«</strong></span> <span class='ocrx_word' id='word_1_31' title='bbox 174 336 294 398; x_wconf 73' lang='lat' dir='ltr'><strong>haee,</strong></span> <span class='ocrx_word' id='word_1_32' title='bbox 324 336 451 375; x_wconf 68' lang='lat' dir='ltr'><strong>latens</strong></span> <span class='ocrx_word' id='word_1_33' title='bbox 480 336 531 374; x_wconf 86' lang='lat' dir='ltr'><strong>in</strong></span> <span class='ocrx_word' id='word_1_34' title='bbox 550 333 793 385; x_wconf 68' lang='lat' dir='ltr'><strong>aspectibus,</strong></span> <span class='ocrx_word' id='word_1_35' title='bbox 823 339 917 383; x_wconf 80' lang='lat' dir='ltr'><strong>agat</strong></span> <span class='ocrx_word' id='word_1_36' title='bbox 946 333 1151 383; x_wconf 77' lang='lat' dir='ltr'><strong>objective.</strong></span> <span class='ocrx_word' id='word_1_37' title='bbox 1211 333 1265 371; x_wconf 77' lang='lat' dir='ltr'><strong>At</strong></span> <span class='ocrx_word' id='word_1_38' title='bbox 1293 334 1488 384; x_wconf 74' lang='lat' dir='ltr'><strong>objective</strong></span> <span class='ocrx_word' id='word_1_39' title='bbox 1526 338 1585 374; x_wconf 83' lang='lat' dir='ltr'><strong>ln</strong></span> <span class='ocrx_word' id='word_1_40' title='bbox 1595 336 1744 374; x_wconf 80' lang='lat' dir='ltr'><strong>nullam</strong></span> <span class='ocrx_word' id='word_1_41' title='bbox 1774 347 1856 375; x_wconf 82' lang='lat' dir='ltr'><strong>rem</strong></span> 
     </span>
     <span class='ocr_line' id='line_1_5' title="bbox 71 390 1855 445; baseline 0.001 -12"><span class='ocrx_word' id='word_1_42' title='bbox 71 404 188 444; x_wconf 75' lang='lat' dir='ltr'><strong>agere</strong></span> <span class='ocrx_word' id='word_1_43' title='bbox 208 394 440 445; x_wconf 78' lang='lat' dir='ltr'><strong>quidquam</strong></span> <span class='ocrx_word' id='word_1_44' title='bbox 475 399 627 444; x_wconf 85' lang='lat' dir='ltr'><strong>potest,</strong></span> <span class='ocrx_word' id='word_1_45' title='bbox 666 394 742 431; x_wconf 80' lang='lat' dir='ltr'><strong>nisi</strong></span> <span class='ocrx_word' id='word_1_46' title='bbox 784 394 823 430; x_wconf 86' lang='lat' dir='ltr'><strong>iu</strong></span> <span class='ocrx_word' id='word_1_47' title='bbox 861 390 1068 430; x_wconf 76' lang='lat' dir='ltr'><strong>facultates</strong></span> <span class='ocrx_word' id='word_1_48' title='bbox 1095 390 1304 441; x_wconf 84' lang='lat' dir='ltr'><strong>animales,</strong></span> <span class='ocrx_word' id='word_1_49' title='bbox 1345 397 1390 431; x_wconf 90' lang='lat' dir='ltr'><strong>ut</strong></span> <span class='ocrx_word' id='word_1_50' title='bbox 1423 394 1571 433; x_wconf 82' lang='lat' dir='ltr'><strong>musica</strong></span> <span class='ocrx_word' id='word_1_51' title='bbox 1609 395 1649 432; x_wconf 86' lang='lat' dir='ltr'><strong>in</strong></span> <span class='ocrx_word' id='word_1_52' title='bbox 1678 394 1855 434; x_wconf 77' lang='lat' dir='ltr'><strong>auditum</strong></span> 
     </span>
     <span class='ocr_line' id='line_1_6' title="bbox 72 440 1856 506; baseline 0.001 -15"><span class='ocrx_word' id='word_1_53' title='bbox 72 448 267 503; x_wconf 62' lang='lat' dir='ltr'><strong>agricolae</strong></span> <span class='ocrx_word' id='word_1_54' title='bbox 295 451 497 491; x_wconf 72' lang='lat' dir='ltr'><strong>saltantis.-</strong></span> <span class='ocrx_word' id='word_1_55' title='bbox 547 449 662 500; x_wconf 84' lang='lat' dir='ltr'><strong>Quod</strong></span> <span class='ocrx_word' id='word_1_56' title='bbox 692 452 810 501; x_wconf 76' lang='lat' dir='ltr'><strong>igitur</strong></span> <span class='ocrx_word' id='word_1_57' title='bbox 838 440 1021 488; x_wconf 61' lang='lat' dir='ltr'><strong>causatur</strong></span> <span class='ocrx_word' id='word_1_58' title='bbox 1048 454 1176 488; x_wconf 86' lang='lat' dir='ltr'><strong>motus</strong></span> <span class='ocrx_word' id='word_1_59' title='bbox 1205 451 1306 488; x_wconf 76' lang='lat' dir='ltr'><strong>aeris</strong></span> <span class='ocrx_word' id='word_1_60' title='bbox 1336 451 1386 488; x_wconf 88' lang='lat' dir='ltr'><strong>ad</strong></span> <span class='ocrx_word' id='word_1_61' title='bbox 1406 454 1687 506; x_wconf 85' lang='lat' dir='ltr'><strong>praescriptum</strong></span> <span class='ocrx_word' id='word_1_62' title='bbox 1716 460 1856 505; x_wconf 55' lang='lat' dir='ltr'><strong>aspa&amp;-</strong></span> 
     </span>
     <span class='ocr_line' id='line_1_7' title="bbox 71 506 1857 560; baseline 0.002 -13"><span class='ocrx_word' id='word_1_63' title='bbox 71 515 183 550; x_wconf 69' lang='lat' dir='ltr'><strong>tm</strong></span> <span class='ocrx_word' id='word_1_64' title='bbox 221 511 262 548; x_wconf 84' lang='lat' dir='ltr'><strong>iu</strong></span> <span class='ocrx_word' id='word_1_65' title='bbox 290 508 412 550; x_wconf 77' lang='lat' dir='ltr'><strong>&#39;Perta</strong></span> <span class='ocrx_word' id='word_1_66' title='bbox 439 509 711 557; x_wconf 80' lang='lat' dir='ltr'><strong>formatorum,</strong></span> <span class='ocrx_word' id='word_1_67' title='bbox 749 508 790 546; x_wconf 87' lang='lat' dir='ltr'><strong>id</strong></span> <span class='ocrx_word' id='word_1_68' title='bbox 826 513 885 547; x_wconf 86' lang='lat' dir='ltr'><strong>est</strong></span> <span class='ocrx_word' id='word_1_69' title='bbox 916 507 1093 545; x_wconf 86' lang='lat' dir='ltr'><strong>animalis</strong></span> <span class='ocrx_word' id='word_1_70' title='bbox 1130 506 1328 546; x_wconf 75' lang='lat' dir='ltr'><strong>facultatis</strong></span> <span class='ocrx_word' id='word_1_71' title='bbox 1357 511 1551 560; x_wconf 76' lang='lat' dir='ltr'><strong>particeps</strong></span> <span class='ocrx_word' id='word_1_72' title='bbox 1590 515 1629 549; x_wconf 88' lang='lat' dir='ltr'><strong>et</strong></span> <span class='ocrx_word' id='word_1_73' title='bbox 1666 512 1705 548; x_wconf 90' lang='lat' dir='ltr'><strong>in</strong></span> <span class='ocrx_word' id='word_1_74' title='bbox 1735 511 1857 551; x_wconf 75' lang='lat' dir='ltr'><strong>Terra</strong></span> 
     </span>
     <span class='ocr_line' id='line_1_8' title="bbox 73 565 1857 621; baseline 0.001 -14"><span class='ocrx_word' id='word_1_75' title='bbox 73 576 280 618; x_wconf 71' lang='lat' dir='ltr'><strong>praesm3</strong></span> <span class='ocrx_word' id='word_1_76' title='bbox 321 573 362 607; x_wconf 82' lang='lat' dir='ltr'><strong>et</strong></span> <span class='ocrx_word' id='word_1_77' title='bbox 401 569 495 618; x_wconf 87' lang='lat' dir='ltr'><strong>quia</strong></span> <span class='ocrx_word' id='word_1_78' title='bbox 533 566 573 605; x_wconf 92' lang='lat' dir='ltr'><strong>id</strong></span> <span class='ocrx_word' id='word_1_79' title='bbox 618 571 790 606; x_wconf 80' lang='lat' dir='ltr'><strong>meteora</strong></span> <span class='ocrx_word' id='word_1_80' title='bbox 828 570 959 605; x_wconf 83' lang='lat' dir='ltr'><strong>versat</strong></span> <span class='ocrx_word' id='word_1_81' title='bbox 996 576 1095 616; x_wconf 85' lang='lat' dir='ltr'><strong>pene</strong></span> <span class='ocrx_word' id='word_1_82' title='bbox 1123 565 1311 604; x_wconf 71' lang='lat' dir='ltr'><strong>arbitram</strong></span> <span class='ocrx_word' id='word_1_83' title='bbox 1341 577 1413 605; x_wconf 87' lang='lat' dir='ltr'><strong>suo</strong></span> <span class='ocrx_word' id='word_1_84' title='bbox 1444 566 1531 620; x_wconf 77' lang='lat' dir='ltr'><strong>(nec</strong></span> <span class='ocrx_word' id='word_1_85' title='bbox 1560 570 1662 607; x_wconf 86' lang='lat' dir='ltr'><strong>enim</strong></span> <span class='ocrx_word' id='word_1_86' title='bbox 1702 568 1744 607; x_wconf 92' lang='lat' dir='ltr'><strong>id</strong></span> <span class='ocrx_word' id='word_1_87' title='bbox 1773 569 1857 621; x_wconf 76' lang='lat' dir='ltr'><strong>bini</strong></span> 
     </span>
     <span class='ocr_line' id='line_1_9' title="bbox 71 622 1907 677; baseline 0.001 -13"><span class='ocrx_word' id='word_1_88' title='bbox 71 625 251 676; x_wconf 71' lang='lat' dir='ltr'><strong>planetae</strong></span> <span class='ocrx_word' id='word_1_89' title='bbox 280 625 437 675; x_wconf 66' lang='lat' dir='ltr'><strong>faciunt,</strong></span> <span class='ocrx_word' id='word_1_90' title='bbox 467 631 512 663; x_wconf 88' lang='lat' dir='ltr'><strong>ut</strong></span> <span class='ocrx_word' id='word_1_91' title='bbox 539 635 659 676; x_wconf 83' lang='lat' dir='ltr'><strong>penes</strong></span> <span class='ocrx_word' id='word_1_92' title='bbox 688 635 788 675; x_wconf 87' lang='lat' dir='ltr'><strong>quos</strong></span> <span class='ocrx_word' id='word_1_93' title='bbox 817 626 857 662; x_wconf 85' lang='lat' dir='ltr'><strong>iu</strong></span> <span class='ocrx_word' id='word_1_94' title='bbox 888 622 998 662; x_wconf 85' lang='lat' dir='ltr'><strong>coelo</strong></span> <span class='ocrx_word' id='word_1_95' title='bbox 1028 630 1222 662; x_wconf 85' lang='lat' dir='ltr'><strong>currentes</strong></span> <span class='ocrx_word' id='word_1_96' title='bbox 1256 623 1351 662; x_wconf 88' lang='lat' dir='ltr'><strong>nibil</strong></span> <span class='ocrx_word' id='word_1_97' title='bbox 1382 631 1441 663; x_wconf 85' lang='lat' dir='ltr'><strong>est</strong></span> <span class='ocrx_word' id='word_1_98' title='bbox 1469 626 1519 665; x_wconf 89' lang='lat' dir='ltr'><strong>de</strong></span> <span class='ocrx_word' id='word_1_99' title='bbox 1547 631 1709 677; x_wconf 82' lang='lat' dir='ltr'><strong>aspectu</strong></span> <span class='ocrx_word' id='word_1_100' title='bbox 1736 634 1854 677; x_wconf 82' lang='lat' dir='ltr'><strong>prae-</strong></span> <span class='ocrx_word' id='word_1_101' title='bbox 1903 626 1907 630; x_wconf 81' lang='grc'><strong>”</strong></span> 
     </span>
     <span class='ocr_line' id='line_1_10' title="bbox 73 682 1854 733; baseline 0.002 -12"><span class='ocrx_word' id='word_1_102' title='bbox 73 685 181 723; x_wconf 65' lang='grc' dir='ltr'><strong>ιιι-ιι</strong></span> <span class='ocrx_word' id='word_1_103' title='bbox 202 686 390 733; x_wconf 72' lang='lat' dir='ltr'><strong>terrentii,</strong></span> <span class='ocrx_word' id='word_1_104' title='bbox 428 694 502 722; x_wconf 82' lang='lat' dir='ltr'><strong>uec</strong></span> <span class='ocrx_word' id='word_1_105' title='bbox 539 682 579 721; x_wconf 87' lang='lat' dir='ltr'><strong>id</strong></span> <span class='ocrx_word' id='word_1_106' title='bbox 608 683 701 721; x_wconf 79' lang='lat' dir='ltr'><strong>facit</strong></span> <span class='ocrx_word' id='word_1_107' title='bbox 736 686 918 733; x_wconf 84' lang='lat' dir='ltr'><strong>aspectus</strong></span> <span class='ocrx_word' id='word_1_108' title='bbox 946 683 1051 731; x_wconf 85' lang='lat' dir='ltr'><strong>ipse,</strong></span> <span class='ocrx_word' id='word_1_109' title='bbox 1093 687 1137 720; x_wconf 85' lang='lat' dir='ltr'><strong>nt</strong></span> <span class='ocrx_word' id='word_1_110' title='bbox 1174 683 1241 732; x_wconf 89' lang='lat' dir='ltr'><strong>qui</strong></span> <span class='ocrx_word' id='word_1_111' title='bbox 1282 682 1462 722; x_wconf 83' lang='lat' dir='ltr'><strong>accidens</strong></span> <span class='ocrx_word' id='word_1_112' title='bbox 1492 691 1553 723; x_wconf 81' lang='lat' dir='ltr'><strong>est</strong></span> <span class='ocrx_word' id='word_1_113' title='bbox 1591 685 1786 724; x_wconf 75' lang='lat' dir='ltr'><strong>radiorum</strong></span> <span class='ocrx_word' id='word_1_114' title='bbox 1816 692 1854 725; x_wconf 78' lang='lat' dir='ltr'><strong>et</strong></span> 
     </span>
     <span class='ocr_line' id='line_1_11' title="bbox 71 740 1854 794; baseline 0.001 -13"><span class='ocrx_word' id='word_1_115' title='bbox 71 746 228 792; x_wconf 73' lang='lat' dir='ltr'><strong>pmptcr</strong></span> <span class='ocrx_word' id='word_1_116' title='bbox 255 753 364 781; x_wconf 78' lang='lat' dir='ltr'><strong>uuam</strong></span> <span class='ocrx_word' id='word_1_117' title='bbox 395 742 669 791; x_wconf 75' lang='lat' dir='ltr'><strong>geometricam</strong></span> <span class='ocrx_word' id='word_1_118' title='bbox 699 741 1003 779; x_wconf 70' lang='lat' dir='ltr'><strong>conformitatem</strong></span> <span class='ocrx_word' id='word_1_119' title='bbox 1033 750 1101 778; x_wconf 84' lang='lat' dir='ltr'><strong>eus</strong></span> <span class='ocrx_word' id='word_1_120' title='bbox 1131 740 1326 793; x_wconf 87' lang='lat' dir='ltr'><strong>rationis),</strong></span> <span class='ocrx_word' id='word_1_121' title='bbox 1368 740 1429 780; x_wconf 83' lang='lat' dir='ltr'><strong>his</strong></span> <span class='ocrx_word' id='word_1_122' title='bbox 1444 743 1578 792; x_wconf 81' lang='lat' dir='ltr'><strong>igitur</strong></span> <span class='ocrx_word' id='word_1_123' title='bbox 1605 748 1664 782; x_wconf 88' lang='lat' dir='ltr'><strong>tot</strong></span> <span class='ocrx_word' id='word_1_124' title='bbox 1689 746 1854 794; x_wconf 68' lang='lat' dir='ltr'><strong>rationi—</strong></span> 
     </span>
     <span class='ocr_line' id='line_1_12' title="bbox 72 797 1855 849; baseline 0.002 -12"><span class='ocrx_word' id='word_1_125' title='bbox 72 800 150 840; x_wconf 69' lang='lat' dir='ltr'><strong>bns</strong></span> <span class='ocrx_word' id='word_1_126' title='bbox 189 799 406 847; x_wconf 69' lang='lat' dir='ltr'><strong>curfieitur,</strong></span> <span class='ocrx_word' id='word_1_127' title='bbox 448 799 487 837; x_wconf 90' lang='lat' dir='ltr'><strong>id</strong></span> <span class='ocrx_word' id='word_1_128' title='bbox 516 811 603 838; x_wconf 86' lang='lat' dir='ltr'><strong>esse</strong></span> <span class='ocrx_word' id='word_1_129' title='bbox 633 798 828 848; x_wconf 75' lang='lat' dir='ltr'><strong>quoddam</strong></span> <span class='ocrx_word' id='word_1_130' title='bbox 857 809 980 847; x_wconf 83' lang='lat' dir='ltr'><strong>genus</strong></span> <span class='ocrx_word' id='word_1_131' title='bbox 1008 798 1172 836; x_wconf 85' lang='lat' dir='ltr'><strong>animae.</strong></span> <span class='ocrx_word' id='word_1_132' title='bbox 1231 797 1293 836; x_wconf 85' lang='lat' dir='ltr'><strong>Tu</strong></span> <span class='ocrx_word' id='word_1_133' title='bbox 1323 798 1417 848; x_wconf 76' lang='lat' dir='ltr'><strong>has,</strong></span> <span class='ocrx_word' id='word_1_134' title='bbox 1454 799 1644 849; x_wconf 84' lang='lat' dir='ltr'><strong>Roberte,</strong></span> <span class='ocrx_word' id='word_1_135' title='bbox 1684 803 1855 840; x_wconf 71' lang='lat' dir='ltr'><strong>rationes</strong></span> 
     </span>
     <span class='ocr_line' id='line_1_13' title="bbox 75 828 1854 910; baseline 0.001 -14"><span class='ocrx_word' id='word_1_136' title='bbox 75 858 284 907; x_wconf 70' lang='lat' dir='ltr'><strong>pensitato,</strong></span> <span class='ocrx_word' id='word_1_137' title='bbox 315 863 396 897; x_wconf 88' lang='grc' dir='ltr'><strong>ιιιιιι</strong></span> <span class='ocrx_word' id='word_1_138' title='bbox 429 858 583 896; x_wconf 87' lang='lat' dir='ltr'><strong>demum</strong></span> <span class='ocrx_word' id='word_1_139' title='bbox 613 856 706 907; x_wconf 85' lang='lat' dir='ltr'><strong>quid</strong></span> <span class='ocrx_word' id='word_1_140' title='bbox 735 858 805 895; x_wconf 84' lang='lat' dir='ltr'><strong>tibi</strong></span> <span class='ocrx_word' id='word_1_141' title='bbox 828 856 1024 904; x_wconf 81' lang='lat' dir='ltr'><strong>videatur,</strong></span> <span class='ocrx_word' id='word_1_142' title='bbox 1056 856 1268 894; x_wconf 71' lang='lat' dir='ltr'><strong>rescribito,</strong></span> <span class='ocrx_word' id='word_1_143' title='bbox 1326 828 1426 896; x_wconf 73' lang='lat' dir='ltr'><strong>Nam</strong></span> <span class='ocrx_word' id='word_1_144' title='bbox 1445 869 1548 897; x_wconf 83' lang='lat' dir='ltr'><strong>nuuc</strong></span> <span class='ocrx_word' id='word_1_145' title='bbox 1577 858 1734 910; x_wconf 87' lang='lat' dir='ltr'><strong>quidem</strong></span> <span class='ocrx_word' id='word_1_146' title='bbox 1763 859 1854 898; x_wconf 86' lang='lat' dir='ltr'><strong>nul-</strong></span> 
     </span>
     <span class='ocr_line' id='line_1_14' title="bbox 75 913 1853 966; baseline 0.002 -13"><span class='ocrx_word' id='word_1_147' title='bbox 75 916 153 953; x_wconf 78' lang='lat' dir='ltr'><strong>lius</strong></span> <span class='ocrx_word' id='word_1_148' title='bbox 179 918 363 965; x_wconf 73' lang='lat' dir='ltr'><strong>momenti</strong></span> <span class='ocrx_word' id='word_1_149' title='bbox 393 922 461 954; x_wconf 84' lang='lat' dir='ltr'><strong>est</strong></span> <span class='ocrx_word' id='word_1_150' title='bbox 482 915 578 954; x_wconf 89' lang='lat' dir='ltr'><strong>illud</strong></span> <span class='ocrx_word' id='word_1_151' title='bbox 607 922 716 953; x_wconf 86' lang='lat' dir='ltr'><strong>tuum</strong></span> <span class='ocrx_word' id='word_1_152' title='bbox 745 914 898 961; x_wconf 76' lang='lat' dir='ltr'><strong>viden,</strong></span> <span class='ocrx_word' id='word_1_153' title='bbox 921 914 1013 951; x_wconf 91' lang='lat' dir='ltr'><strong>dum</strong></span> <span class='ocrx_word' id='word_1_154' title='bbox 1043 913 1281 953; x_wconf 82' lang='lat' dir='ltr'><strong>influentiam</strong></span> <span class='ocrx_word' id='word_1_155' title='bbox 1310 915 1467 964; x_wconf 87' lang='lat' dir='ltr'><strong>quidem</strong></span> <span class='ocrx_word' id='word_1_156' title='bbox 1498 919 1696 966; x_wconf 87' lang='lat' dir='ltr'><strong>nominas,</strong></span> <span class='ocrx_word' id='word_1_157' title='bbox 1730 929 1853 957; x_wconf 84' lang='lat' dir='ltr'><strong>voca-</strong></span> 
     </span>
     <span class='ocr_line' id='line_1_15' title="bbox 72 972 1851 1029; baseline 0.002 -17"><span class='ocrx_word' id='word_1_158' title='bbox 72 972 179 1012; x_wconf 76' lang='lat' dir='ltr'><strong>bulo</strong></span> <span class='ocrx_word' id='word_1_159' title='bbox 202 973 412 1013; x_wconf 82' lang='lat' dir='ltr'><strong>accidentis</strong></span> <span class='ocrx_word' id='word_1_160' title='bbox 450 973 497 1012; x_wconf 91' lang='lat' dir='ltr'><strong>de</strong></span> <span class='ocrx_word' id='word_1_161' title='bbox 534 973 847 1025; x_wconf 87' lang='lat' dir='ltr'><strong>praedicamento</strong></span> <span class='ocrx_word' id='word_1_162' title='bbox 888 973 1051 1010; x_wconf 83' lang='lat' dir='ltr'><strong>actionis</strong></span> <span class='ocrx_word' id='word_1_163' title='bbox 1092 973 1154 1010; x_wconf 82' lang='lat' dir='ltr'><strong>vel</strong></span> <span class='ocrx_word' id='word_1_164' title='bbox 1197 975 1389 1022; x_wconf 71' lang='lat' dir='ltr'>passionis</span> <span class='ocrx_word' id='word_1_165' title='bbox 1430 973 1485 1028; x_wconf 89' lang='lat' dir='ltr'><strong>(iu</strong></span> <span class='ocrx_word' id='word_1_166' title='bbox 1514 986 1654 1026; x_wconf 81' lang='lat' dir='ltr'><strong>genere</strong></span> <span class='ocrx_word' id='word_1_167' title='bbox 1694 974 1851 1029; x_wconf 84' lang='lat' dir='ltr'><strong>motus),</strong></span> 
     </span>
     <span class='ocr_line' id='line_1_16' title="bbox 70 1031 1855 1084; baseline 0.003 -16"><span class='ocrx_word' id='word_1_168' title='bbox 70 1033 221 1070; x_wconf 73' lang='lat' dir='ltr'><strong>interim</strong></span> <span class='ocrx_word' id='word_1_169' title='bbox 251 1037 380 1071; x_wconf 71' lang='lat' dir='ltr'><strong>tamen</strong></span> <span class='ocrx_word' id='word_1_170' title='bbox 410 1031 501 1070; x_wconf 82' lang='lat' dir='ltr'><strong>huic</strong></span> <span class='ocrx_word' id='word_1_171' title='bbox 529 1031 766 1074; x_wconf 81' lang='lat' dir='ltr'><strong>influentiae,</strong></span> <span class='ocrx_word' id='word_1_172' title='bbox 796 1041 873 1068; x_wconf 91' lang='lat' dir='ltr'><strong>non</strong></span> <span class='ocrx_word' id='word_1_173' title='bbox 904 1036 1081 1068; x_wconf 85' lang='lat' dir='ltr'><strong>naturam</strong></span> <span class='ocrx_word' id='word_1_174' title='bbox 1111 1035 1280 1079; x_wconf 84' lang='lat' dir='ltr'><strong>tantum,</strong></span> <span class='ocrx_word' id='word_1_175' title='bbox 1307 1031 1379 1070; x_wconf 83' lang='lat' dir='ltr'><strong>sed</strong></span> <span class='ocrx_word' id='word_1_176' title='bbox 1408 1035 1525 1072; x_wconf 86' lang='lat' dir='ltr'><strong>etiam</strong></span> <span class='ocrx_word' id='word_1_177' title='bbox 1555 1037 1778 1084; x_wconf 70' lang='lat' dir='ltr'><strong>appetitum</strong></span> <span class='ocrx_word' id='word_1_178' title='bbox 1810 1040 1855 1074; x_wconf 74' lang='lat' dir='ltr'><strong>ut</strong></span> 
     </span>
     <span class='ocr_line' id='line_1_17' title="bbox 71 1089 1854 1142; baseline 0.003 -15"><span class='ocrx_word' id='word_1_179' title='bbox 71 1089 313 1129; x_wconf 83' lang='lat' dir='ltr'><strong>substantiae</strong></span> <span class='ocrx_word' id='word_1_180' title='bbox 343 1089 495 1127; x_wconf 89' lang='lat' dir='ltr'><strong>cuidam</strong></span> <span class='ocrx_word' id='word_1_181' title='bbox 525 1091 674 1137; x_wconf 83' lang='lat' dir='ltr'><strong>tribuis,</strong></span> <span class='ocrx_word' id='word_1_182' title='bbox 705 1089 755 1126; x_wconf 86' lang='lat' dir='ltr'><strong>ad</strong></span> <span class='ocrx_word' id='word_1_183' title='bbox 785 1100 906 1138; x_wconf 90' lang='lat' dir='ltr'><strong>quem</strong></span> <span class='ocrx_word' id='word_1_184' title='bbox 930 1089 1143 1127; x_wconf 82' lang='lat' dir='ltr'><strong>ille-a’e‘rem</strong></span> <span class='ocrx_word' id='word_1_185' title='bbox 1173 1089 1248 1128; x_wconf 90' lang='lat' dir='ltr'><strong>buc</strong></span> <span class='ocrx_word' id='word_1_186' title='bbox 1278 1095 1395 1140; x_wconf 89' lang='lat' dir='ltr'><strong>atque</strong></span> <span class='ocrx_word' id='word_1_187' title='bbox 1424 1091 1520 1130; x_wconf 86' lang='lat' dir='ltr'><strong>illuc</strong></span> <span class='ocrx_word' id='word_1_188' title='bbox 1546 1092 1688 1131; x_wconf 83' lang='lat' dir='ltr'><strong>flectat.</strong></span> <span class='ocrx_word' id='word_1_189' title='bbox 1710 1115 1718 1118; x_wconf 60' lang='lat'><strong>›&gt;</strong></span> <span class='ocrx_word' id='word_1_190' title='bbox 1741 1091 1854 1142; x_wconf 88' lang='lat' dir='ltr'><strong>Quo·-</strong></span> 
     </span>
     <span class='ocr_line' id='line_1_18' title="bbox 72 1146 1850 1202; baseline 0.002 -16"><span class='ocrx_word' id='word_1_191' title='bbox 72 1146 198 1186; x_wconf 81' lang='lat' dir='ltr'><strong>modo</strong></span> <span class='ocrx_word' id='word_1_192' title='bbox 220 1149 323 1186; x_wconf 88' lang='lat' dir='ltr'><strong>euim</strong></span> <span class='ocrx_word' id='word_1_193' title='bbox 352 1159 401 1187; x_wconf 87' lang='lat' dir='ltr'><strong>ex</strong></span> <span class='ocrx_word' id='word_1_194' title='bbox 430 1147 506 1186; x_wconf 86' lang='lat' dir='ltr'><strong>hoe</strong></span> <span class='ocrx_word' id='word_1_195' title='bbox 535 1152 602 1186; x_wconf 83' lang='lat' dir='ltr'><strong>tuo</strong></span> <span class='ocrx_word' id='word_1_196' title='bbox 631 1147 760 1186; x_wconf 76' lang='lat' dir='ltr'><strong>videri</strong></span> <span class='ocrx_word' id='word_1_197' title='bbox 788 1147 953 1196; x_wconf 83' lang='lat' dir='ltr'><strong>liqueat,</strong></span> <span class='ocrx_word' id='word_1_198' title='bbox 982 1146 1123 1185; x_wconf 80' lang='lat' dir='ltr'><strong>salsam</strong></span> <span class='ocrx_word' id='word_1_199' title='bbox 1152 1158 1237 1186; x_wconf 83' lang='lat' dir='ltr'><strong>esse</strong></span> <span class='ocrx_word' id='word_1_200' title='bbox 1270 1152 1409 1186; x_wconf 86' lang='lat' dir='ltr'><strong>me&#39;am</strong></span> <span class='ocrx_word' id='word_1_201' title='bbox 1426 1152 1678 1199; x_wconf 86' lang='lat' dir='ltr'><strong>seutentiam,</strong></span> <span class='ocrx_word' id='word_1_202' title='bbox 1719 1154 1850 1202; x_wconf 88' lang='lat' dir='ltr'><strong>potius</strong></span> 
     </span>
     <span class='ocr_line' id='line_1_19' title="bbox 69 1203 1853 1255; baseline 0.003 -11"><span class='ocrx_word' id='word_1_203' title='bbox 69 1217 186 1255; x_wconf 83' lang='lat' dir='ltr'><strong>quam</strong></span> <span class='ocrx_word' id='word_1_204' title='bbox 223 1217 272 1245; x_wconf 82' lang='lat' dir='ltr'><strong>ex</strong></span> <span class='ocrx_word' id='word_1_205' title='bbox 308 1206 523 1244; x_wconf 79' lang='lat' dir='ltr'><strong>rationibus</strong></span> <span class='ocrx_word' id='word_1_206' title='bbox 566 1217 632 1255; x_wconf 86' lang='lat' dir='ltr'><strong>pro</strong></span> <span class='ocrx_word' id='word_1_207' title='bbox 669 1216 756 1243; x_wconf 87' lang='lat' dir='ltr'><strong>mea</strong></span> <span class='ocrx_word' id='word_1_208' title='bbox 785 1207 976 1243; x_wconf 83' lang='lat' dir='ltr'><strong>sententia</strong></span> <span class='ocrx_word' id='word_1_209' title='bbox 1012 1203 1209 1255; x_wconf 86' lang='lat' dir='ltr'><strong>productis</strong></span> <span class='ocrx_word' id='word_1_210' title='bbox 1238 1204 1407 1255; x_wconf 89' lang='lat' dir='ltr'><strong>liqueat,</strong></span> <span class='ocrx_word' id='word_1_211' title='bbox 1439 1208 1589 1247; x_wconf 82' lang='lat' dir='ltr'><strong>falsum</strong></span> <span class='ocrx_word' id='word_1_212' title='bbox 1618 1220 1704 1248; x_wconf 85' lang='lat' dir='ltr'><strong>esse</strong></span> <span class='ocrx_word' id='word_1_213' title='bbox 1742 1216 1853 1248; x_wconf 86' lang='lat' dir='ltr'><strong>tuum</strong></span> 
     </span>
     <span class='ocr_line' id='line_1_20' title="bbox 70 1261 1852 1316; baseline 0.003 -14"><span class='ocrx_word' id='word_1_214' title='bbox 70 1263 276 1302; x_wconf 65' lang='lat' dir='ltr'><strong>oue-run</strong></span> <span class='ocrx_word' id='word_1_215' title='bbox 306 1263 434 1302; x_wconf 67' lang='lat' dir='ltr'><strong>videri</strong></span> <span class='ocrx_word' id='word_1_216' title='bbox 462 1265 544 1302; x_wconf 88' lang='lat' dir='ltr'><strong>sine</strong></span> <span class='ocrx_word' id='word_1_217' title='bbox 573 1265 808 1310; x_wconf 80' lang='lat' dir='ltr'><strong>rationibus,</strong></span> <span class='ocrx_word' id='word_1_218' title='bbox 849 1261 935 1300; x_wconf 88' lang='lat' dir='ltr'><strong>sola</strong></span> <span class='ocrx_word' id='word_1_219' title='bbox 966 1264 1151 1314; x_wconf 84' lang='lat' dir='ltr'><strong>sapientis</strong></span> <span class='ocrx_word' id='word_1_220' title='bbox 1180 1265 1311 1302; x_wconf 85' lang='lat' dir='ltr'><strong>nescio</strong></span> <span class='ocrx_word' id='word_1_221' title='bbox 1348 1265 1460 1314; x_wconf 88' lang='lat' dir='ltr'><strong>cujus</strong></span> <span class='ocrx_word' id='word_1_222' title='bbox 1491 1269 1738 1316; x_wconf 83' lang='lat' dir='ltr'><strong>auctoritate,</strong></span> <span class='ocrx_word' id='word_1_223' title='bbox 1779 1279 1852 1307; x_wconf 86' lang='lat' dir='ltr'><strong>nec</strong></span> 
     </span>
     <span class='ocr_line' id='line_1_21' title="bbox 73 1320 1850 1377; baseline 0.003 -18"><span class='ocrx_word' id='word_1_224' title='bbox 73 1328 120 1360; x_wconf 81' lang='lat' dir='ltr'><strong>ea</strong></span> <span class='ocrx_word' id='word_1_225' title='bbox 149 1321 285 1371; x_wconf 78' lang='lat' dir='ltr'><strong>liquidi</strong></span> <span class='ocrx_word' id='word_1_226' title='bbox 314 1333 464 1370; x_wconf 87' lang='lat' dir='ltr'><strong>sensus,</strong></span> <span class='ocrx_word' id='word_1_227' title='bbox 493 1320 713 1360; x_wconf 75' lang='lat' dir='ltr'><strong>munitum?</strong></span> <span class='ocrx_word' id='word_1_228' title='bbox 771 1320 955 1370; x_wconf 88' lang='lat' dir='ltr'><strong>Spiritum</strong></span> <span class='ocrx_word' id='word_1_229' title='bbox 974 1321 1140 1360; x_wconf 86' lang='lat' dir='ltr'><strong>solarem</strong></span> <span class='ocrx_word' id='word_1_230' title='bbox 1168 1323 1202 1359; x_wconf 85' lang='lat' dir='ltr'><strong>si</strong></span> <span class='ocrx_word' id='word_1_231' title='bbox 1232 1326 1274 1359; x_wconf 90' lang='lat' dir='ltr'><strong>tu</strong></span> <span class='ocrx_word' id='word_1_232' title='bbox 1304 1322 1367 1361; x_wconf 88' lang='lat' dir='ltr'><strong>hic</strong></span> <span class='ocrx_word' id='word_1_233' title='bbox 1387 1324 1601 1375; x_wconf 77' lang='lat' dir='ltr'><strong>substituis,</strong></span> <span class='ocrx_word' id='word_1_234' title='bbox 1631 1325 1694 1364; x_wconf 90' lang='lat' dir='ltr'><strong>dic</strong></span> <span class='ocrx_word' id='word_1_235' title='bbox 1721 1328 1850 1377; x_wconf 80' lang='lat' dir='ltr'><strong>igitur,</strong></span> 
     </span>
     <span class='ocr_line' id='line_1_22' title="bbox 71 1378 1849 1434; baseline 0.003 -16"><span class='ocrx_word' id='word_1_236' title='bbox 71 1389 138 1418; x_wconf 80' lang='lat' dir='ltr'><strong>cur</strong></span> <span class='ocrx_word' id='word_1_237' title='bbox 165 1380 425 1429; x_wconf 75' lang='lat' dir='ltr'><strong>spiritusiste</strong></span> <span class='ocrx_word' id='word_1_238' title='bbox 454 1379 593 1418; x_wconf 85' lang='lat' dir='ltr'><strong>solaris</strong></span> <span class='ocrx_word' id='word_1_239' title='bbox 621 1390 697 1418; x_wconf 85' lang='lat' dir='ltr'><strong>non</strong></span> <span class='ocrx_word' id='word_1_240' title='bbox 728 1379 816 1418; x_wconf 89' lang='lat' dir='ltr'><strong>aliis</strong></span> <span class='ocrx_word' id='word_1_241' title='bbox 846 1380 918 1415; x_wconf 87' lang='lat' dir='ltr'><strong>nisi</strong></span> <span class='ocrx_word' id='word_1_242' title='bbox 951 1378 1027 1416; x_wconf 88' lang='lat' dir='ltr'><strong>illis</strong></span> <span class='ocrx_word' id='word_1_243' title='bbox 1058 1385 1273 1428; x_wconf 88' lang='lat' dir='ltr'><strong>temporum</strong></span> <span class='ocrx_word' id='word_1_244' title='bbox 1301 1384 1507 1420; x_wconf 88' lang='lat' dir='ltr'><strong>momentis</strong></span> <span class='ocrx_word' id='word_1_245' title='bbox 1531 1389 1689 1422; x_wconf 84' lang='lat' dir='ltr'><strong>moveat</strong></span> <span class='ocrx_word' id='word_1_246' title='bbox 1708 1387 1849 1434; x_wconf 67' lang='lat' dir='ltr'><strong>aerem,</strong></span> 
     </span>
     <span class='ocr_line' id='line_1_23' title="bbox 70 1434 1849 1491; baseline 0.003 -15"><span class='ocrx_word' id='word_1_247' title='bbox 70 1447 157 1476; x_wconf 78' lang='lat' dir='ltr'><strong>eum</strong></span> <span class='ocrx_word' id='word_1_248' title='bbox 187 1438 363 1476; x_wconf 80' lang='lat' dir='ltr'><strong>binorum</strong></span> <span class='ocrx_word' id='word_1_249' title='bbox 393 1448 709 1487; x_wconf 86' lang='lat' dir='ltr'><strong>quorumcunque</strong></span> <span class='ocrx_word' id='word_1_250' title='bbox 750 1436 990 1487; x_wconf 83' lang='lat' dir='ltr'><strong>planetarum</strong></span> <span class='ocrx_word' id='word_1_251' title='bbox 1028 1436 1126 1475; x_wconf 88' lang='lat' dir='ltr'><strong>radii</strong></span> <span class='ocrx_word' id='word_1_252' title='bbox 1157 1434 1442 1487; x_wconf 84' lang='lat' dir='ltr'><strong>configurantur</strong></span> <span class='ocrx_word' id='word_1_253' title='bbox 1482 1442 1520 1478; x_wconf 89' lang='lat' dir='ltr'><strong>in</strong></span> <span class='ocrx_word' id='word_1_254' title='bbox 1550 1440 1704 1481; x_wconf 74' lang='lat' dir='ltr'><strong>Terra?</strong></span> <span class='ocrx_word' id='word_1_255' title='bbox 1761 1441 1849 1491; x_wconf 81' lang='lat' dir='ltr'><strong>Quo</strong></span> 
     </span>
     <span class='ocr_line' id='line_1_24' title="bbox 67 1494 1851 1547; baseline 0.004 -15"><span class='ocrx_word' id='word_1_256' title='bbox 67 1494 195 1536; x_wconf 80' lang='lat' dir='ltr'><strong>medio</strong></span> <span class='ocrx_word' id='word_1_257' title='bbox 224 1497 381 1546; x_wconf 85' lang='lat' dir='ltr'><strong>spiritus</strong></span> <span class='ocrx_word' id='word_1_258' title='bbox 409 1498 483 1534; x_wconf 89' lang='lat' dir='ltr'><strong>iste</strong></span> <span class='ocrx_word' id='word_1_259' title='bbox 504 1495 607 1534; x_wconf 86' lang='lat' dir='ltr'><strong>Solis</strong></span> <span class='ocrx_word' id='word_1_260' title='bbox 637 1497 885 1547; x_wconf 78' lang='lat' dir='ltr'><strong>pervestigat,</strong></span> <span class='ocrx_word' id='word_1_261' title='bbox 918 1494 1011 1545; x_wconf 89' lang='lat' dir='ltr'><strong>quid</strong></span> <span class='ocrx_word' id='word_1_262' title='bbox 1042 1495 1089 1533; x_wconf 89' lang='lat' dir='ltr'><strong>de</strong></span> <span class='ocrx_word' id='word_1_263' title='bbox 1124 1495 1364 1544; x_wconf 85' lang='lat' dir='ltr'><strong>planetarum</strong></span> <span class='ocrx_word' id='word_1_264' title='bbox 1394 1498 1511 1536; x_wconf 89' lang='lat' dir='ltr'><strong>radiis</strong></span> <span class='ocrx_word' id='word_1_265' title='bbox 1540 1499 1609 1538; x_wconf 85' lang='lat' dir='ltr'><strong>fiat</strong></span> <span class='ocrx_word' id='word_1_266' title='bbox 1637 1502 1675 1538; x_wconf 92' lang='lat' dir='ltr'><strong>in</strong></span> <span class='ocrx_word' id='word_1_267' title='bbox 1702 1499 1851 1539; x_wconf 78' lang='lat' dir='ltr'><strong>Terra?</strong></span> 
     </span>
     <span class='ocr_line' id='line_1_25' title="bbox 53 1551 1847 1606; baseline 0.003 -16"><span class='ocrx_word' id='word_1_268' title='bbox 53 1551 224 1600; x_wconf 87' lang='lat' dir='ltr'><strong>&#39;Quanto</strong></span> <span class='ocrx_word' id='word_1_269' title='bbox 253 1553 406 1592; x_wconf 81' lang='lat' dir='ltr'><strong>facilius</strong></span> <span class='ocrx_word' id='word_1_270' title='bbox 437 1560 516 1601; x_wconf 85' lang='lat' dir='ltr'><strong>est,</strong></span> <span class='ocrx_word' id='word_1_271' title='bbox 548 1560 590 1592; x_wconf 89' lang='lat' dir='ltr'><strong>ut</strong></span> <span class='ocrx_word' id='word_1_272' title='bbox 618 1555 673 1592; x_wconf 88' lang='lat' dir='ltr'><strong>ibi</strong></span> <span class='ocrx_word' id='word_1_273' title='bbox 702 1555 833 1603; x_wconf 90' lang='lat' dir='ltr'><strong>potius</strong></span> <span class='ocrx_word' id='word_1_274' title='bbox 863 1553 995 1591; x_wconf 88' lang='lat' dir='ltr'><strong>sedem</strong></span> <span class='ocrx_word' id='word_1_275' title='bbox 1026 1554 1189 1602; x_wconf 83' lang='lat' dir='ltr'><strong>tigamus</strong></span> <span class='ocrx_word' id='word_1_276' title='bbox 1219 1556 1391 1604; x_wconf 86' lang='lat' dir='ltr'><strong>spiritui,</strong></span> <span class='ocrx_word' id='word_1_277' title='bbox 1431 1558 1498 1594; x_wconf 90' lang='lat' dir='ltr'><strong>ubi</strong></span> <span class='ocrx_word' id='word_1_278' title='bbox 1529 1560 1747 1606; x_wconf 79' lang='lat' dir='ltr'><strong>cognoscit,</strong></span> <span class='ocrx_word' id='word_1_279' title='bbox 1779 1559 1847 1596; x_wconf 87' lang='lat' dir='ltr'><strong>ubi</strong></span> 
     </span>
     <span class='ocr_line' id='line_1_26' title="bbox 69 1611 1849 1664; baseline 0.004 -16"><span class='ocrx_word' id='word_1_280' title='bbox 69 1616 107 1649; x_wconf 86' lang='lat' dir='ltr'><strong>et</strong></span> <span class='ocrx_word' id='word_1_281' title='bbox 149 1616 330 1660; x_wconf 83' lang='lat' dir='ltr'><strong>operatur</strong></span> <span class='ocrx_word' id='word_1_282' title='bbox 369 1611 577 1650; x_wconf 87' lang='lat' dir='ltr'><strong>secundum</strong></span> <span class='ocrx_word' id='word_1_283' title='bbox 617 1612 721 1661; x_wconf 84' lang='lat' dir='ltr'><strong>quod</strong></span> <span class='ocrx_word' id='word_1_284' title='bbox 766 1613 975 1660; x_wconf 88' lang='lat' dir='ltr'><strong>cognoscit.</strong></span> <span class='ocrx_word' id='word_1_285' title='bbox 1038 1611 1139 1648; x_wconf 90' lang='lat' dir='ltr'><strong>Illud</strong></span> <span class='ocrx_word' id='word_1_286' title='bbox 1182 1617 1228 1651; x_wconf 85' lang='lat' dir='ltr'><strong>tu</strong></span> <span class='ocrx_word' id='word_1_287' title='bbox 1263 1615 1370 1662; x_wconf 87' lang='lat' dir='ltr'><strong>agis,</strong></span> <span class='ocrx_word' id='word_1_288' title='bbox 1416 1614 1490 1653; x_wconf 87' lang='lat' dir='ltr'><strong>hoc</strong></span> <span class='ocrx_word' id='word_1_289' title='bbox 1519 1626 1605 1664; x_wconf 88' lang='lat' dir='ltr'><strong>ego.</strong></span> <span class='ocrx_word' id='word_1_290' title='bbox 1674 1616 1849 1655; x_wconf 68' lang='lat' dir='ltr'><strong>Virtutes</strong></span> 
     </span>
     <span class='ocr_line' id='line_1_27' title="bbox 69 1669 1848 1722; baseline 0.002 -15"><span class='ocrx_word' id='word_1_291' title='bbox 69 1678 239 1718; x_wconf 69' lang='lat' dir='ltr'><strong>agnosco</strong></span> <span class='ocrx_word' id='word_1_292' title='bbox 267 1671 488 1718; x_wconf 66' lang='lat' dir='ltr'><strong>sapientiae</strong></span> <span class='ocrx_word' id='word_1_293' title='bbox 516 1669 664 1718; x_wconf 74' lang='lat' dir='ltr'><strong>ubique</strong></span> <span class='ocrx_word' id='word_1_294' title='bbox 692 1671 856 1718; x_wconf 67' lang='lat' dir='ltr'><strong>aymus,</strong></span> <span class='ocrx_word' id='word_1_295' title='bbox 888 1680 1021 1706; x_wconf 88' lang='lat' dir='ltr'><strong>omnes</strong></span> <span class='ocrx_word' id='word_1_296' title='bbox 1052 1670 1207 1706; x_wconf 88' lang='lat' dir='ltr'><strong>omnino</strong></span> <span class='ocrx_word' id='word_1_297' title='bbox 1237 1670 1440 1710; x_wconf 74' lang='lat' dir='ltr'><strong>facultates</strong></span> <span class='ocrx_word' id='word_1_298' title='bbox 1470 1673 1679 1722; x_wconf 56' lang='lat' dir='ltr'><strong>animala,</strong></span> <span class='ocrx_word' id='word_1_299' title='bbox 1711 1685 1778 1713; x_wconf 87' lang='lat' dir='ltr'><strong>seu</strong></span> <span class='ocrx_word' id='word_1_300' title='bbox 1808 1676 1848 1711; x_wconf 89' lang='lat' dir='ltr'><strong>in</strong></span> 
     </span>
     <span class='ocr_line' id='line_1_28' title="bbox 70 1725 1850 1782; baseline 0.004 -19"><span class='ocrx_word' id='word_1_301' title='bbox 70 1725 192 1764; x_wconf 67' lang='lat' dir='ltr'><strong>Terra</strong></span> <span class='ocrx_word' id='word_1_302' title='bbox 219 1734 288 1765; x_wconf 73' lang='lat' dir='ltr'><strong>seu</strong></span> <span class='ocrx_word' id='word_1_303' title='bbox 316 1728 355 1764; x_wconf 88' lang='lat' dir='ltr'><strong>in</strong></span> <span class='ocrx_word' id='word_1_304' title='bbox 386 1727 531 1776; x_wconf 85' lang='lat' dir='ltr'><strong>plantis</strong></span> <span class='ocrx_word' id='word_1_305' title='bbox 558 1729 644 1765; x_wconf 84' lang='lat' dir='ltr'><strong>sive</strong></span> <span class='ocrx_word' id='word_1_306' title='bbox 674 1729 709 1764; x_wconf 91' lang='lat' dir='ltr'><strong>in</strong></span> <span class='ocrx_word' id='word_1_307' title='bbox 741 1727 907 1764; x_wconf 88' lang='lat' dir='ltr'><strong>homine.</strong></span> <span class='ocrx_word' id='word_1_308' title='bbox 969 1725 1256 1775; x_wconf 66' lang='lat' dir='ltr'><strong>Dispositiones</strong></span> <span class='ocrx_word' id='word_1_309' title='bbox 1287 1740 1377 1767; x_wconf 87' lang='lat' dir='ltr'><strong>vero</strong></span> <span class='ocrx_word' id='word_1_310' title='bbox 1410 1732 1448 1767; x_wconf 90' lang='lat' dir='ltr'><strong>in</strong></span> <span class='ocrx_word' id='word_1_311' title='bbox 1480 1731 1589 1769; x_wconf 91' lang='lat' dir='ltr'><strong>coelo</strong></span> <span class='ocrx_word' id='word_1_312' title='bbox 1635 1732 1697 1770; x_wconf 90' lang='lat' dir='ltr'><strong>vel</strong></span> <span class='ocrx_word' id='word_1_313' title='bbox 1727 1734 1850 1782; x_wconf 68' lang='lat' dir='ltr'><strong>spira·-</strong></span> 
     </span>
     <span class='ocr_line' id='line_1_29' title="bbox 72 1785 1848 1840; baseline 0.004 -19"><span class='ocrx_word' id='word_1_314' title='bbox 72 1788 136 1822; x_wconf 75' lang='lat' dir='ltr'><strong>ms</strong></span> <span class='ocrx_word' id='word_1_315' title='bbox 163 1785 307 1822; x_wconf 70' lang='lat' dir='ltr'><strong>solaris</strong></span> <span class='ocrx_word' id='word_1_316' title='bbox 347 1785 410 1822; x_wconf 85' lang='lat' dir='ltr'><strong>vel</strong></span> <span class='ocrx_word' id='word_1_317' title='bbox 446 1786 668 1833; x_wconf 74' lang='lat' dir='ltr'><strong>sapientiae</strong></span> <span class='ocrx_word' id='word_1_318' title='bbox 704 1785 852 1833; x_wconf 73' lang='lat' dir='ltr'><strong>ubique</strong></span> <span class='ocrx_word' id='word_1_319' title='bbox 881 1786 1035 1834; x_wconf 67' lang='lat' dir='ltr'><strong>aymus</strong></span> <span class='ocrx_word' id='word_1_320' title='bbox 1075 1795 1148 1833; x_wconf 87' lang='lat' dir='ltr'><strong>ego</strong></span> <span class='ocrx_word' id='word_1_321' title='bbox 1186 1786 1312 1824; x_wconf 86' lang='lat' dir='ltr'><strong>nullas</strong></span> <span class='ocrx_word' id='word_1_322' title='bbox 1345 1789 1457 1836; x_wconf 87' lang='lat' dir='ltr'><strong>novi,</strong></span> <span class='ocrx_word' id='word_1_323' title='bbox 1500 1789 1848 1840; x_wconf 78' lang='lat' dir='ltr'><strong>secundum-quas</strong></span> 
     </span>
     <span class='ocr_line' id='line_1_30' title="bbox 69 1842 1850 1897; baseline 0.003 -17"><span class='ocrx_word' id='word_1_324' title='bbox 69 1846 209 1880; x_wconf 72' lang='lat' dir='ltr'><strong>natura</strong></span> <span class='ocrx_word' id='word_1_325' title='bbox 236 1842 458 1880; x_wconf 79' lang='lat' dir='ltr'><strong>sublunaris</strong></span> <span class='ocrx_word' id='word_1_326' title='bbox 490 1844 711 1881; x_wconf 83' lang='lat' dir='ltr'><strong>concitetur.</strong></span> <span class='ocrx_word' id='word_1_327' title='bbox 772 1842 995 1880; x_wconf 85' lang='lat' dir='ltr'><strong>Concitatur</strong></span> <span class='ocrx_word' id='word_1_328' title='bbox 1030 1844 1131 1880; x_wconf 89' lang='lat' dir='ltr'><strong>enim</strong></span> <span class='ocrx_word' id='word_1_329' title='bbox 1172 1844 1382 1882; x_wconf 84' lang='lat' dir='ltr'><strong>secundum</strong></span> <span class='ocrx_word' id='word_1_330' title='bbox 1421 1851 1545 1884; x_wconf 86' lang='lat' dir='ltr'><strong>certas</strong></span> <span class='ocrx_word' id='word_1_331' title='bbox 1576 1846 1850 1897; x_wconf 82' lang='lat' dir='ltr'><strong>dispositiones</strong></span> 
     </span>
    </p>
   </div>
   <div class='ocr_carea' id='block_1_3' title="bbox 69 1898 1923 1955">
    <p class='ocr_par' dir='ltr' id='par_1_4' title="bbox 69 1898 1923 1955">
     <span class='ocr_line' id='line_1_31' title="bbox 69 1898 1923 1955; baseline 0.004 -18"><span class='ocrx_word' id='word_1_332' title='bbox 69 1898 267 1938; x_wconf 83' lang='lat' dir='ltr'><strong>radiorum</strong></span> <span class='ocrx_word' id='word_1_333' title='bbox 286 1901 333 1938; x_wconf 87' lang='lat' dir='ltr'><strong>-in</strong></span> <span class='ocrx_word' id='word_1_334' title='bbox 363 1899 495 1948; x_wconf 80' lang='lat' dir='ltr'><strong>Terra,</strong></span> <span class='ocrx_word' id='word_1_335' title='bbox 525 1901 599 1939; x_wconf 89' lang='lat' dir='ltr'><strong>hoc</strong></span> <span class='ocrx_word' id='word_1_336' title='bbox 628 1902 865 1951; x_wconf 80' lang='lat' dir='ltr'><strong>experientia</strong></span> <span class='ocrx_word' id='word_1_337' title='bbox 893 1905 1082 1950; x_wconf 88' lang='lat' dir='ltr'><strong>perpetua</strong></span> <span class='ocrx_word' id='word_1_338' title='bbox 1101 1907 1276 1950; x_wconf 87' lang='lat' dir='ltr'><strong>constat;</strong></span> <span class='ocrx_word' id='word_1_339' title='bbox 1307 1907 1349 1940; x_wconf 89' lang='lat' dir='ltr'><strong>at</strong></span> <span class='ocrx_word' id='word_1_340' title='bbox 1376 1905 1415 1940; x_wconf 89' lang='lat' dir='ltr'><strong>in</strong></span> <span class='ocrx_word' id='word_1_341' title='bbox 1437 1904 1545 1942; x_wconf 90' lang='lat' dir='ltr'><strong>coelo</strong></span> <span class='ocrx_word' id='word_1_342' title='bbox 1575 1905 1849 1955; x_wconf 81' lang='lat' dir='ltr'><strong>dispositiones</strong></span> <span class='ocrx_word' id='word_1_343' title='bbox 1916 1898 1923 1900; x_wconf 46' lang='grc'><em>“</em></span> 
     </span>
    </p>
   </div>
   <div class='ocr_carea' id='block_1_4' title="bbox 21 1956 1871 3111">
    <p class='ocr_par' dir='ltr' id='par_1_5' title="bbox 21 1956 1871 3111">
     <span class='ocr_line' id='line_1_32' title="bbox 69 1956 1847 2012; baseline 0.005 -17"><span class='ocrx_word' id='word_1_344' title='bbox 69 1958 168 1995; x_wconf 82' lang='lat' dir='ltr'><strong>istae</strong></span> <span class='ocrx_word' id='word_1_345' title='bbox 196 1956 441 2008; x_wconf 74' lang='lat' dir='ltr'><strong>nequaquam</strong></span> <span class='ocrx_word' id='word_1_346' title='bbox 484 1960 625 2006; x_wconf 87' lang='lat' dir='ltr'><strong>insunt,</strong></span> <span class='ocrx_word' id='word_1_347' title='bbox 667 1960 718 1997; x_wconf 91' lang='lat' dir='ltr'><strong>ob</strong></span> <span class='ocrx_word' id='word_1_348' title='bbox 747 1958 786 1995; x_wconf 90' lang='lat' dir='ltr'><strong>id</strong></span> <span class='ocrx_word' id='word_1_349' title='bbox 817 1960 965 2007; x_wconf 86' lang='lat' dir='ltr'><strong>ipsum,</strong></span> <span class='ocrx_word' id='word_1_350' title='bbox 998 1961 1090 2007; x_wconf 90' lang='lat' dir='ltr'><strong>quia</strong></span> <span class='ocrx_word' id='word_1_351' title='bbox 1119 1960 1158 1996; x_wconf 88' lang='lat' dir='ltr'><strong>in</strong></span> <span class='ocrx_word' id='word_1_352' title='bbox 1188 1959 1307 1997; x_wconf 86' lang='lat' dir='ltr'><strong>Terra</strong></span> <span class='ocrx_word' id='word_1_353' title='bbox 1335 1958 1476 2000; x_wconf 77' lang='lat' dir='ltr'><strong>insunt.</strong></span> <span class='ocrx_word' id='word_1_354' title='bbox 1535 1962 1702 2012; x_wconf 82' lang='lat' dir='ltr'><strong>Spiritus</strong></span> <span class='ocrx_word' id='word_1_355' title='bbox 1720 1964 1847 2012; x_wconf 73' lang='lat' dir='ltr'><strong>Solis,</strong></span> 
     </span>
     <span class='ocr_line' id='line_1_33' title="bbox 73 2014 1850 2071; baseline 0.005 -19"><span class='ocrx_word' id='word_1_356' title='bbox 73 2016 146 2062; x_wconf 83' lang='lat' dir='ltr'><strong>ais,</strong></span> <span class='ocrx_word' id='word_1_357' title='bbox 177 2014 257 2054; x_wconf 80' lang='lat' dir='ltr'><strong>dat</strong></span> <span class='ocrx_word' id='word_1_358' title='bbox 272 2015 440 2066; x_wconf 83' lang='lat' dir='ltr'><strong>planetis</strong></span> <span class='ocrx_word' id='word_1_359' title='bbox 469 2018 589 2055; x_wconf 82' lang='lat' dir='ltr'><strong>vitam</strong></span> <span class='ocrx_word' id='word_1_360' title='bbox 620 2022 658 2055; x_wconf 90' lang='lat' dir='ltr'><strong>et</strong></span> <span class='ocrx_word' id='word_1_361' title='bbox 687 2018 867 2055; x_wconf 79' lang='lat' dir='ltr'><strong>animam.</strong></span> <span class='ocrx_word' id='word_1_362' title='bbox 928 2015 1030 2064; x_wconf 82' lang='lat' dir='ltr'><strong>Quid</strong></span> <span class='ocrx_word' id='word_1_363' title='bbox 1062 2017 1250 2055; x_wconf 86' lang='lat' dir='ltr'><strong>commodi</strong></span> <span class='ocrx_word' id='word_1_364' title='bbox 1282 2018 1402 2058; x_wconf 85' lang='lat' dir='ltr'><strong>habet</strong></span> <span class='ocrx_word' id='word_1_365' title='bbox 1438 2026 1506 2058; x_wconf 86' lang='lat' dir='ltr'><strong>tua</strong></span> <span class='ocrx_word' id='word_1_366' title='bbox 1537 2023 1745 2059; x_wconf 86' lang='lat' dir='ltr'><strong>sententia·</strong></span> <span class='ocrx_word' id='word_1_367' title='bbox 1755 2033 1850 2071; x_wconf 80' lang='lat' dir='ltr'><strong>prae</strong></span> 
     </span>
     <span class='ocr_line' id='line_1_34' title="bbox 75 2072 1850 2131; baseline 0.005 -21"><span class='ocrx_word' id='word_1_368' title='bbox 75 2072 192 2111; x_wconf 81' lang='lat' dir='ltr'><strong>mea?</strong></span> <span class='ocrx_word' id='word_1_369' title='bbox 250 2073 331 2111; x_wconf 83' lang='lat' dir='ltr'><strong>Tu</strong></span> <span class='ocrx_word' id='word_1_370' title='bbox 341 2073 390 2111; x_wconf 91' lang='lat' dir='ltr'><strong>ad</strong></span> <span class='ocrx_word' id='word_1_371' title='bbox 421 2074 587 2123; x_wconf 84' lang='lat' dir='ltr'><strong>quodvis</strong></span> <span class='ocrx_word' id='word_1_372' title='bbox 615 2080 852 2112; x_wconf 83' lang='lat' dir='ltr'><strong>momentum</strong></span> <span class='ocrx_word' id='word_1_373' title='bbox 880 2085 1022 2112; x_wconf 76' lang='lat' dir='ltr'><strong>novam</strong></span> <span class='ocrx_word' id='word_1_374' title='bbox 1054 2074 1185 2113; x_wconf 88' lang='lat' dir='ltr'><strong>educis</strong></span> <span class='ocrx_word' id='word_1_375' title='bbox 1214 2075 1456 2124; x_wconf 84' lang='lat' dir='ltr'><strong>planetarum</strong></span> <span class='ocrx_word' id='word_1_376' title='bbox 1491 2081 1659 2117; x_wconf 87' lang='lat' dir='ltr'><strong>animam</strong></span> <span class='ocrx_word' id='word_1_377' title='bbox 1690 2088 1747 2117; x_wconf 84' lang='lat' dir='ltr'><strong>ex</strong></span> <span class='ocrx_word' id='word_1_378' title='bbox 1766 2082 1850 2131; x_wconf 71' lang='lat' dir='ltr'><strong>spi-</strong></span> 
     </span>
     <span class='ocr_line' id='line_1_35' title="bbox 75 2130 1850 2182; baseline 0.005 -14"><span class='ocrx_word' id='word_1_379' title='bbox 75 2131 151 2168; x_wconf 81' lang='lat' dir='ltr'><strong>ritu</strong></span> <span class='ocrx_word' id='word_1_380' title='bbox 180 2130 304 2179; x_wconf 78' lang='lat' dir='ltr'><strong>Solis,</strong></span> <span class='ocrx_word' id='word_1_381' title='bbox 345 2142 413 2182; x_wconf 87' lang='lat' dir='ltr'><strong>per</strong></span> <span class='ocrx_word' id='word_1_382' title='bbox 441 2143 557 2182; x_wconf 85' lang='lat' dir='ltr'><strong>quam</strong></span> <span class='ocrx_word' id='word_1_383' title='bbox 587 2132 666 2170; x_wconf 89' lang='lat' dir='ltr'><strong>bini</strong></span> <span class='ocrx_word' id='word_1_384' title='bbox 695 2132 876 2182; x_wconf 81' lang='lat' dir='ltr'><strong>planetae</strong></span> <span class='ocrx_word' id='word_1_385' title='bbox 905 2131 996 2170; x_wconf 86' lang='lat' dir='ltr'><strong>inde</strong></span> <span class='ocrx_word' id='word_1_386' title='bbox 1033 2144 1079 2170; x_wconf 84' lang='lat' dir='ltr'><strong>ex</strong></span> <span class='ocrx_word' id='word_1_387' title='bbox 1109 2133 1265 2171; x_wconf 89' lang='lat' dir='ltr'><strong>sedibus</strong></span> <span class='ocrx_word' id='word_1_388' title='bbox 1295 2137 1377 2173; x_wconf 88' lang='lat' dir='ltr'><strong>suis</strong></span> <span class='ocrx_word' id='word_1_389' title='bbox 1407 2135 1639 2174; x_wconf 81' lang='lat' dir='ltr'><strong>coelestibus</strong></span> <span class='ocrx_word' id='word_1_390' title='bbox 1679 2143 1850 2176; x_wconf 82' lang='lat' dir='ltr'><strong>meteora</strong></span> 
     </span>
     <span class='ocr_line' id='line_1_36' title="bbox 73 2189 1853 2244; baseline 0.004 -18"><span class='ocrx_word' id='word_1_391' title='bbox 73 2189 203 2227; x_wconf 70' lang='lat' dir='ltr'><strong>cicant</strong></span> <span class='ocrx_word' id='word_1_392' title='bbox 218 2190 256 2226; x_wconf 91' lang='lat' dir='ltr'><strong>in</strong></span> <span class='ocrx_word' id='word_1_393' title='bbox 285 2189 483 2227; x_wconf 75' lang='lat' dir='ltr'><strong>sublunari</strong></span> <span class='ocrx_word' id='word_1_394' title='bbox 501 2191 659 2239; x_wconf 92' lang='lat' dir='ltr'><strong>mundo,</strong></span> <span class='ocrx_word' id='word_1_395' title='bbox 679 2191 797 2241; x_wconf 88' lang='lat' dir='ltr'><strong>idque</strong></span> <span class='ocrx_word' id='word_1_396' title='bbox 817 2190 868 2229; x_wconf 88' lang='lat' dir='ltr'><strong>ad</strong></span> <span class='ocrx_word' id='word_1_397' title='bbox 889 2192 1166 2240; x_wconf 86' lang='lat' dir='ltr'><strong>praescriptum</strong></span> <span class='ocrx_word' id='word_1_398' title='bbox 1187 2198 1414 2244; x_wconf 79' lang='lat' dir='ltr'><strong>aspectuum</strong></span> <span class='ocrx_word' id='word_1_399' title='bbox 1430 2195 1469 2231; x_wconf 88' lang='lat' dir='ltr'><strong>in</strong></span> <span class='ocrx_word' id='word_1_400' title='bbox 1491 2194 1621 2233; x_wconf 86' lang='lat' dir='ltr'><strong>Terra.</strong></span> <span class='ocrx_word' id='word_1_401' title='bbox 1669 2194 1853 2243; x_wconf 84' lang='lat' dir='ltr'><strong>Quantae</strong></span> 
     </span>
     <span class='ocr_line' id='line_1_37' title="bbox 70 2245 1845 2303; baseline 0.004 -19"><span class='ocrx_word' id='word_1_402' title='bbox 70 2245 144 2284; x_wconf 70' lang='lat' dir='ltr'><strong>bae</strong></span> <span class='ocrx_word' id='word_1_403' title='bbox 173 2246 387 2296; x_wconf 70' lang='lat' dir='ltr'><strong>ambages?</strong></span> <span class='ocrx_word' id='word_1_404' title='bbox 445 2246 598 2296; x_wconf 85' lang='lat' dir='ltr'><strong>Quanto</strong></span> <span class='ocrx_word' id='word_1_405' title='bbox 629 2260 701 2298; x_wconf 87' lang='lat' dir='ltr'><strong>ego</strong></span> <span class='ocrx_word' id='word_1_406' title='bbox 730 2249 972 2299; x_wconf 81' lang='lat' dir='ltr'><strong>probabilius</strong></span> <span class='ocrx_word' id='word_1_407' title='bbox 1001 2249 1055 2286; x_wconf 91' lang='lat' dir='ltr'><strong>ibi</strong></span> <span class='ocrx_word' id='word_1_408' title='bbox 1086 2249 1206 2297; x_wconf 83' lang='lat' dir='ltr'><strong>hunc,</strong></span> <span class='ocrx_word' id='word_1_409' title='bbox 1252 2251 1283 2287; x_wconf 89' lang='lat' dir='ltr'><strong>si</strong></span> <span class='ocrx_word' id='word_1_410' title='bbox 1325 2253 1380 2288; x_wconf 89' lang='lat' dir='ltr'><strong>ita</strong></span> <span class='ocrx_word' id='word_1_411' title='bbox 1410 2254 1509 2299; x_wconf 40' lang='lat' dir='ltr'><strong>vis}</strong></span> <span class='ocrx_word' id='word_1_412' title='bbox 1535 2254 1711 2303; x_wconf 87' lang='lat' dir='ltr'><strong>spiritum</strong></span> <span class='ocrx_word' id='word_1_413' title='bbox 1740 2264 1845 2302; x_wconf 88' lang='lat' dir='ltr'><strong>pono</strong></span> 
     </span>
     <span class='ocr_line' id='line_1_38' title="bbox 70 2305 1845 2357; baseline 0.005 -16"><span class='ocrx_word' id='word_1_414' title='bbox 70 2308 312 2356; x_wconf 76' lang='lat' dir='ltr'><strong>perpetuum,</strong></span> <span class='ocrx_word' id='word_1_415' title='bbox 341 2305 407 2342; x_wconf 90' lang='lat' dir='ltr'><strong>ubi</strong></span> <span class='ocrx_word' id='word_1_416' title='bbox 437 2317 619 2355; x_wconf 79' lang='lat' dir='ltr'><strong>praesens</strong></span> <span class='ocrx_word' id='word_1_417' title='bbox 649 2307 704 2343; x_wconf 87' lang='lat' dir='ltr'><strong>illi</strong></span> <span class='ocrx_word' id='word_1_418' title='bbox 734 2307 799 2344; x_wconf 87' lang='lat' dir='ltr'><strong>lex</strong></span> <span class='ocrx_word' id='word_1_419' title='bbox 828 2306 987 2356; x_wconf 88' lang='lat' dir='ltr'><strong>agendi,</strong></span> <span class='ocrx_word' id='word_1_420' title='bbox 1019 2307 1086 2344; x_wconf 90' lang='lat' dir='ltr'><strong>ubi</strong></span> <span class='ocrx_word' id='word_1_421' title='bbox 1117 2312 1154 2344; x_wconf 90' lang='lat' dir='ltr'><strong>et</strong></span> <span class='ocrx_word' id='word_1_422' title='bbox 1185 2318 1281 2356; x_wconf 89' lang='lat' dir='ltr'><strong>opus</strong></span> <span class='ocrx_word' id='word_1_423' title='bbox 1311 2309 1417 2357; x_wconf 84' lang='lat' dir='ltr'><strong>ejus,</strong></span> <span class='ocrx_word' id='word_1_424' title='bbox 1461 2312 1498 2346; x_wconf 89' lang='lat' dir='ltr'><strong>in</strong></span> <span class='ocrx_word' id='word_1_425' title='bbox 1529 2315 1668 2348; x_wconf 78' lang='lat' dir='ltr'><strong>natura</strong></span> <span class='ocrx_word' id='word_1_426' title='bbox 1696 2311 1845 2349; x_wconf 87' lang='lat' dir='ltr'><strong>scilicet</strong></span> 
     </span>
     <span class='ocr_line' id='line_1_39' title="bbox 70 2361 1871 2415; baseline 0.004 -17"><span class='ocrx_word' id='word_1_427' title='bbox 70 2361 299 2400; x_wconf 72' lang='lat' dir='ltr'><strong>sublunari?</strong></span> <span class='ocrx_word' id='word_1_428' title='bbox 360 2363 623 2401; x_wconf 64' lang='lat' dir='ltr'><strong>Aeremdieis</strong></span> <span class='ocrx_word' id='word_1_429' title='bbox 653 2366 804 2402; x_wconf 81' lang='lat' dir='ltr'><strong>animae</strong></span> <span class='ocrx_word' id='word_1_430' title='bbox 833 2364 966 2402; x_wconf 89' lang='lat' dir='ltr'><strong>mundi</strong></span> <span class='ocrx_word' id='word_1_431' title='bbox 1006 2366 1180 2414; x_wconf 85' lang='lat' dir='ltr'><strong>spiritum</strong></span> <span class='ocrx_word' id='word_1_432' title='bbox 1212 2366 1435 2405; x_wconf 81' lang='lat' dir='ltr'><strong>inferiorem.</strong></span> <span class='ocrx_word' id='word_1_433' title='bbox 1497 2367 1583 2405; x_wconf 89' lang='lat' dir='ltr'><strong>Non</strong></span> <span class='ocrx_word' id='word_1_434' title='bbox 1615 2368 1871 2415; x_wconf 52' lang='lat' dir='ltr'><strong>contendam„</strong></span> 
     </span>
     <span class='ocr_line' id='line_1_40' title="bbox 70 2419 1852 2474; baseline 0.004 -17"><span class='ocrx_word' id='word_1_435' title='bbox 70 2420 144 2457; x_wconf 83' lang='lat' dir='ltr'><strong>bac</strong></span> <span class='ocrx_word' id='word_1_436' title='bbox 173 2419 221 2458; x_wconf 89' lang='lat' dir='ltr'><strong>de</strong></span> <span class='ocrx_word' id='word_1_437' title='bbox 249 2431 290 2457; x_wconf 87' lang='lat' dir='ltr'><strong>re</strong></span> <span class='ocrx_word' id='word_1_438' title='bbox 320 2424 462 2469; x_wconf 87' lang='lat' dir='ltr'><strong>tecum,</strong></span> <span class='ocrx_word' id='word_1_439' title='bbox 494 2433 558 2469; x_wconf 85' lang='lat' dir='ltr'><strong>ea,</strong></span> <span class='ocrx_word' id='word_1_440' title='bbox 584 2433 700 2471; x_wconf 88' lang='lat' dir='ltr'><strong>quam</strong></span> <span class='ocrx_word' id='word_1_441' title='bbox 731 2434 803 2471; x_wconf 87' lang='lat' dir='ltr'><strong>ego</strong></span> <span class='ocrx_word' id='word_1_442' title='bbox 835 2422 913 2459; x_wconf 85' lang='lat' dir='ltr'><strong>dixi</strong></span> <span class='ocrx_word' id='word_1_443' title='bbox 944 2421 1084 2459; x_wconf 83' lang='lat' dir='ltr'><strong>Terrae</strong></span> <span class='ocrx_word' id='word_1_444' title='bbox 1114 2423 1303 2470; x_wconf 83' lang='lat' dir='ltr'><strong>animam,</strong></span> <span class='ocrx_word' id='word_1_445' title='bbox 1336 2425 1435 2462; x_wconf 88' lang='lat' dir='ltr'><strong>sitne</strong></span> <span class='ocrx_word' id='word_1_446' title='bbox 1465 2435 1507 2462; x_wconf 89' lang='lat' dir='ltr'><strong>se</strong></span> <span class='ocrx_word' id='word_1_447' title='bbox 1536 2426 1852 2474; x_wconf 51' lang='lat' dir='ltr'><strong>ipsa-quaedam*</strong></span> 
     </span>
     <span class='ocr_line' id='line_1_41' title="bbox 21 2479 1843 2532; baseline 0.004 -19"><span class='ocrx_word' id='word_1_448' title='bbox 21 2525 26 2528; x_wconf 30' lang='grc' dir='ltr'>Ι</span> <span class='ocrx_word' id='word_1_449' title='bbox 70 2482 248 2526; x_wconf 82' lang='lat' dir='ltr'><strong>separata</strong></span> <span class='ocrx_word' id='word_1_450' title='bbox 279 2479 418 2525; x_wconf 82' lang='lat' dir='ltr'><strong>anima,</strong></span> <span class='ocrx_word' id='word_1_451' title='bbox 449 2490 548 2517; x_wconf 86' lang='lat' dir='ltr'><strong>aune</strong></span> <span class='ocrx_word' id='word_1_452' title='bbox 577 2481 706 2529; x_wconf 82' lang='lat' dir='ltr'><strong>potius</strong></span> <span class='ocrx_word' id='word_1_453' title='bbox 738 2480 895 2518; x_wconf 87' lang='lat' dir='ltr'><strong>alterius</strong></span> <span class='ocrx_word' id='word_1_454' title='bbox 926 2480 1078 2516; x_wconf 78' lang='lat' dir='ltr'><strong>animae</strong></span> <span class='ocrx_word' id='word_1_455' title='bbox 1106 2480 1295 2528; x_wconf 87' lang='lat' dir='ltr'><strong>majorum</strong></span> <span class='ocrx_word' id='word_1_456' title='bbox 1325 2484 1494 2530; x_wconf 86' lang='lat' dir='ltr'><strong>gentium</strong></span> <span class='ocrx_word' id='word_1_457' title='bbox 1528 2484 1704 2532; x_wconf 87' lang='lat' dir='ltr'><strong>spiritus,</strong></span> <span class='ocrx_word' id='word_1_458' title='bbox 1738 2489 1780 2521; x_wconf 85' lang='lat' dir='ltr'><strong>ut</strong></span> <span class='ocrx_word' id='word_1_459' title='bbox 1809 2486 1843 2522; x_wconf 88' lang='lat' dir='ltr'><strong>si</strong></span> 
     </span>
     <span class='ocr_line' id='line_1_42' title="bbox 72 2535 1841 2590; baseline 0.005 -19"><span class='ocrx_word' id='word_1_460' title='bbox 72 2536 159 2582; x_wconf 72' lang='lat' dir='ltr'><strong>quis</strong></span> <span class='ocrx_word' id='word_1_461' title='bbox 188 2536 226 2571; x_wconf 88' lang='lat' dir='ltr'><strong>in</strong></span> <span class='ocrx_word' id='word_1_462' title='bbox 259 2535 372 2573; x_wconf 87' lang='lat' dir='ltr'><strong>corde</strong></span> <span class='ocrx_word' id='word_1_463' title='bbox 403 2537 579 2574; x_wconf 83' lang='lat' dir='ltr'><strong>animalis</strong></span> <span class='ocrx_word' id='word_1_464' title='bbox 609 2539 760 2575; x_wconf 88' lang='lat' dir='ltr'><strong>animae</strong></span> <span class='ocrx_word' id='word_1_465' title='bbox 790 2537 921 2575; x_wconf 85' lang='lat' dir='ltr'><strong>sedem</strong></span> <span class='ocrx_word' id='word_1_466' title='bbox 938 2542 1070 2587; x_wconf 85' lang='lat' dir='ltr'><strong>ponat,</strong></span> <span class='ocrx_word' id='word_1_467' title='bbox 1102 2538 1141 2574; x_wconf 90' lang='lat' dir='ltr'><strong>in</strong></span> <span class='ocrx_word' id='word_1_468' title='bbox 1164 2537 1275 2576; x_wconf 74' lang='lat' dir='ltr'><strong>oculo</strong></span> <span class='ocrx_word' id='word_1_469' title='bbox 1297 2550 1372 2576; x_wconf 91' lang='lat' dir='ltr'><strong>non</strong></span> <span class='ocrx_word' id='word_1_470' title='bbox 1395 2542 1561 2577; x_wconf 84' lang='lat' dir='ltr'><strong>animam</strong></span> <span class='ocrx_word' id='word_1_471' title='bbox 1587 2552 1713 2590; x_wconf 89' lang='lat' dir='ltr'><strong>neque</strong></span> <span class='ocrx_word' id='word_1_472' title='bbox 1735 2541 1841 2580; x_wconf 84' lang='lat' dir='ltr'><strong>illam</strong></span> 
     </span>
     <span class='ocr_line' id='line_1_43' title="bbox 76 2591 1845 2651; baseline 0.005 -22"><span class='ocrx_word' id='word_1_473' title='bbox 76 2591 342 2640; x_wconf 80' lang='lat' dir='ltr'><strong>decumanam,</strong></span> <span class='ocrx_word' id='word_1_474' title='bbox 373 2604 499 2641; x_wconf 86' lang='lat' dir='ltr'><strong>neque</strong></span> <span class='ocrx_word' id='word_1_475' title='bbox 528 2602 745 2643; x_wconf 82' lang='lat' dir='ltr'><strong>separatam</strong></span> <span class='ocrx_word' id='word_1_476' title='bbox 776 2592 964 2634; x_wconf 85' lang='lat' dir='ltr'><strong>minorum</strong></span> <span class='ocrx_word' id='word_1_477' title='bbox 994 2596 1182 2644; x_wconf 86' lang='lat' dir='ltr'><strong>gentium,</strong></span> <span class='ocrx_word' id='word_1_478' title='bbox 1217 2596 1283 2634; x_wconf 89' lang='lat' dir='ltr'><strong>sed</strong></span> <span class='ocrx_word' id='word_1_479' title='bbox 1315 2597 1452 2635; x_wconf 88' lang='lat' dir='ltr'><strong>saltem</strong></span> <span class='ocrx_word' id='word_1_480' title='bbox 1484 2600 1658 2651; x_wconf 85' lang='lat' dir='ltr'><strong>spiritum</strong></span> <span class='ocrx_word' id='word_1_481' title='bbox 1688 2599 1845 2648; x_wconf 89' lang='lat' dir='ltr'><strong>plenum</strong></span> 
     </span>
     <span class='ocr_line' id='line_1_44' title="bbox 70 2650 1842 2705; baseline 0.005 -19"><span class='ocrx_word' id='word_1_482' title='bbox 70 2650 199 2698; x_wconf 83' lang='lat' dir='ltr'><strong>specie</strong></span> <span class='ocrx_word' id='word_1_483' title='bbox 227 2650 331 2687; x_wconf 90' lang='lat' dir='ltr'><strong>illius</strong></span> <span class='ocrx_word' id='word_1_484' title='bbox 361 2652 516 2699; x_wconf 87' lang='lat' dir='ltr'><strong>reginae</strong></span> <span class='ocrx_word' id='word_1_485' title='bbox 544 2653 583 2688; x_wconf 89' lang='lat' dir='ltr'><strong>in</strong></span> <span class='ocrx_word' id='word_1_486' title='bbox 614 2653 727 2691; x_wconf 89' lang='lat' dir='ltr'><strong>corde</strong></span> <span class='ocrx_word' id='word_1_487' title='bbox 757 2653 924 2691; x_wconf 87' lang='lat' dir='ltr'><strong>sedentis</strong></span> <span class='ocrx_word' id='word_1_488' title='bbox 961 2654 999 2689; x_wconf 90' lang='lat' dir='ltr'><strong>in</strong></span> <span class='ocrx_word' id='word_1_489' title='bbox 1031 2664 1072 2690; x_wconf 88' lang='lat' dir='ltr'><strong>se</strong></span> <span class='ocrx_word' id='word_1_490' title='bbox 1103 2664 1270 2703; x_wconf 87' lang='lat' dir='ltr'><strong>egressa.</strong></span> <span class='ocrx_word' id='word_1_491' title='bbox 1331 2655 1405 2702; x_wconf 89' lang='lat' dir='ltr'><strong>Sit,</strong></span> <span class='ocrx_word' id='word_1_492' title='bbox 1446 2657 1623 2704; x_wconf 85' lang='lat' dir='ltr'><strong>inquam,</strong></span> <span class='ocrx_word' id='word_1_493' title='bbox 1670 2656 1743 2695; x_wconf 90' lang='lat' dir='ltr'><strong>hoc</strong></span> <span class='ocrx_word' id='word_1_494' title='bbox 1772 2659 1842 2705; x_wconf 83' lang='lat' dir='ltr'><strong>ita,</strong></span> 
     </span>
     <span class='ocr_line' id='line_1_45' title="bbox 70 2707 1842 2762; baseline 0.005 -18"><span class='ocrx_word' id='word_1_495' title='bbox 70 2708 121 2744; x_wconf 82' lang='lat' dir='ltr'><strong>sit</strong></span> <span class='ocrx_word' id='word_1_496' title='bbox 149 2718 235 2745; x_wconf 87' lang='lat' dir='ltr'><strong>mea</strong></span> <span class='ocrx_word' id='word_1_497' title='bbox 263 2707 360 2746; x_wconf 87' lang='lat' dir='ltr'><strong>haec</strong></span> <span class='ocrx_word' id='word_1_498' title='bbox 389 2709 540 2754; x_wconf 88' lang='lat' dir='ltr'><strong>anima,</strong></span> <span class='ocrx_word' id='word_1_499' title='bbox 581 2720 697 2758; x_wconf 89' lang='lat' dir='ltr'><strong>quam</strong></span> <span class='ocrx_word' id='word_1_500' title='bbox 726 2710 868 2749; x_wconf 86' lang='lat' dir='ltr'><strong>Terrae</strong></span> <span class='ocrx_word' id='word_1_501' title='bbox 897 2711 1043 2758; x_wconf 82' lang='lat' dir='ltr'><strong>tribuo,</strong></span> <span class='ocrx_word' id='word_1_502' title='bbox 1087 2711 1182 2748; x_wconf 91' lang='lat' dir='ltr'><strong>nihil</strong></span> <span class='ocrx_word' id='word_1_503' title='bbox 1213 2711 1318 2749; x_wconf 83' lang='lat' dir='ltr'><strong>aliud</strong></span> <span class='ocrx_word' id='word_1_504' title='bbox 1357 2724 1471 2761; x_wconf 89' lang='lat' dir='ltr'><strong>quam</strong></span> <span class='ocrx_word' id='word_1_505' title='bbox 1502 2715 1659 2762; x_wconf 87' lang='lat' dir='ltr'><strong>spiritus</strong></span> <span class='ocrx_word' id='word_1_506' title='bbox 1689 2716 1842 2754; x_wconf 87' lang='lat' dir='ltr'><strong>animae</strong></span> 
     </span>
     <span class='ocr_line' id='line_1_46' title="bbox 70 2763 1840 2819; baseline 0.005 -17"><span class='ocrx_word' id='word_1_507' title='bbox 70 2763 200 2802; x_wconf 86' lang='lat' dir='ltr'><strong>muudi</strong></span> <span class='ocrx_word' id='word_1_508' title='bbox 231 2763 324 2802; x_wconf 88' lang='lat' dir='ltr'><strong>alibi</strong></span> <span class='ocrx_word' id='word_1_509' title='bbox 353 2764 533 2803; x_wconf 86' lang='lat' dir='ltr'><strong>sedentis.</strong></span> <span class='ocrx_word' id='word_1_510' title='bbox 595 2767 646 2804; x_wconf 87' lang='lat' dir='ltr'><strong>At</strong></span> <span class='ocrx_word' id='word_1_511' title='bbox 674 2767 750 2806; x_wconf 89' lang='lat' dir='ltr'><strong>huc</strong></span> <span class='ocrx_word' id='word_1_512' title='bbox 779 2767 918 2806; x_wconf 89' lang='lat' dir='ltr'><strong>adduci</strong></span> <span class='ocrx_word' id='word_1_513' title='bbox 948 2780 1023 2806; x_wconf 90' lang='lat' dir='ltr'><strong>non</strong></span> <span class='ocrx_word' id='word_1_514' title='bbox 1055 2780 1224 2817; x_wconf 89' lang='lat' dir='ltr'><strong>possum,</strong></span> <span class='ocrx_word' id='word_1_515' title='bbox 1255 2774 1298 2806; x_wconf 91' lang='lat' dir='ltr'><strong>ut</strong></span> <span class='ocrx_word' id='word_1_516' title='bbox 1318 2769 1461 2819; x_wconf 86' lang='lat' dir='ltr'><strong>largiar</strong></span> <span class='ocrx_word' id='word_1_517' title='bbox 1490 2772 1571 2818; x_wconf 88' lang='lat' dir='ltr'><strong>tibi,</strong></span> <span class='ocrx_word' id='word_1_518' title='bbox 1602 2772 1840 2812; x_wconf 87' lang='lat' dir='ltr'><strong>materialem</strong></span> 
     </span>
     <span class='ocr_line' id='line_1_47' title="bbox 71 2817 1839 2879; baseline 0.006 -21"><span class='ocrx_word' id='word_1_519' title='bbox 71 2821 173 2859; x_wconf 89' lang='lat' dir='ltr'><strong>hunc</strong></span> <span class='ocrx_word' id='word_1_520' title='bbox 204 2824 331 2860; x_wconf 79' lang='lat' dir='ltr'><strong>ae‘rem</strong></span> <span class='ocrx_word' id='word_1_521' title='bbox 351 2817 468 2859; x_wconf 89' lang='lat' dir='ltr'><strong>illum</strong></span> <span class='ocrx_word' id='word_1_522' title='bbox 498 2824 623 2872; x_wconf 85' lang='lat' dir='ltr'><strong>ipsum</strong></span> <span class='ocrx_word' id='word_1_523' title='bbox 654 2836 738 2863; x_wconf 84' lang='lat' dir='ltr'><strong>esse</strong></span> <span class='ocrx_word' id='word_1_524' title='bbox 767 2827 952 2874; x_wconf 89' lang='lat' dir='ltr'><strong>spiritum,</strong></span> <span class='ocrx_word' id='word_1_525' title='bbox 986 2828 1048 2875; x_wconf 86' lang='lat' dir='ltr'><strong>qui</strong></span> <span class='ocrx_word' id='word_1_526' title='bbox 1082 2831 1122 2864; x_wconf 90' lang='lat' dir='ltr'><strong>et</strong></span> <span class='ocrx_word' id='word_1_527' title='bbox 1149 2828 1310 2876; x_wconf 86' lang='lat' dir='ltr'><strong>percipit</strong></span> <span class='ocrx_word' id='word_1_528' title='bbox 1329 2829 1578 2876; x_wconf 84' lang='lat' dir='ltr'><strong>geometriam</strong></span> <span class='ocrx_word' id='word_1_529' title='bbox 1599 2835 1839 2879; x_wconf 85' lang='lat' dir='ltr'><strong>aspectuum,</strong></span> 
     </span>
     <span class='ocr_line' id='line_1_48' title="bbox 71 2879 1838 2938; baseline 0.006 -22"><span class='ocrx_word' id='word_1_530' title='bbox 71 2880 119 2915; x_wconf 78' lang='lat' dir='ltr'><strong>in</strong></span> <span class='ocrx_word' id='word_1_531' title='bbox 139 2879 259 2917; x_wconf 85' lang='lat' dir='ltr'><strong>Terra</strong></span> <span class='ocrx_word' id='word_1_532' title='bbox 287 2880 553 2927; x_wconf 86' lang='lat' dir='ltr'><strong>formatorum,</strong></span> <span class='ocrx_word' id='word_1_533' title='bbox 585 2886 624 2918; x_wconf 90' lang='lat' dir='ltr'><strong>et</strong></span> <span class='ocrx_word' id='word_1_534' title='bbox 653 2882 860 2920; x_wconf 85' lang='lat' dir='ltr'><strong>secundum</strong></span> <span class='ocrx_word' id='word_1_535' title='bbox 891 2895 974 2921; x_wconf 90' lang='lat' dir='ltr'><strong>eam</strong></span> <span class='ocrx_word' id='word_1_536' title='bbox 1005 2889 1174 2922; x_wconf 85' lang='lat' dir='ltr'><strong>meteora</strong></span> <span class='ocrx_word' id='word_1_537' title='bbox 1204 2886 1279 2922; x_wconf 90' lang='lat' dir='ltr'><strong>ciet</strong></span> <span class='ocrx_word' id='word_1_538' title='bbox 1308 2886 1459 2923; x_wconf 83' lang='lat' dir='ltr'><strong>actibus</strong></span> <span class='ocrx_word' id='word_1_539' title='bbox 1489 2887 1838 2938; x_wconf 73' lang='lat' dir='ltr'><strong>intermittentibus,</strong></span> 
     </span>
     <span class='ocr_line' id='line_1_49' title="bbox 71 2936 1839 2995; baseline 0.006 -22"><span class='ocrx_word' id='word_1_540' title='bbox 71 2936 178 2974; x_wconf 81' lang='lat' dir='ltr'><strong>velut</strong></span> <span class='ocrx_word' id='word_1_541' title='bbox 217 2936 266 2974; x_wconf 91' lang='lat' dir='ltr'><strong>ad</strong></span> <span class='ocrx_word' id='word_1_542' title='bbox 307 2936 473 2975; x_wconf 89' lang='lat' dir='ltr'><strong>edictum</strong></span> <span class='ocrx_word' id='word_1_543' title='bbox 512 2938 699 2987; x_wconf 79' lang='lat' dir='ltr'><strong>praetoris</strong></span> <span class='ocrx_word' id='word_1_544' title='bbox 737 2950 973 2989; x_wconf 88' lang='lat' dir='ltr'><strong>comparans.</strong></span> <span class='ocrx_word' id='word_1_545' title='bbox 1032 2941 1130 2978; x_wconf 88' lang='lat' dir='ltr'><strong>Nam</strong></span> <span class='ocrx_word' id='word_1_546' title='bbox 1168 2953 1238 2979; x_wconf 89' lang='lat' dir='ltr'><strong>nec</strong></span> <span class='ocrx_word' id='word_1_547' title='bbox 1268 2941 1336 2979; x_wconf 87' lang='lat' dir='ltr'><strong>illa</strong></span> <span class='ocrx_word' id='word_1_548' title='bbox 1376 2946 1614 2991; x_wconf 85' lang='lat' dir='ltr'><strong>geometriae</strong></span> <span class='ocrx_word' id='word_1_549' title='bbox 1637 2945 1839 2995; x_wconf 76' lang='lat' dir='ltr'><strong>impressio</strong></span> 
     </span>
     <span class='ocr_line' id='line_1_50' title="bbox 71 2992 1837 3054; baseline 0.008 -24"><span class='ocrx_word' id='word_1_550' title='bbox 71 2992 133 3031; x_wconf 72' lang='lat' dir='ltr'><strong>fit</strong></span> <span class='ocrx_word' id='word_1_551' title='bbox 149 2995 189 3030; x_wconf 89' lang='lat' dir='ltr'><strong>in</strong></span> <span class='ocrx_word' id='word_1_552' title='bbox 217 2996 436 3042; x_wconf 84' lang='lat' dir='ltr'><strong>materiam,</strong></span> <span class='ocrx_word' id='word_1_553' title='bbox 478 2995 616 3034; x_wconf 87' lang='lat' dir='ltr'><strong>obtusa</strong></span> <span class='ocrx_word' id='word_1_554' title='bbox 652 2998 765 3034; x_wconf 89' lang='lat' dir='ltr'><strong>nimis</strong></span> <span class='ocrx_word' id='word_1_555' title='bbox 804 3003 862 3035; x_wconf 87' lang='lat' dir='ltr'><strong>cst</strong></span> <span class='ocrx_word' id='word_1_556' title='bbox 889 2999 977 3046; x_wconf 78' lang='lat' dir='ltr'><strong>illa,</strong></span> <span class='ocrx_word' id='word_1_557' title='bbox 1019 2998 1091 3037; x_wconf 89' lang='lat' dir='ltr'><strong>sed</strong></span> <span class='ocrx_word' id='word_1_558' title='bbox 1118 3001 1154 3034; x_wconf 90' lang='lat' dir='ltr'><strong>in</strong></span> <span class='ocrx_word' id='word_1_559' title='bbox 1186 2999 1308 3037; x_wconf 88' lang='lat' dir='ltr'><strong>solam</strong></span> <span class='ocrx_word' id='word_1_560' title='bbox 1349 3000 1465 3038; x_wconf 87' lang='lat' dir='ltr'><strong>talem</strong></span> <span class='ocrx_word' id='word_1_561' title='bbox 1494 3006 1710 3050; x_wconf 78' lang='lat' dir='ltr'><strong>naturam,</strong></span> <span class='ocrx_word' id='word_1_562' title='bbox 1736 3015 1837 3054; x_wconf 86' lang='lat' dir='ltr'><strong>quae</strong></span> 
     </span>
     <span class='ocr_line' id='line_1_51' title="bbox 72 3051 1839 3111; baseline 0.007 -22"><span class='ocrx_word' id='word_1_563' title='bbox 72 3052 229 3090; x_wconf 76' lang='lat' dir='ltr'><strong>rationis</strong></span> <span class='ocrx_word' id='word_1_564' title='bbox 270 3056 352 3091; x_wconf 87' lang='lat' dir='ltr'><strong>est</strong></span> <span class='ocrx_word' id='word_1_565' title='bbox 371 3051 654 3101; x_wconf 89' lang='lat' dir='ltr'><strong>quodammodo</strong></span> <span class='ocrx_word' id='word_1_566' title='bbox 682 3055 892 3105; x_wconf 83' lang='lat' dir='ltr'><strong>particeps,</strong></span> <span class='ocrx_word' id='word_1_567' title='bbox 936 3066 1022 3094; x_wconf 90' lang='lat' dir='ltr'><strong>cum</strong></span> <span class='ocrx_word' id='word_1_568' title='bbox 1061 3058 1272 3105; x_wconf 81' lang='lat' dir='ltr'><strong>geometria</strong></span> <span class='ocrx_word' id='word_1_569' title='bbox 1312 3058 1362 3094; x_wconf 90' lang='lat' dir='ltr'><strong>sit</strong></span> <span class='ocrx_word' id='word_1_570' title='bbox 1391 3060 1550 3099; x_wconf 85' lang='lat' dir='ltr'><strong>rationis</strong></span> <span class='ocrx_word' id='word_1_571' title='bbox 1581 3059 1757 3111; x_wconf 85' lang='lat' dir='ltr'><strong>habitus,</strong></span> <span class='ocrx_word' id='word_1_572' title='bbox 1798 3067 1839 3102; x_wconf 89' lang='lat' dir='ltr'><strong>et</strong></span> 
     </span>
    </p>
   </div>
  </div>
 </body>
</html>
