1994 3276
735 96 846 141 mm
867 97 911 135 v.
935 98 1053 144 caput
1074 96 1163 132 ιιι·
1245 122 1246 125 ¹
1761 94 1846 147 sss

746 264 970 321 CAPUT
1008 264 1094 314 vll

93 363 365 401 Harmonias
394 364 684 401 universales
721 359 911 400 omnium
944 372 1027 399 sex
1057 362 1350 408 planetarum
1380 359 1525 396 veluti
1556 362 1804 399 communia

530 415 860 468 contrnpuncta
883 419 1222 467 quadriformia
1245 418 1355 454 dari.

163 516 289 556 Nunc·
305 528 426 569 opus,
455 515 621 565 Uranie,
656 519 787 556 sonitu
815 517 987 567 maJore,
1026 486 1117 556 duni
1145 527 1215 566 per
1244 514 1390 554 scalam
1420 514 1686 555 harmonicam
1715 516 1847 559 eoele—

51 577 168 614 stium
197 572 371 614 motuum
402 575 452 613 ad
482 575 623 614 altiora
653 575 889 622 conscendo,
930 586 1010 625 qua
1037 576 1231 625 genuinus
1259 572 1495 623 archetypus
1532 574 1701 614 fabricae
1730 587 1846 615 muu-

48 633 175 672 danae
202 633 424 673 reconditus
441 639 676 673 asservatur.
707 633 945 684 Sequimini,
976 635 1115 672 musici
1133 631 1322 679 moderni,
1342 642 1500 680 remque
1521 634 1662 671 vestris
1683 634 1845 683 artibus,

54 690 281 740 antiq-itari
312 702 398 730 non
429 693 616 741 cognitis,
657 693 829 731 comete!
872 691 956 730 Vos
985 691 1047 731 his
1082 691 1223 731 seculis
1254 689 1399 727 ultimis
1427 691 1553 739 prima
1582 693 1848 732 universitatis
1870 731 1881 735 ,

50 748 228 800 exempla
256 750 445 800 genuina,
484 750 543 788 bis
581 749 743 788 millium
773 761 962 789 annorum
1001 751 1206 793 incubatu,
1245 746 1402 786 tandem
1432 747 1613 798 produxit
1649 751 1710 788 sui
1739 761 1844 789 nuu-

50 817 167 858 quam
207 816 285 847 ιιοιι
313 807 480 858 prodiga
516 813 673 856 namra,
692 822 698 826 ·
716 809 856 847 vestris
895 807 964 847 illa
1004 818 1143 846 vocum
1175 807 1368 846 variarum
1405 807 1659 846 concentibus
1697 819 1844 860 perque

50 869 223 905 vestras
217 873 342 904 aures
371 876 459 904 sese
486 866 624 916 ipsam,
656 865 784 916 qualis
813 867 957 905 existat
985 866 1230 916 penitissimo
1260 865 1363 911 sinu,
1394 865 1512 904 menti
1531 863 1738 915 humanae,
1768 867 1846 907 Dei

51 922 245 963 Greworis
272 922 378 963 altae
407 922 705 971 dilectissimae,
735 924 1002 963 insusurravit.
1013 921 1062 977 ⁴)

4 1011 15 1023 ,
164 980 273 1032 Quas
302 980 547 1020 harmonicas
584 983 854 1032 proportiones
893 982 974 1021 bini
1004 983 1190 1031 planetae
1221 981 1340 1019 vicini
1380 984 1556 1019 motuum
1587 991 1747 1021 suorum
1777 994 1848 1021 ex-

51 1035 310 1079 tremitatibus
337 1039 694 1090 complecterentur,
726 1040 764 1079 id
795 1039 1031 1090 explicatum
1060 1040 1132 1078 fuit
1152 1049 1282 1089 supra.
1342 1037 1489 1077 Verum
1510 1039 1702 1090 contingit
1729 1042 1848 1080 raris-

51 1098 160 1145 sime,
192 1102 236 1136 ut
265 1096 357 1146 duo,
387 1099 619 1149 praesertim
649 1097 871 1145 tardissimi,
901 1097 1017 1137 simul
1045 1099 1086 1136 in
1117 1109 1190 1137 sua
1218 1095 1389 1136 incidant
1418 1101 1592 1136 extrema
1619 1098 1847 1150 intervalla3

50 1155 159 1194 verbi
189 1166 320 1204 causa,
351 1155 506 1195 Saturni
538 1161 576 1194 et
604 1155 720 1195 Jovis
750 1156 906 1206 apsides
938 1156 1082 1194 distant
1113 1153 1262 1194 circiter
1292 1152 1387 1202 81⁰,
1419 1155 1535 1203 igitur
1564 1156 1722 1204 interea,
1755 1156 1848 1196 dum

51 1213 150 1252 baec
177 1212 331 1252 illorum
361 1213 547 1253 distantia
576 1216 690 1263 certis
718 1216 943 1256 vicenorum
963 1225 1153 1253 annorum
1174 1212 1338 1252 saltibus
1369 1216 1494 1250 totum
1512 1212 1716 1254 zodiacum
1737 1226 1847 1254 eme-

52 1272 180 1317 tiatur,
211 1272 303 1309 anni
333 1270 516 1310 labuntur
547 1273 642 1320 800,
674 1284 799 1323 neque
830 1278 960 1311 tamen
990 1271 1136 1319 saltus,
1169 1272 1234 1321 qui
1266 1275 1449 1309 octavum
1480 1270 1628 1310 claudit
1657 1272 1846 1326 seculum,

0 1361 2 1363 ,
52 1330 224 1380 praecise
253 1329 372 1368 fertur
400 1329 450 1369 ad
478 1331 694 1380 ipsissimas
723 1330 893 1381 apsidas,
925 1336 966 1369 et
992 1332 1028 1368 si
1057 1330 1176 1380 paulo
1204 1329 1360 1379 longius
1390 1329 1564 1381 aberret,
1594 1331 1846 1380 exspectandi

52 1391 143 1425 sunt
171 1386 239 1425 alii
270 1388 353 1426 800
383 1389 485 1436 anni,
517 1393 560 1426 nt
589 1388 711 1427 saltus
742 1388 809 1427 illo
839 1388 986 1427 felicior
1015 1400 1102 1426 cum
1132 1388 1281 1427 ratione
1312 1388 1447 1436 quaeri
1467 1389 1604 1436 possit,
1635 1388 1752 1439 idque
1782 1394 1848 1428 to-

54 1445 128 1483 ties
155 1445 384 1492 itenmdum,
415 1447 568 1495 quoties
600 1446 779 1485 modulus
808 1447 1061 1486 aberrationis
1094 1448 1132 1483 in
1163 1447 1277 1484 unius
1307 1444 1430 1483 saltus
1462 1444 1653 1484 dimidiati
1682 1446 1847 1497 prolixi-

53 1508 133 1541 tate
163 1504 391 1542 continetur.
450 1503 567 1542 Tales
598 1504 779 1555 periodos
811 1505 981 1543 efficiunt
1011 1506 1128 1543 etiam
1159 1509 1312 1543 ceterae
1342 1504 1457 1553 bigae
1486 1503 1686 1553 singulae,
1717 1517 1845 1556 quan-

53 1572 171 1610 quam
199 1572 276 1599 non
306 1562 360 1599 ita
380 1561 563 1611 prolixas.
622 1562 780 1601 Interim
801 1574 892 1602 vero
909 1564 1138 1612 contingunt
1166 1564 1283 1600 etiam
1303 1561 1404 1600 aliae
1424 1561 1648 1601 harmoniae
1668 1563 1847 1602 binorum

0 1620 11 1658 ,’
53 1618 314 1670 planetarum,
346 1621 444 1659 inter
474 1626 602 1659 motus
632 1632 708 1659 non
740 1627 932 1660 extremos
960 1625 1168 1670 utrosque,
1200 1620 1270 1660 sed
1300 1618 1588 1667 intermedium,
1632 1621 1703 1660 vel,
1726 1633 1847 1661 unum

0 1671 19 1731 {-
54 1676 117 1715 vel
146 1681 374 1726 utrumque,
405 1689 553 1726 eaeque
583 1679 621 1715 in
654 1678 818 1717 diversis
850 1679 970 1717 veluti
1001 1679 1255 1717 tensionibus.
1314 1677 1415 1715 Nam
1454 1678 1547 1727 quia
1576 1677 1766 1718 Saturnus
1798 1692 1846 1719 ex

0 1736 7 1767 ὶ
58 1733 94 1773 G
124 1736 161 1772 in
191 1734 217 1771 h
247 1740 286 1773 et
314 1734 432 1786 paulo
462 1735 624 1774 ulterius
653 1736 834 1783 tenditur,
866 1736 1022 1786 Jupiter
1042 1748 1089 1775 ex
1119 1737 1144 1774 h
1174 1738 1214 1773 in
1240 1736 1269 1774 d
1296 1740 1338 1775 et
1365 1735 1545 1784 amplius,
1573 1742 1739 1789 possunt
1769 1739 1846 1788 igi-

0 1808 4 1822 J
53 1797 116 1830 tur
145 1793 367 1843 contingere
395 1794 496 1831 inter
523 1792 669 1832 Jovem
698 1799 736 1832 et
766 1794 975 1833 Saturnum
1012 1794 1237 1832 harmoniae
1274 1795 1391 1832 etiam
1422 1796 1520 1832 istae
1561 1805 1679 1844 supra
1707 1794 1847 1847 diapa-

55 1861 141 1898 son,
172 1851 288 1889 tertia
316 1855 481 1900 utraque
520 1856 557 1889 et
589 1851 850 1900 diatessarum
893 1851 1045 1892 illarum
1085 1852 1242 1902 quidem
1283 1851 1467 1890 alterutra
1512 1863 1581 1902 per
1618 1854 1845 1902 tensionem,

57 1919 157 1957 quae
187 1907 308 1946 habet
338 1907 633 1958 amplitudinem
661 1909 857 1962 reliquae,
887 1910 984 1950 haec
1015 1922 1107 1949 vero
1138 1922 1207 1960 per
1238 1909 1531 1959 amplitudinem
1561 1911 1644 1948 toni
1673 1912 1845 1961 majoris.

55 1965 307 2005 Diatessaron
337 1968 438 2005 enim
470 1969 542 2005 erit
572 1979 648 2006 non
678 1973 828 2007 tantum
858 1980 883 2006 a
915 1967 949 2007 G
980 1969 1136 2007 Saturni
1168 1971 1206 2006 in
1237 1980 1279 2006 cc
1306 1967 1441 2015 Jovis,
1478 1967 1548 2006 sed
1580 1970 1696 2008 etiam
1726 1971 1777 2008 ab
1807 1971 1845 2008 A

54 2023 212 2062 Saturni
241 2025 281 2062 in
311 2023 367 2062 dd
384 2023 498 2063 Jovis
527 2030 566 2063 ct
595 2037 663 2076 per
692 2026 918 2065 intermedia
948 2028 1079 2065 omnia
1107 2028 1205 2065 inter
1223 2025 1270 2074 G,
1301 2028 1338 2063 A
1368 2026 1472 2064 illius
1493 2031 1532 2064 et
1552 2038 1604 2074 cc,
1635 2026 1690 2065 dd
1714 2027 1845 2078 hujus.

0 2081 21 2133 ’ἐςΔ
46 2081 259 2131 ,Diapason
302 2093 395 2120 vero
435 2088 476 2120 et
517 2082 698 2133 diapente
738 2085 776 2121 in
813 2085 908 2123 solis
937 2085 1117 2135 apsidum
1146 2085 1299 2135 punctis
1336 2085 1535 2134 contingit.
1594 2084 1701 2123 Mars
1738 2097 1844 2135 vero,

55 2139 182 2189 majus
209 2145 346 2179 nactus
375 2140 622 2179 intervallum
651 2143 860 2192 proprium,
894 2142 968 2181 hoc
998 2144 1184 2190 obtinuit,
1215 2149 1259 2181 ut
1289 2143 1404 2181 etiam
1437 2142 1625 2192 diapason
1657 2154 1744 2182 cum
1774 2155 1843 2183 su-

14 2192 30 2248 J,
53 2196 271 2247 perietibus
305 2208 374 2246 per
402 2198 571 2253 aliquam
603 2201 790 2238 tensionis
818 2201 1113 2250 amplitudinem
1143 2171 1272 2239 faciat.
1332 2200 1545 2238 Mercurius
1587 2205 1736 2238 tantum
1769 2202 1843 2240 ob-

6 2255 31 2303 {j}
55 2256 171 2292 tinuit
199 2254 467 2303 intervallum,
509 2262 552 2294 ut
588 2257 813 2307 plerumque
856 2270 988 2307 omnes
1032 2259 1253 2298 harmonias
1299 2270 1385 2296 cum
1425 2258 1603 2296 omnibus
1633 2260 1843 2298 constituat

22 2313 159 2373 3intra
194 2323 311 2350 unam
351 2313 551 2362 periodum
589 2327 719 2363 suam,
763 2328 862 2365 quae
902 2328 978 2356 non
1017 2314 1203 2366 prolixior
1240 2322 1297 2355 est
1337 2318 1450 2354 trium
1481 2317 1670 2354 mensium
1699 2318 1838 2365 spatio.

19 2345 37 2417 f}
56 2368 192 2408 Tellus
221 2382 242 2408 e
273 2376 406 2408 contra
434 2371 646 2423 Venusque
675 2374 797 2412 multo
828 2376 952 2424 magis
982 2376 1162 2424 angustia
1190 2376 1431 2424 propriorum
1460 2373 1749 2412 intervallorum
1778 2386 1843 2414 re-

20 2420 249 2477 {stringunt
279 2427 499 2468 harmonias
529 2442 620 2468 suas
651 2443 727 2468 non
758 2437 908 2470 tantum
939 2444 1025 2470 cum
1057 2434 1212 2480 ceteris,
1255 2432 1324 2469 sed
1355 2433 1519 2468 maxime
1550 2432 1648 2469 inter
1676 2443 1719 2470 se
1749 2444 1856 2472 mu-,

19 2469 158 2551 ἔξω,
188 2485 239 2523 ad
269 2487 503 2536 paucitatem
532 2489 797 2537 spectabilem.
860 2489 1010 2538 Quodsi
1041 2496 1117 2528 tres
1148 2491 1186 2527 in
1217 2501 1334 2527 unam
1354 2489 1593 2528 harmoniam
1624 2491 1843 2539 conspirare

21 2542 248 2589 qdebeant,
291 2543 434 2581 multae
474 2545 629 2594 quidem
658 2548 764 2585 vices
805 2553 894 2585 sunt
931 2547 1229 2597 exspectandae,
1269 2547 1415 2585 multae
1455 2553 1582 2585 tamen
1618 2546 1843 2588 harmoniae

20 2604 49 2618 ’·
81 2604 167 2647 unt,
209 2605 253 2638 ut
292 2603 346 2639 ita
373 2606 481 2639 tanto
516 2600 667 2642 facilius
706 2607 948 2655 contingant,
991 2606 1080 2643 dum
1112 2607 1277 2644 vicinam
1308 2616 1419 2643 suam
1458 2606 1635 2654 proxima
1663 2617 1842 2656 quaeque

60 2659 213 2707 excipit,
246 2658 501 2707 videnturque
530 2660 629 2701 inter
657 2661 834 2710 Martem,
864 2662 1060 2702 Tellurem
1089 2669 1127 2701 et
1156 2663 1389 2702 Mercurium
1418 2662 1586 2713 triplices
1619 2665 1843 2714 contingere

23 2752 31 2761 ,
70 2762 75 2768 .
128 2716 313 2765 piuscule.
373 2715 548 2764 Quatuor
578 2729 669 2756 vero
698 2720 940 2769 planetarum
968 2721 1192 2760 harmoniae
1218 2722 1300 2770 jam
1330 2722 1516 2771 incipiunt
1546 2722 1676 2770 spargi
1705 2723 1744 2758 in
1776 2734 1841 2761 se-

22 2784 29 2828 j
41 2771 166 2831 cula,
199 2775 369 2823 quinque
399 2774 641 2823 planetarum
671 2778 709 2813 in
740 2778 936 2834 myriadas
966 2791 1164 2818 annorum.
1227 2776 1279 2817 Ut
1302 2789 1393 2816 vero
1424 2790 1493 2816 sex
1513 2789 1646 2816 omnes
1676 2789 1843 2819 consen-

90 2904 93 2906 “
161 2901 193 2934 ⁴)
211 2901 298 2927 Διιιιο
314 2901 457 2933 flagitium
475 2901 584 2932 fecero,
604 2901 631 2926 si
649 2907 667 2926 a
684 2901 811 2933 singulis
829 2901 917 2936 hujus
934 2904 1044 2929 aetatis
1063 2903 1258 2935 componistis
1276 2902 1464 2928 artificiosam
1483 2902 1612 2934 aliquam
1628 2905 1768 2930 motatum
1786 2910 1840 2938 pro

44 2935 66 2971 J
108 2951 114 2956 -
132 2936 231 2968 slofflo
249 2935 387 2967 exigam?
422 2937 551 2962 'textum
569 2936 626 2961 huc
642 2938 743 2967 aptum
761 2937 881 2963 Psaltes
898 2937 1011 2968 Regius
1029 2939 1179 2970 ceterique
1199 2937 1282 2963 Sacri
1302 2937 1367 2962 libri
1388 2937 1578 2968 suppeditare
1596 2939 1746 2970 poterunt.
1781 2940 1838 2967 Ve-

28 2978 79 3002 ·».
95 2981 116 2991 ι·
142 2971 216 2997 heus
235 2978 272 2996 vo
255 2977 299 3001 o,s
317 2971 348 2996 in
367 2971 449 2998 coelo
467 2972 519 3003 plu
502 2978 569 2996 ures
589 2978 627 3003 qu
629 2978 674 2996 am
692 2977 746 2997 sex
764 2977 822 2997 nou
840 2972 1027 2998 concordant.
1065 2973 1108 2997 Na
1092 2980 1136 2998 arn
1155 2973 1239 2997 Luna
1266 2972 1389 2997 seorsim
1426 2978 1490 2996 uam
1508 2972 1671 2998 monodiam
1689 2974 1837 3007 cantillat,

38 3007 51 3019 ἰ
99 3020 108 3024 -«
148 3012 163 3030 ι
181 3007 213 3031 nt
233 3005 317 3030 cunis
335 3005 482 3031 assidens.
520 3005 658 3031 Conferte
685 3005 844 3036 1³,ymbolns
864 3013 937 3038 ego,
965 3010 998 3032 ut
1017 3007 1094 3033 liber
1112 3007 1148 3032 fia
1149 3010 1176 3037 t,
1208 3014 1261 3032 sex
1286 3014 1323 3038 pa
1306 3007 1362 3031 arti
1365 3007 1419 3031 bus
1461 3010 1543 3032 uroat
1527 3014 1606 3032 orem
1628 3015 1675 3034 ms
1702 3009 1838 3037 sedulum

43 3057 46 3059 -
63 3063 65 3065 ,
111 3051 125 3060 ·=
161 3047 213 3066 -·r.
249 3040 306 3070 Qui
297 3040 446 3072 :proprus
460 3041 602 3066 muniam
619 3040 779 3067 coelestem
797 3025 942 3072 exprimet
961 3041 1016 3068 hoe
1034 3049 1124 3075 opere
1143 3042 1331 3075 descriptam,
1353 3041 1420 3066 bule
1431 3041 1495 3068 clio
1515 3044 1637 3075 sertum,
1657 3043 1768 3076 Uranie
1779 3044 1836 3072 Vo-

34 3062 161 3101 inum
177 3082 315 3109 sponsam
331 3074 486 3109 sponda-t.
