1994 3276
162 58 246 108 1100
330 58 336 62 ’
841 64 1037 102 Ptolemaei
1059 65 1265 104 Harmonia.
1319 64 1325 77 ³

486 152 491 172 l
856 161 875 174 s

162 185 332 223 varietas
362 189 537 222 motuum
567 184 605 220 in
636 182 805 233 planetis
837 185 1012 235 singulis,
1051 197 1129 224 non
1158 191 1288 237 potest
1317 188 1393 226 nisi
1425 189 1532 228 varia
1562 194 1601 228 et
1630 189 1832 241 multiplex
1867 189 1949 229 fieri

160 244 454 294 proportionum
493 243 591 279 inter
622 253 688 280 eos
720 242 978 282 consideratio
1019 249 1057 282 et
1085 244 1231 284 laboris
1261 256 1338 284 non
1369 247 1528 285 minimi.
1587 247 1690 287 Sunt
1728 249 1830 288 enim
1858 248 1948 299 pla-

163 302 263 340 netis
295 302 476 340 omnibus
516 301 575 338 sui
609 299 912 353 eccentrici111)‚
955 313 1118 352 quorum
1159 303 1224 342 vel
1253 304 1425 343 solorum
1468 317 1587 344 causa
1625 307 1681 344 illi
1722 306 1820 345 fiunt
1847 306 1948 345 tardi

162 360 225 398 vel
257 360 435 408 veloces;
467 363 557 397 sunt
587 364 625 397 et
655 359 840 410 epicycli,
884 361 951 409 qui
982 372 1059 398 non
1088 366 1237 400 tantum
1268 363 1482 402 velociores
1513 363 1601 402 illos
1630 369 1795 414 possunt
1822 365 1947 404 facere

163 430 280 468 quam
310 418 560 465 eccentricus,
590 416 659 455 sed
690 421 728 456 et
749 417 864 466 plane
880 420 1140 468 stationarios,
1173 426 1240 458 aut
1262 422 1378 459 etiam
1400 422 1641 471 retrogrados
1657 421 1731 472 IV).
1768 422 1816 460 In
1836 422 1949 461 Luna

161 483 199 515 et
229 476 420 515 Mercurio
461 480 668 526 apparatus
710 475 838 515 adbuc
868 476 1116 526 multiplicior
1146 483 1204 516 est
1218 476 1273 529 V).
1331 479 1409 518 Sed
1451 480 1622 530 generali
1653 481 1844 520 divisione
1881 487 1948 520 aut

160 540 288 573 motus
319 535 620 573 eccentricorum
650 534 810 572 seorsim
841 534 1086 578 considerari
1105 543 1280 585 possunt,
1312 543 1381 576 aut
1410 543 1539 577 motus
1560 539 1820 590 epicyclorum
1840 551 1949 584 seor-

160 595 245 642 sim,
278 593 401 633 veluti
432 592 538 640 nudi,
571 597 610 631 et
638 595 835 642 proportio
868 593 1004 631 horum
1042 593 1093 632 ad
1122 594 1212 633 illos
1249 596 1289 632 in
1317 596 1485 646 planetis
1516 597 1698 647 singulis,
1731 603 1807 636 «aut
1838 597 1950 637 deni-

161 664 237 702 que
269 652 472 703 compositi
503 656 631 689 motus
661 652 850 701 cujusque
883 663 929 690 ex
961 657 1068 690 motu
1099 655 1312 692 eccentrico
1340 659 1378 693 et
1398 653 1620 706 epicyclico.
1683 655 1810 694 Primo
1831 655 1948 694 modo

162 716 291 749 motus
320 710 563 760 planetarum
605 711 703 748 inter
733 721 774 748 se
806 709 915 748 relati
958 714 1120 761 possunt
1151 714 1366 762 comparari
1405 715 1511 751 sonis
1547 714 1851 752 consonantibus
1881 714 1947 753 vel

161 769 475 817 dissonantibus,
510 767 682 806 secundo
713 767 827 806 modo
866 769 1046 819 planetae
1077 770 1222 819 singuli
1252 771 1496 809 invenientur
1526 771 1668 811 habere
1713 771 1864 822 aliquid
1893 774 1949 810 si-

160 827 250 866 mile
281 838 465 878 generum
495 831 653 875 cantus;
684 828 818 865 tertius
848 827 1010 875 modus,
1043 829 1187 879 quippe
1219 830 1527 879 appetitionibus
1556 836 1766 883 cognatus,
1799 842 1949 869 rursum

162 886 277 924 infert
307 885 635 935 comparationem
665 885 904 935 singulorum
945 897 1031 924 cum
1062 886 1318 926 tetrachordis
1355 892 1393 926 et
1423 890 1526 927 tonis
1570 887 1837 938 disjunctivis,
1878 900 1949 928 nec

162 946 288 982 minus
319 949 358 982 et
388 955 475 982 cum
505 945 782 982 consonantiis.

182 1003 186 1007 ⁴
278 1002 408 1040 Prima
445 1002 562 1052 igitur
603 1006 641 1039 et
680 952 1022 1053 principalissima
1046 1004 1284 1070 comparatio
1326 989 1378 1042 sit
1415 1010 1591 1062 motuum
1634 1006 1948 1044 eccentricorum.

162 1062 233 1100 Est
263 1065 393 1099 autem
423 1060 520 1098 haec
550 1061 635 1109 ipsa
666 1071 822 1110 quoque
852 1062 1027 1110 gemina3
1069 1061 1132 1099 vel
1164 1062 1264 1099 enirn
1294 1067 1423 1101 motus
1461 1064 1560 1102 inter
1589 1074 1629 1102 se
1660 1063 1777 1102 medii
1815 1065 1950 1113 singu-

161 1120 286 1158 lorum
318 1124 600 1168 comparantur,
635 1118 695 1157 vel
727 1119 940 1157 velociores
973 1130 1060 1157 cum
1079 1119 1314 1158 tardioribus
1344 1122 1382 1158 in
1405 1121 1581 1174 singulis,
1612 1127 1651 1160 et
1671 1121 1813 1172 singuli
1834 1123 1947 1159 unius

163 1190 248 1217 cum
279 1177 442 1228 singulis
473 1177 719 1243 reliquorum.
780 1177 851 1215 Est
891 1178 1007 1227 igitur
1047 1177 1261 1216 mediorum
1295 1185 1481 1218 motuum
1503 1179 1759 1219 consideratio
1790 1181 1946 1230 propria

161 1237 277 1286 hujus
307 1236 404 1284 loci,
444 1240 506 1283 ut,
549 1235 642 1284 quia
670 1236 844 1285 proxime
883 1235 930 1274 de
961 1237 1093 1285 primis
1125 1236 1371 1287 planetarum
1402 1237 1576 1288 sphaeris
1608 1239 1776 1289 egimus,
1817 1243 1945 1277 motus

162 1297 280 1334 etiam
310 1294 397 1333 illos
424 1294 506 1343 jam
537 1293 807 1344 producamus,
839 1295 905 1343 qui
935 1295 1066 1345 primis
1097 1294 1174 1332 illis
1205 1295 1380 1345 sphaeris
1410 1298 1532 1346 primo
1569 1301 1608 1335 et
1638 1308 1704 1347 per
1734 1308 1775 1335 se
1806 1298 1948 1334 insunt.

161 1353 248 1392 Hae
270 1352 393 1403 ‘igitur
422 1353 691 1402 proportiones
722 1352 835 1391 facile
877 1354 1046 1390 numeris
1076 1354 1355 1402 exprimuntur,
1401 1357 1492 1404 quia
1533 1354 1745 1393 mediorum
1775 1362 1950 1393 motuum

161 1413 360 1462 proportio
396 1410 517 1449 veluti
550 1411 621 1448 sub
653 1411 834 1460 signifero
866 1411 1008 1448 circulo
1040 1410 1174 1449 eadem
1195 1417 1254 1449 est
1285 1424 1372 1450 cum
1392 1415 1640 1463 proportione
1662 1424 1800 1452 eversa
1820 1414 1950 1463 perio·-

162 1470 311 1511 dorum,
380 1467 433 1508 Ut
470 1470 563 1518 quia
601 1468 758 1507 Saturni
789 1468 971 1520 periodus
1012 1474 1070 1507 est
1107 1469 1156 1506 ad
1187 1469 1302 1508 Jovis
1333 1471 1535 1520 periodum
1575 1473 1675 1510 sicut
1705 1472 1759 1509 30
1800 1470 1851 1508 ad
1882 1472 1948 1519 12,

161 1540 280 1579 quare
313 1529 396 1567 vice
427 1538 542 1565 versa
571 1526 775 1566 Saturniae
814 1527 1003 1578 sphaerae
1045 1533 1173 1565 motus
1213 1528 1285 1566 sub
1316 1528 1402 1568 fixis
1442 1534 1502 1575 est
1541 1529 1591 1568 ad
1622 1528 1765 1568 Joviae
1805 1536 1951 1568 motum

159 1593 204 1626 ut
236 1589 285 1625 12
319 1586 368 1624 ad
401 1586 454 1624 30
467 1582 545 1638 Vl).

274 1644 363 1684 Hoc
393 1645 524 1694 itaque
555 1649 671 1693 pacto
703 1648 762 1682 est
792 1644 891 1682 inter
921 1648 1050 1682 motus
1081 1642 1238 1684 Saturni
1269 1649 1307 1682 et
1326 1643 1440 1683 Jovis
1473 1646 1685 1695 proportio,
1718 1655 1818 1695 quae
1849 1645 1948 1682 inter

163 1703 187 1742 5
221 1707 259 1742 et
290 1705 313 1742 2
346 1703 437 1751 fere,
469 1704 566 1740 inter
597 1701 753 1740 Saturni
785 1707 823 1740 et
850 1701 1011 1749 Martis,
1056 1713 1156 1751 quae
1188 1703 1285 1740 inter
1319 1705 1369 1741 16
1401 1708 1440 1742 et
1474 1705 1492 1741 l
1526 1703 1590 1742 vel
1630 1704 1682 1741 47
1724 1708 1763 1742 et
1793 1704 1817 1741 3
1843 1703 1974 1755 ἴθι-ες,

160 1764 260 1801 inter
292 1761 447 1801 Saturni
481 1767 518 1799 et
550 1760 672 1808 Solis,
717 1760 881 1798 Veneris
913 1766 951 1799 et
980 1759 1174 1808 Mercurii,
1207 1772 1307 1810 quae
1340 1762 1394 1799 30
1426 1761 1474 1799 ad
1512 1764 1556 1810 13
1595 1762 1695 1800 inter
1725 1761 1881 1800 Saturni
1911 1765 1949 1799 et

161 1820 309 1869 Lunae,
343 1831 446 1870 quae
478 1821 560 1858 364
593 1819 642 1857 ad
677 1820 712 1857 1.
773 1817 838 1857 Sic
868 1821 966 1857 inter
996 1818 1111 1857 Jovis
1152 1824 1190 1857 et
1219 1818 1375 1865 Martis,
1418 1831 1518 1869 quae
1548 1821 1647 1858 inter
1678 1821 1702 1858 6
1735 1824 1773 1858 et
1808 1821 1848 1868 1,
1885 1818 1949 1856 vel

161 1879 261 1917 inter
296 1879 346 1916 19
380 1883 419 1917 et
449 1878 472 1915 3
505 1878 684 1928 propius3
715 1879 814 1915 inter
844 1876 961 1915 Jovis
993 1881 1031 1915 et
1060 1876 1183 1925 Solis,
1215 1877 1380 1916 Veneris
1413 1883 1450 1916 et
1481 1877 1680 1926 Mercurii,
1719 1889 1819 1927 quae
1850 1878 1948 1915 inter

161 1938 211 1975 12
246 1942 284 1975 et
326 1938 345 1974 1
393 1935 455 1974 vel
499 1937 596 1974 inter
631 1936 710 1973 107
746 1941 783 1973 et
815 1936 852 1973 9.
914 1935 1019 1974 Inter
1048 1934 1166 1973 Jovis
1197 1939 1236 1974 et
1266 1935 1420 1983 Lunae,
1458 1947 1558 1985 quae
1594 1937 1693 1974 inter
1726 1937 1804 1974 147
1838 1939 1876 1974 et
1910 1937 1945 1972 1.

161 1994 268 2033 Inter
305 1994 443 2032 Martis
486 1998 524 2032 et
561 1993 684 2041 Solis,
729 1993 889 2031 Veneris
931 1997 970 2031 et
999 1992 1204 2041 Mercurii,
1243 2005 1343 2043 quae
1382 1995 1481 2032 inter
1512 1994 1593 2031 916
1632 1998 1671 2032 et
1701 1994 1808 2043 4873
1850 1995 1947 2031 inter

161 2052 298 2091 Martis
331 2056 370 2091 et
400 2051 554 2099 Lunae,
587 2063 687 2101 quae
718 2052 815 2090 inter
847 2053 897 2088 27
931 2056 970 2090 et
1003 2053 1020 2088 1
1057 2051 1119 2089 vel
1153 2051 1205 2090 80
1237 2057 1276 2090 et
1308 2053 1344 2089 3.
1404 2052 1510 2090 Inter
1537 2050 1659 2100 Solis,
1691 2051 1853 2121 Veneris
1884 2050 1946 2089 vel

161 2111 366 2159 Mercurii,
398 2115 436 2148 et
466 2111 564 2148 inter
593 2109 750 2157 Lunae,
783 2120 883 2159 quae
919 2110 968 2147 12
1001 2109 1051 2147 ad
1086 2111 1104 2146 1
1140 2109 1203 2147 vel
1235 2111 1317 2147 235
1349 2108 1399 2148 ad
1434 2111 1497 2147 19.

275 2169 411 2218 Neque
451 2169 650 2218 praeteriri
690 2167 806 2206 debet
835 2178 906 2205 nec
935 2167 1028 2214 hoc,
1071 2167 1176 2216 quod
1206 2168 1306 2205 sicut
1345 2168 1383 2204 in
1418 2173 1630 2217 systemate
1667 2169 1814 2208 musico
1846 2163 1944 2205 duae

163 2227 329 2266 chordae
370 2226 546 2265 diversae
589 2227 775 2264 crassitiei
812 2223 916 2263 tendi
956 2230 1119 2274 possunt
1158 2226 1197 2261 in
1231 2235 1350 2263 unum
1386 2227 1576 2274 sonitum,
1623 2238 1751 2264 crassa
1791 2224 1944 2275 quidem

161 2287 379 2333 remissius,
411 2284 565 2334 gracilis
598 2295 689 2322 vero
721 2283 874 2332 durius,
905 2282 1087 2321 methodo
1120 2282 1208 2331 illa,
1249 2295 1328 2332 qua
1368 2282 1569 2322 docuimus
1608 2284 1706 2323 libro
1736 2283 1789 2323 ΙΙ.
1821 2285 1945 2333 gemi-

161 2348 253 2382 nata
292 2342 543 2390 monochordi
584 2342 846 2393 applicatione
883 2346 1054 2391 systema
1084 2342 1293 2389 instruere,
1336 2343 1391 2380 sic
1436 2343 1552 2380 etiam
1596 2344 1634 2379 in
1678 2341 1821 2379 mundo
1868 2347 1945 2380 tres

162 2402 386 2451 inaequales
428 2401 640 2451 sphaerae,
682 2400 785 2439 Solis
823 2400 1010 2447 maxima,
1050 2398 1210 2437 Veneris
1252 2399 1400 2447 media,
1442 2399 1623 2439 Mercurii
1655 2400 1942 2449 angustissima,

162 2465 308 2499 motum
348 2471 467 2498 unum
512 2460 585 2498 sub
626 2458 788 2497 zodiaco
828 2457 1105 2508 periodumque
1149 2459 1301 2496 unicam
1343 2460 1524 2507 temporis
1564 2464 1654 2497 sunt
1684 2455 1944 2506 sortitaeVss).

162 2517 311 2568 Quodsi
335 2518 419 2568 jam
449 2518 682 2557 accesserint
711 2516 762 2554 ad
792 2516 863 2554 hos
893 2514 1041 2554 medios
1072 2520 1199 2554 motus
1233 2516 1438 2554 intervalla
1467 2516 1705 2566 singulorum
1736 2517 1834 2554 inter
1864 2520 1946 2554 tar—

163 2576 322 2615 ditatem
352 2578 391 2613 in
422 2587 599 2626 apogaeo
631 2574 835 2614 eccentrici
874 2578 912 2612 et
941 2573 1186 2612 velocitatem
1225 2575 1263 2610 in
1293 2575 1499 2626 perigaeo,
1537 2574 1649 2613 facile
1679 2579 1808 2625 patet,
1848 2575 1946 2614 inter

162 2635 274 2673 binos
310 2634 488 2684 planetas
525 2645 641 2683 posse
684 2633 848 2671 existere
889 2632 1157 2681 proportiones
1199 2631 1296 2670 alias
1334 2637 1451 2681 atque
1481 2632 1592 2672 alias.
1652 2632 1806 2673 Mutata
1844 2633 1944 2670 enim

96 2686 101 2691 ’
162 2695 274 2730 unius
307 2692 539 2739 velocitate,
579 2696 621 2729 ut
653 2691 834 2736 termino,
877 2694 1056 2727 manente
1087 2688 1256 2738 reliquo,
1298 2693 1584 2740 proportionem
1615 2691 1755 2728 mutari
1785 2701 1942 2728 necesse

162 2755 220 2789 est
259 2756 369 2789 tanta
411 2762 481 2800 per
520 2748 693 2799 singulos
733 2747 954 2787 accessione
992 2745 1055 2785 vel
1095 2748 1377 2796 subtractione,
1425 2754 1608 2798 quantam
1640 2748 1711 2787 fert
1756 2748 1942 2797 cujusque

163 2810 438 2847 eccentricitas.
501 2808 764 2846 Veruntamen
800 2816 876 2844 non
914 2804 987 2842 soli
1019 2807 1221 2844 eccentrici
1260 2804 1548 2856 (praeterquam
1589 2808 1629 2843 in
1658 2805 1942 2852 luminaribus),

164 2865 232 2905 sed
265 2867 381 2906 etiam
413 2865 578 2917 epicycli
607 2867 769 2903 incitant
799 2862 861 2901 vel
892 2861 1094 2900 debilitant
1124 2867 1264 2901 motus.
1325 2864 1461 2913 Itaque
1482 2864 1578 2902 haec
1597 2876 1686 2914 pars
1707 2864 1817 2913 primi
1840 2861 1943 2900 modi

164 2935 365 2963 commune
405 2923 497 2973 quid
534 2924 652 2962 habet
689 2934 776 2961 cum
813 2919 930 2959 modo
972 2921 1098 2958 tertio.
1158 2921 1416 2960 'Transeamus
1459 2933 1560 2960 nunc
1598 2922 1646 2960 ad
1688 2919 1943 2971 epicyclorum

164 2982 521 3031 considerationem,
554 2993 653 3032 quae
684 2990 842 3018 numero
873 2977 1043 3016 secunda
1073 2978 1155 3016 fuit.
1216 2979 1325 3018 Haec
1357 2981 1456 3019 enim
1481 2980 1675 3029 peculiare
1707 2983 1745 3016 et
1774 2977 1944 3016 insolens

164 3038 312 3088 aliquid
342 3039 472 3079 habet.
533 3040 578 3077 In
609 3038 794 3090 epicyclis
826 3037 926 3076 enim
957 3037 1054 3074 ratio
1086 3041 1259 3075 motuum
1298 3043 1357 3075 est
1387 3039 1577 3076 contraria
1607 3036 1774 3075 motibus
1806 3047 1944 3075 eccen-
