1994 3276
696 102 1160 149 ἸΣίιῆιαῑῦιιιιιιῐὶδ
1248 108 1250 110 ’
1324 109 1329 120 ’
1762 105 1844 146 so!

172 221 303 273 Quam
330 222 555 273 methodum
585 223 676 262 dnm
718 233 788 272 per
815 222 1002 261 usitatam
1031 218 1240 272 geometris
1268 219 1529 260 stoecheiosin
1558 221 1597 259 in
1627 220 1760 260 lucem
1785 221 1849 259 in-

59 280 238 320 tellectus
263 280 423 320 humani
452 281 622 331 proferre
650 281 771 329 nitor,
817 281 951 319 faveat
984 280 1130 318 Auctor
1158 281 1241 330 ipse
1272 279 1468 319 coelorum
1482 306 1493 327 ,
1526 278 1643 318 Pater
1671 277 1850 318 intellec-

59 345 181 387 tuum,
210 336 393 389 Largitur
420 349 601 378 sensuum
631 338 862 383 mortalium,
895 340 979 389 ipse
1007 337 1238 377 immortalis
1267 343 1307 376 et
1332 337 1692 388 superbenedietns,
1723 337 1850 388 impe-

61 396 233 447 diatque,
261 408 310 435 ne
339 396 435 448 quid
464 397 663 447 indignum
695 397 816 447 ipsius
846 396 1056 446 MaJestate
1089 396 1136 436 de
1166 395 1244 435 hoc
1274 406 1390 446 opere
1419 406 1492 434 sno
1521 400 1680 434 nostrae
1706 396 1849 433 mentis

60 454 243 495 tenebrae
272 456 479 505 proferant,
511 454 742 505 efficiatque,
771 459 816 493 ut
844 454 1123 505 perfectionem
1152 455 1277 505 ipsius
1307 465 1467 504 operum
1495 455 1703 492 sanctitate
1730 454 1850 502 vitae,

60 512 111 552 ad
140 524 257 563 quam
286 513 492 553 ecclesiam
521 524 634 552 suam
661 513 701 550 in
721 511 849 551 Terris
877 511 997 562 elegit
1026 519 1065 551 et
1085 513 1274 562 sanguine
1294 511 1364 550 filii
1392 513 1453 551 sni
1483 522 1510 561 a
1532 512 1706 562 peccatis
1733 522 1850 550 mun-

61 570 181 625 davit,
213 581 287 623 ope
317 570 482 622 Spiritus
513 573 574 610 sui
603 571 729 610 saneti
756 581 829 609 nos
858 570 934 609 Dei
962 571 1178 609 imitatores
1210 569 1465 617 aemulemur,
1496 569 1631 620 procul
1659 569 1851 609 habentes

61 639 195 668 omnes
213 626 471 668 dissonantias
493 629 792 676 inimicitiarum,
824 639 959 667 omnes
978 630 1257 677 contentiones,
1288 627 1583 676 aemulationes,
1611 629 1703 677 iras,
1733 629 1851 674 rixas,

61 686 333 735 dissensiones,
362 692 502 735 sectas,
534 686 734 734 invidiam,
764 688 1072 737 provocationes,
1105 681 1337 725 irritationes
1365 697 1434 737 per
1456 685 1616 726 dicteria
1647 690 1853 736 ceteraque

61 745 186 787 carnis
215 757 356 795 opera;
387 745 493 796 quod
520 756 672 785 mecum
703 755 849 792 omnes,
881 744 948 794 qui
977 746 1156 795 spiritum
1187 744 1330 784 Christi
1361 744 1518 792 habent,
1550 756 1628 783 non
1662 744 1869 795 optabunt·

61 809 224 851 tantum,
252 803 322 842 sed
351 809 392 843 et
419 804 533 843 sactis
563 804 774 854 exprimere
803 804 1127 852 vocationemque
1157 815 1268 842 suam
1299 809 1442 842 certam
1472 803 1598 842 facere
1628 802 1852 850 studebunt,

60 861 199 912 spretis
229 861 407 901 omnibus
437 864 609 901 omnium
640 862 806 912 partium
835 862 968 910 pravis
997 861 1180 909 moribus,
1211 861 1375 901 obtentu
1404 861 1480 900 zeli
1509 867 1579 900 aut
1608 862 1751 901 amoris
1781 872 1853 900 ve·

61 920 187 959 ritatis
231 925 299 959 aut
328 919 534 970 singularis
578 919 806 958 eruditionis
835 918 1103 958 modestiaeve
1141 930 1233 969 erga
1270 921 1534 959 contentiosos
1569 924 1853 970 praeceptores,

62 976 192 1015 aliove
221 988 452 1028 quocunque
483 979 660 1027 specioso
691 981 895 1027 praetextu
926 976 1065 1016 velatis
1105 982 1142 1015 et
1172 978 1324 1018 fucatis.
1383 977 1501 1016 Pater
1539 982 1695 1025 sancte,
1740 988 1855 1016 serva

62 1046 133 1075 nos
163 1035 203 1073 in
233 1038 489 1075 consonantia
518 1035 736 1075 dilectionis
766 1039 946 1082 mutuae,
978 1040 1022 1073 nt
1051 1036 1172 1074 simus
1203 1047 1343 1084 unum,
1381 1037 1483 1074 sicut
1512 1040 1552 1074 et
1581 1040 1624 1074 tu
1654 1046 1742 1074 cum
1771 1034 1853 1073 filio

62 1099 152 1141 tuo,
193 1093 363 1133 Domino
393 1099 547 1142 nostro,
588 1100 627 1132 et
658 1093 804 1144 Spiritu
834 1098 968 1132 sancto
999 1104 1119 1132 unum
1157 1105 1226 1142 es,
1268 1099 1308 1133 et
1345 1094 1448 1132 sicut
1477 1094 1608 1132 omnia
1638 1105 1757 1144 opera
1788 1099 1854 1132 tua

60 1162 131 1201 per
158 1153 392 1190 suavissima
416 1153 760 1190 'consonantiarum
791 1151 948 1190 vincula
978 1163 1098 1190 unum
1127 1152 1270 1201 fecisti3
1310 1156 1350 1191 et
1386 1156 1431 1190 nt
1460 1163 1508 1191 ex
1538 1151 1698 1191 reducta
1726 1154 1855 1202 gentis

61 1213 152 1247 tuae
182 1210 390 1249 eoncordia
418 1211 474 1248 sic
504 1209 727 1248 aedificetur
756 1220 895 1259 corpus
924 1209 1112 1249 ecclesiae
1142 1214 1233 1250 tuae
1263 1211 1304 1247 in
1332 1209 1394 1248 his
1414 1209 1556 1260 Terris,
1586 1211 1702 1250 sicuti
1731 1214 1775 1248 tu
1807 1221 1852 1248 ex

62 1271 274 1311 harmoniis
303 1268 464 1309 eoelum
499 1270 623 1319 ipsum
655 1268 869 1307 extruxisti.

696 1368 952 1411 Rationes
990 1373 1216 1421 priores.

179 1468 388 1507 Axioma
417 1465 448 1504 I.
508 1466 820 1504 Consentaneum
851 1469 930 1513 est,
961 1466 1182 1515 ubicunque
1214 1468 1371 1505 omnino
1402 1465 1484 1505 fieri
1513 1466 1665 1516 potuit,
1697 1465 1856 1504 harmo-

60 1529 146 1566 nias
175 1529 274 1565 inter
303 1529 474 1564 extrema
503 1528 678 1562 motuum
718 1529 798 1561 tam
828 1523 1070 1572 singulorum
1100 1535 1218 1573 quam
1260 1526 1438 1563 binorum
1474 1524 1722 1574 planetarum
1760 1535 1856 1563 con-

59 1586 167 1625 stitui
195 1584 376 1623 debuisse
406 1582 640 1627 omnifarias,
672 1585 716 1619 ut
745 1582 913 1620 varietas
943 1583 1020 1620 ista
1046 1582 1235 1621 mundum
1263 1587 1479 1622 exornaret.

178 1643 387 1680 Axioma
416 1640 468 1678 11.
529 1638 740 1677 Intervalla
769 1640 942 1688 quinque
972 1640 1124 1678 orbium
1154 1652 1223 1679 sex
1252 1642 1423 1691 oportuit
1453 1639 1719 1690 magnitudine
1749 1652 1863 1696 qua-

2 1716 6 1726 *
62 1696 268 1740 da'mtenus
295 1697 527 1749 respondere
556 1698 794 1748 proportioni
838 1698 990 1735 orbium
1029 1700 1373 1747 geometricorum,
1412 1700 1480 1748 qui
1519 1698 1652 1748 figuris
1683 1700 1855 1749 quinque

60 1758 303 1827 regularibus
338 1755 474 1795 solidis
509 1756 682 1804 inscripti
720 1760 811 1792 sunt
851 1760 890 1793 et
926 1756 1225 1806 circumscripti3
1263 1756 1381 1806 idque
1418 1756 1553 1796 ordine
1590 1756 1748 1805 eodem,
1790 1758 1856 1806 qui

61 1817 195 1868 figuris
223 1816 320 1866 ipsis
347 1813 534 1853 naturalis
564 1817 634 1852 est
714 1848 723 1854 ,

177 1872 233 1907 De
254 1871 325 1906 hoc
348 1868 430 1905 vide
454 1866 869 1913 eap.1.etMyste1-ium
887 1867 1227 1913 cosmographicum
1250 1873 1288 1904 et
1312 1868 1499 1913 Epitomes
1515 1868 1660 1905 Astron.
1691 1867 1754 1905 lib.
1770 1868 1834 1905 IV.

174 1930 476 1982 Propositio
506 1927 580 1966 III.
640 1913 745 1966 I⁸nter
774 1927 970 1967 Tellurem
1010 1934 1048 1967 et
1087 1929 1276 1979 Martem,
1321 1928 1563 1980 eandemque
1599 1934 1638 1968 et
1666 1928 1858 1968 Venerem

0 1987 11 1994 ”
62 1989 271 2030 intervalla
301 1988 517 2027 debuerunt
558 1998 644 2025 esse
685 1988 932 2037 proportione
972 1986 1023 2025 ad
1055 1987 1168 2037 orbes
1207 1999 1299 2026 suos
1341 1988 1500 2026 minima
1531 1999 1654 2038 eaque
1684 1989 1858 2039 proxime

62 2048 264 2099 aequalia3
293 2045 505 2085 mediocria
535 2050 574 2083 et
603 2056 752 2082 rursum
782 2044 861 2083 sere
892 2045 1076 2095 aequalia
1103 2047 1203 2084 inter
1232 2045 1442 2085 Saturnum
1472 2049 1511 2085 et
1540 2044 1705 2095 Jovem,
1736 2048 1857 2085 inter-

0 2127 1 2130 =
63 2118 141 2156 que
169 2105 360 2144 Venerem
391 2109 430 2142 et
458 2103 710 2151 Mercurium3
741 2104 955 2141 maximum
983 2104 1083 2143 inter
1111 2103 1256 2143 Jovem
1287 2109 1326 2142 et
1354 2103 1532 2143 Martem.

178 2171 271 2206 Nam
293 2179 360 2214 per
383 2179 437 2204 ax.
465 2169 497 2204 2.
522 2178 614 2213 qnae
638 2167 774 2212 figurae
796 2167 978 2204 minimam
1001 2169 1140 2205 faciunt
1163 2169 1300 2205 orbium
1335 2169 1633 2214 geometricorum
1656 2169 1859 2214 proportio-

63 2234 157 2268 nem,
181 2222 308 2258 iisdem
332 2221 501 2266 planetae
522 2220 785 2265 respondentes
809 2220 846 2255 in
871 2221 944 2256 situ
968 2221 1102 2257 debent
1123 2222 1248 2258 itidem
1270 2222 1453 2258 minimam
1477 2221 1612 2267 facere3
1644 2222 1860 2257 mediocrem

14 2301 27 2315 ,Γ
63 2286 148 2311 vero
172 2275 218 2316 ii,
253 2274 315 2319 qui
337 2274 461 2318 figuris
484 2273 674 2309 mediocris
710 2273 954 2318 proportionis
978 2274 1220 2318 respondent,
1257 2279 1298 2309 et
1320 2276 1512 2310 maximam
1545 2274 1593 2318 ii,
1630 2275 1692 2318 qui
1722 2274 1860 2319 figurae

24 2335 31 2370 ζ
63 2326 240 2363 maximae
263 2325 518 2370 proportionis
568 2325 638 2364 Sed
668 2336 740 2370 quo
773 2325 899 2360 ordine
931 2330 987 2360 est
1021 2326 1118 2360 inter
1138 2326 1274 2371 figuras
1300 2325 1550 2361 dodecaedron
1575 2331 1612 2360 et
1635 2325 1860 2369 icosaedron,

18 2383 30 2390 ³
24 2379 192 2415 eodem
215 2383 271 2413 est
293 2379 388 2412 inter
410 2377 634 2422 planetarum
657 2377 770 2422 bigas,
795 2387 868 2412 nna
891 2380 924 2420 d
949 2384 987 2413 et
1011 2377 1059 2427 ὅ,
1090 2378 1206 2413 altera
1229 2374 1265 2427 ὅ
1298 2383 1334 2413 et
1359 2373 1416 2426 Ως
1442 2383 1478 2412 et
1503 2388 1574 2422 quo
1599 2378 1724 2413 ordine
1747 2375 1860 2412 cubus

20 2429 41 2481 5
62 2439 101 2471 et
121 2435 330 2478 octaedrom
354 2433 481 2469 eodem
504 2435 587 2479 biga
610 2429 640 2483 Β
678 2439 714 2470 et
743 2432 784 2480 ᾋ
820 2440 856 2470 et
881 2435 966 2480 biga
1001 2430 1036 2484 ῼ
1062 2438 1099 2469 et
1124 2430 1183 2485 Q,
1208 2446 1280 2480 quo
1305 2435 1461 2479 denique
1486 2434 1612 2470 ordine
1635 2434 1855 2478 tetraedron‚

66 2492 193 2529 eodem
216 2497 253 2528 et
275 2491 359 2536 biga
388 2488 423 2536 '4
447 2496 484 2526 et
507 2494 550 2535 d,
574 2492 654 2527 vide
679 2503 758 2537 cap
781 2494 814 2528 3.
862 2493 962 2538 Ergo
986 2494 1132 2528 minima
1157 2492 1225 2527 erit
1248 2493 1342 2527 inter
1367 2492 1473 2527 orbes
1497 2491 1718 2536 planetarios
1742 2492 1857 2537 primo

12 2493 51 2586 ξ
66 2548 180 2586 dictos
203 2549 402 2596 proportio.
423 2548 518 2583 inter
538 2559 623 2585 vero
648 2545 678 2598 Γ)
706 2554 741 2587 et
771 2544 818 2602 Ἡ,
852 2551 929 2586 fere
957 2550 1119 2596 aequalis
1152 2550 1204 2595 ei,
1242 2560 1334 2596 quae
1369 2550 1464 2586 inter
1492 2545 1527 2599 ῼ
1553 2553 1590 2584 et
1614 2545 1674 2600 Q;
1706 2550 1861 2594 denique

22 2605 47 2652 5}
66 2608 220 2643 maxima
247 2607 342 2642 inter
375 2602 417 2652 21.
440 2610 478 2641 et
500 2608 532 2648 (ς
554 2608 671 2643 orbes.

180 2673 390 2711 Axioma
418 2670 491 2710 IV
549 2672 737 2714 Planetae
766 2686 901 2714 omnes
933 2675 1076 2714 debent
1115 2676 1259 2714 habere
1290 2687 1383 2714 suas
1415 2677 1742 2724 eccentricitates,
1781 2687 1859 2714 non

22 2714 27 2730 ⁵
50 2726 195 2769 'minus
240 2742 359 2780 quam
401 2728 619 2769 latitudinis
661 2738 828 2781 motum,
875 2739 913 2772 et
953 2733 1167 2773 secundum
1208 2745 1274 2772 eas
1312 2735 1430 2772 etiam
1467 2734 1672 2772 distantias
1701 2746 1726 2772 a
1754 2732 1859 2784 Sole,

23 2788 174 2836 ‚dome
202 2795 343 2836 motus,
375 2786 561 2825 diversas.

30 2899 32 2903 .
55 2882 58 2884 ,
81 2884 83 2886 .
185 2855 285 2890 Sicut
309 2853 466 2888 essentia
489 2856 608 2888 motus
633 2853 803 2889 consistit
825 2865 898 2890 non
920 2856 959 2892 in
983 2867 1103 2901 esse,
1128 2856 1193 2892 sed
1216 2856 1254 2891 in
1270 2855 1397 2900 fieri,
1423 2856 1475 2891 sic
1499 2856 1606 2892 etiam
1630 2857 1772 2902 species
1794 2867 1859 2896 seu

24 2900 30 2931 i
55 2905 185 2953 'Qun
205 2906 382 2952 regionis,
407 2916 515 2950 quam
538 2904 687 2949 planeta
711 2905 862 2949 quilibet
884 2913 985 2944 motu
1007 2912 1186 2953 permeat,
1216 2918 1289 2942 non
1313 2906 1368 2941 fit
1391 2907 1513 2942 statim
1538 2908 1583 2943 ab
1606 2908 1708 2944 initio
1732 2908 1858 2955 solida,

25 2955 141 3042 {a
157 2968 329 2994 successu
354 2959 524 3002 temporis
549 2956 704 3001 acquirit
726 2957 868 2992 demum
891 2969 994 2995 suam
1017 2970 1088 2994 non
1114 2959 1376 3004 longitudinem
1400 2963 1559 3003 tantum,
1590 2960 1654 2995 sed
1678 2961 1786 2997 etiam
1808 2962 1859 2998 la-

51 3009 262 3049 <titudinem
284 3015 321 3045 et
343 3010 645 3054 profunditatem,
685 3008 846 3054 perfecto
869 3010 1131 3047 dimensionum
1152 3012 1329 3054 ternario,
1364 3011 1478 3055 fitque
1503 3011 1555 3047 sic
1578 3012 1752 3056 paulatim
1774 3025 1858 3050 oon-

34 3058 229 3098 ’Ὄαιοαο
246 3066 285 3097 et
307 3062 589 3098 accumulatione
620 3061 854 3106 plurimarum
885 3062 1175 3110 circulationum,
1210 3069 1250 3100 ut
1279 3068 1569 3108 repraesentetur
1593 3065 1733 3109 species
1762 3067 1858 3104 orb‘n
