1994 3276
349 99 375 126 a
400 110 404 117 ·
885 84 1074 145 Apologia.
1323 155 1327 169 Ι
1785 102 1872 147 445

84 226 169 262 tota
196 222 372 263 mione
395 225 468 260 tua
497 218 742 268 ventilanda,
768 218 895 259 multa
923 216 1174 267 elucidanda,
1204 218 1330 258 multa
1357 218 1582 270 refutanda,
1612 217 1808 269 quaedam
1834 222 1873 258 et

83 268 333 332 recipienda3
362 279 431 318 sed
461 279 553 329 quia
584 289 661 318 nou
691 280 752 317 est
779 278 999 316 institutum
1029 278 1156 327 operis
1185 278 1262 315 mei
1292 276 1529 326 harmonici,
1574 276 1625 317 de
1653 278 1759 316 souis
1789 275 1874 316 dis—

84 344 223 389 putare
252 343 409 391 propter
436 347 480 375 se
509 338 629 388 ipsos,
659 336 727 375 sed
757 334 806 374 de
835 345 1019 374 sonorum
1047 336 1149 373 inter
1165 346 1207 373 se
1227 335 1555 386 proportionibus,
1586 337 1717 377 missis
1738 337 1872 386 itaque

84 396 345 436 locutionibus
384 397 462 434 mis
510 394 788 446 multiplicibus
836 403 1030 445 apponam
1078 393 1244 444 paucula
1286 404 1334 432 ex
1374 405 1462 432 mea
1499 395 1706 433 sententia.
1772 392 1873 433 Mihi

84 455 185 494 enim
215 461 335 505 qnam
363 453 530 504 plurima
559 454 739 492 sonantia
770 451 1029 491 consideranti
1059 461 1135 490 non
1157 451 1261 489 hona
1292 450 1446 490 videtur
1475 453 1551 491 ista
1573 451 1745 493 definitio
1770 451 1872 500 soni,

87 518 169 563 qua
198 518 242 551 tu
264 513 405 551 niteris
433 523 504 562 per
530 517 655 550 totum
684 510 783 560 fere,
814 521 901 549 cum
931 520 1050 548 sonus
1078 510 1327 560 percussione
1357 511 1460 548 aeris
1492 509 1690 558 definitur,
1722 510 1761 547 in
1792 520 1873 560 quo

85 574 228 622 eorpus
253 581 399 609 sonans
429 566 619 609 consistit.
678 569 778 608 Nam
814 568 958 607 rectius
995 578 1070 618 ego
1101 566 1311 607 definivero
1350 578 1490 607 sonum
1530 570 1700 618 speciem
1731 569 1874 606 imma·

82 629 263 668 teriatam
291 629 463 679 corporis
492 627 654 678 pulsati,
693 629 732 665 iu
762 633 951 678 quantum
982 625 1022 664 id
1053 630 1091 663 et
1121 625 1327 676 figuratum
1364 632 1403 665 et
1433 626 1596 664 densum
1626 632 1686 664 est
1716 625 1779 664 vel
1807 637 1874 665 ra-

82 697 180 741 rum,
211 686 287 725 hoc
316 692 375 726 est
404 689 493 724 aere
524 687 628 724 intus
657 686 872 733 nitardum,
903 690 943 723 et
973 686 1010 722 in
1042 686 1230 734 qnantum
1259 689 1320 723 est
1343 683 1479 723 durum
1511 684 1574 723 vel
1594 683 1729 722 molle.-
1773 683 1873 723 Nam
1920 720 1923 726 ,

82 747 245 795 corpora
279 748 409 783 motus
446 744 633 782 violentia
661 744 829 794 speeiem
869 741 1034 780 induunt
1063 740 1236 790 duritiei,
1276 752 1364 780 cum
1393 743 1470 781 sint
1499 741 1645 782 mollia.
1705 741 1776 780 Est
1804 743 1873 781 uhi

80 802 207 853 figura
241 801 430 841 violentia
466 803 708 852 transspirati
746 803 846 840 aeris
876 802 1043 852 speciem
1083 799 1201 838 aliam
1230 799 1378 848 induit,
1420 806 1460 840 et
1487 801 1661 840 toramen
1701 799 1872 852 amplum
1924 815 1926 817 ·

81 862 250 912 speciem
286 861 445 911 praebet
485 861 733 910 angustioris.
793 859 858 898 Sic
897 859 1022 897 tensio
1064 857 1247 897 mollibus
1285 857 1465 898 duritiem
1508 858 1701 898 conciliat.
1763 859 1872 897 Dura

84 926 180 957 vero
209 929 329 957 eausa
358 919 509 956 sonitus
539 919 840 968 aequiparantur
869 917 1064 964 brevibus,
1096 917 1386 967 comparatione
1415 916 1669 967 longitudinis
1698 916 1749 955 ad
1780 917 1873 955 lati-

82 975 280 1026 tudinem3
310 987 400 1014 uam
431 983 470 1014 et
500 975 665 1015 latitudo
694 987 765 1014 seu
796 976 989 1014 crassities
1026 981 1066 1013 et
1096 973 1255 1013 durities
1285 974 1519 1015 flexibilitati
1559 974 1759 1025 derogant.
1821 973 1873 1014 Ut

81 1032 169 1074 oum
201 1035 343 1072 vitrum
381 1034 547 1073 rotundo
585 1034 696 1072 labro
733 1034 882 1072 affrictu
923 1033 1034 1082 digiti
1075 1034 1243 1071 humecti
1273 1035 1445 1072 sonitum
1477 1032 1578 1082 edit,
1618 1035 1702 1084 ipsa
1732 1038 1871 1071 rotun-

83 1091 187 1131 ditas
210 1092 293 1143 Jam
324 1098 503 1131 censetur
529 1103 599 1143 pro
629 1091 879 1147 longitudine.
939 1090 1050 1130 Haec
1078 1090 1294 1141 longitudo,
1328 1102 1454 1130 vacuo
1486 1093 1597 1139 vitro,
1629 1091 1748 1129 habet
1778 1090 1870 1129 iati-

81 1150 255 1194 tndinem
284 1155 450 1197 tantam,
489 1156 635 1200 quanta
665 1156 723 1189 est
752 1142 994 1200 profunditas
1034 1148 1139 1187 illius
1172 1151 1303 1197 vacui,
1346 1155 1461 1188 sonat
1492 1151 1608 1199 igitur
1637 1155 1763 1188 acute.
1826 1149 1869 1188 Si

81 1211 301 1248 successive
330 1208 547 1260 impleatur,
578 1208 743 1247 demitur
771 1207 965 1246 latitudini
1000 1206 1161 1257 jamque
1191 1206 1358 1246 rotunda
1394 1219 1539 1246 sonans
1571 1202 1773 1257 longitudo
1803 1218 1869 1246 re-

82 1273 219 1317 spectu
249 1265 460 1305 diminutae
489 1266 706 1305 latitudinis
738 1271 914 1304 censetur
944 1266 1116 1315 longior;
1153 1276 1273 1304 sonus
1304 1266 1422 1316 igitur
1450 1265 1699 1316 ingravescit.
1750 1264 1869 1304 Talia

80 1325 204 1363 multa
233 1326 453 1363 coacervari
493 1330 654 1376 possent
694 1336 719 1362 a
758 1325 876 1362 variis
918 1325 1190 1374 experimentis
1227 1325 1450 1362 sonantium
1481 1323 1660 1363 deducta.
1721 1323 1870 1362 Verum

81 1383 321 1430 his-missis,
363 1394 464 1432 quae
494 1389 584 1421 sunt
614 1382 870 1421 indifferentia
909 1388 1085 1433 respectu
1116 1387 1271 1421 nostrae
1311 1381 1626 1433 disceptationis,
1669 1393 1790 1432 pergo
1821 1381 1871 1420 ad

80 1441 230 1491 reliqua
258 1446 328 1479 tua
358 1436 597 1490 argume‘nta.

203 1497 391 1537 Videmus
430 1500 487 1538 ais
527 1501 649 1537 etiam
686 1500 730 1536 in
763 1498 957 1548 physicis,
997 1509 1062 1536 res
1089 1509 1225 1537 omnes
1263 1509 1312 1537 ea:
1339 1500 1423 1536 mis
1455 1499 1672 1547 principiis
1699 1497 1871 1548 conflari

62 1561 280 1605 morionum
317 1568 367 1595 αι·
399 1556 588 1606 partibus
617 1561 655 1594 et
682 1567 766 1595 non
796 1561 994 1605 tanquam
1035 1556 1197 1595 minora
1235 1567 1286 1594 ex
1313 1556 1550 1603 nwjoribus.
1611 1556 1664 1593 At
1695 1556 1763 1594 ubi
1794 1566 1870 1605 ego

80 1613 172 1661 dixi,
205 1616 400 1653 concinna·
423 1621 467 1652 ut
495 1616 644 1652 minora
675 1614 830 1652 conflari
862 1625 908 1651 ex
940 1615 1119 1652 consonis
1150 1620 1193 1651 ut
1221 1613 1447 1663 majoribus,
1481 1619 1665 1664 tauquam
1702 1625 1752 1652 ex
1779 1625 1873 1663 par-

79 1671 220 1710 tibus?
278 1671 494 1719 Praeterea,
526 1673 592 1710 ubi
623 1677 663 1710 tu
694 1672 826 1709 vidisti
857 1683 1028 1720 unquam
1059 1684 1139 1710 rem
1168 1670 1392 1722 physicam,
1429 1678 1526 1720 puta
1547 1683 1688 1722 corpus
1719 1673 1872 1711 anima—

79 1728 139 1777 lis,
172 1729 332 1768 conflari
362 1741 410 1768 ex
439 1731 519 1768 suis
550 1730 735 1780 partibus,
767 1740 836 1767 seu
867 1728 1143 1778 integralibus,
1175 1737 1217 1766 ut
1248 1741 1295 1767 ex
1326 1731 1471 1780 capite,
1506 1736 1658 1775 trunco,
1691 1729 1881 1779 pedibus,

81 1797 154 1826 seu
183 1786 439 1835 similaribns',
472 1794 591 1830 utex
621 1797 746 1833 carne,
779 1786 894 1836 adipe
925 1794 963 1825 et
993 1786 1082 1824 aliis
1112 1787 1369 1836 hujusmodi?
1428 1787 1566 1826 Nonne
1597 1789 1727 1826 omnia
1757 1788 1872 1825 simul

79 1841 255 1885 oriuntur
290 1857 338 1884 ex
366 1845 527 1883 similari
566 1857 695 1883 massa
734 1846 893 1883 seminis
922 1844 1112 1896 producta
1148 1857 1171 1882 a
1201 1845 1387 1884 facultate
1425 1845 1680 1884 formatrice?
1733 1845 1871 1885 Nonne

79 1902 211 1952 aliqua
241 1902 395 1942 demum
424 1909 633 1942 nascuntur
661 1908 917 1953 postcorpus
943 1903 1026 1952 jam
1055 1903 1272 1950 formatum,
1305 1909 1349 1941 ut
1378 1902 1510 1953 adeps,
1541 1915 1686 1952 semen,
1719 1903 1868 1952 dentes,

79 1961 215 2009 barba,
246 1962 393 2011 pubes,
426 1963 463 1998 in
495 1961 651 1999 animali
683 1961 854 1999 cornua?
913 1960 1087 1999 Dissolvi
1117 1973 1212 2000 sane
1241 1967 1408 2011 possunt
1437 1961 1631 2000 naturalia
1672 1964 1709 1998 in
1740 1967 1870 2012 partes

81 2019 340 2068 hujusmodi„
366 2019 690 2069 quemadmodum
721 2026 760 2058 et
789 2030 862 2068 ego
893 2018 1036 2067 doceo,
1074 2030 1245 2058 consona
1275 2019 1438 2058 dissolvi
1469 2021 1509 2057 in
1541 2022 1740 2060 concinna,
1799 2019 1872 2057 Vis

81 2082 124 2114 ut
154 2077 439 2116 accommodem
478 2079 637 2128 propius
668 2082 792 2115 ortum
823 2078 1097 2115 concinnorum
1139 2077 1190 2115 ad
1220 2084 1345 2116 ortum
1389 2079 1556 2128 partium
1588 2076 1870 2128 physicarum?

80 2133 272 2173 Tentabo.
332 2134 513 2173 Consona
533 2134 748 2174 intervalla
777 2141 867 2173 sunt
898 2137 1149 2185 quantitates,
1180 2147 1318 2186 corpus
1341 2135 1508 2174 hominis
1529 2137 1644 2174 etiam
1666 2140 1725 2174 est
1745 2147 1872 2184 quan-

78 2198 174 2229 tum.
234 2193 424 2231 Consonis
465 2205 605 2231 nomen
646 2196 799 2244 ponitur
841 2206 864 2231 a
893 2205 1051 2231 numero
1082 2196 1354 2231 concinnerum
1395 2196 1433 2231 in
1465 2195 1585 2243 ipsis,
1627 2201 1663 2231 ct
1695 2195 1868 2244 corporis

79 2251 305 2299 proceritati
336 2253 631 2289 mensurationis
662 2262 800 2289 nomen
840 2250 952 2289 datur
982 2263 1006 2289 a
1035 2263 1195 2290 numero
1225 2252 1389 2302 pedum,
1430 2251 1710 2301 spithamarum
1742 2246 1787 2288 et⁴
1809 2250 1871 2288 di-

78 2309 254 2357 gitorum.
319 2308 378 2346 Ibi
409 2310 596 2348 concinna
626 2310 888 2347 mensurantia
918 2315 1008 2347 sunt
1039 2321 1221 2348 excessus
1252 2321 1512 2347 consonorum
1553 2320 1668 2359 snper
1699 2319 1870 2347 consona

81 2365 368 2416 scrutanturque
399 2379 423 2404 a
452 2372 589 2405 natura
621 2369 982 2416 contemperationis
1012 2367 1259 2405 harmonicae
1290 2369 1327 2404 in
1351 2368 1520 2416 perfecto
1544 2366 1750 2404 intervallo
1782 2366 1869 2405 dia—

80 2433 224 2472 pason,
256 2424 318 2462 hic
347 2425 465 2462 etiam
495 2435 583 2475 pes,
616 2425 832 2475 spithama‚
863 2425 1007 2474 digitus
1038 2425 1223 2462 formatur
1260 2426 1296 2461 in
1329 2427 1414 2474 ipso
1446 2435 1607 2473 corpore
1638 2424 1815 2462 animalis
1846 2437 1871 2462 a

78 2481 296 2520 formatrice
326 2481 520 2519 facultate.
582 2481 827 2532 Quamquam
857 2482 984 2521 adhuc
1014 2481 1206 2520 claudicat
1234 2482 1273 2518 in
1297 2494 1342 2520 eo
1371 2482 1597 2529 similitudo,
1632 2482 1736 2531 quod
1759 2482 1871 2520 aliter

80 2549 153 2587 pes
182 2539 221 2576 in
250 2539 405 2577 homine
436 2540 640 2587 formatur,
672 2540 784 2578 aliter
814 2545 929 2578 tonus
961 2540 1234 2579 determinatur
1266 2542 1305 2577 in
1337 2539 1537 2590 diapason,

194 2596 427 2635 Iudirectam
468 2598 526 2635 ais
565 2609 649 2635 esse
679 2610 804 2636 meam
835 2600 1110 2647 assertionem,
1153 2609 1240 2637 cum
1279 2598 1378 2643 dixi,
1421 2599 1561 2647 cuique
1593 2598 1870 2636 consonantiae

82 2663 192 2691 suam
222 2665 307 2692 esse
339 2665 495 2692 causam
525 2650 724 2693 internam.
788 2655 929 2694 Nescio
970 2656 1062 2706 quid
1103 2667 1244 2706 arguas
1285 2650 1360 2693 hac
1388 2667 1498 2694 voce.
1560 2655 1686 2692 Video
1728 2661 1868 2703 tamen,

81 2716 120 2748 te
149 2712 326 2749 aberrare
356 2723 380 2748 a
408 2723 495 2749 meo
524 2716 659 2749 senem
714 2713 772 2750 De
803 2714 871 2752 illa
901 2725 1020 2752 causa
1050 2714 1129 2751 dixi
1160 2726 1253 2764 ego,
1296 2725 1397 2763 quae
1427 2713 1551 2751 forma
1582 2719 1641 2751 est
1681 2714 1869 2751 termino-

81 2779 164 2806 rum
194 2770 464 2818 proportionis,
496 2774 539 2806 ut
568 2770 800 2818 triangulum
831 2772 952 2820 ipsius
983 2771 1185 2821 diapente,
1218 2772 1403 2809 diameter
1433 2772 1556 2820 ipsius
1588 2770 1794 2819 diapason,
1827 2776 1870 2809 tu

86 2825 133 2864 de
163 2832 304 2875 aqente
334 2827 510 2875 opponis,
539 2837 611 2864 nec
641 2827 836 2876 quodnam
864 2829 915 2866 sit
945 2829 1039 2867 illud
1071 2841 1192 2879 agens
1213 2829 1372 2866 iudicas.
1434 2828 1555 2877 Atqui
1585 2829 1618 2865 si
1650 2827 1697 2866 de
1727 2834 1879 2878 agente·

84 2886 262 2933 quaestio
295 2888 365 2927 est,
397 2890 479 2921 tum
511 2888 550 2921 et
580 2883 672 2921 mihi
704 2895 844 2933 agens,
882 2885 921 2923 id
953 2893 1011 2925 est
1041 2885 1251 2926 concilians
1282 2887 1519 2937 proportioni
1550 2897 1660 2923 suam
1689 2888 1869 2926 suavita-

22 2940 27 2942 ’
85 2945 163 2979 tem
192 2943 231 2978 in
262 2941 418 2988 auditu,
451 2947 511 2979 est
539 2952 647 2979 mens
679 2953 802 2991 eaque
832 2954 909 2980 una
939 2949 978 2981 et
1007 2944 1141 2983 eadem
1173 2956 1241 2994 per
1272 2955 1404 2982 omnes
1436 2944 1723 2982 consonantias.

198 2998 289 3037 Alio
319 3000 466 3048 impetu
497 3004 611 3048 capto
641 3010 760 3048 negas
790 3001 1013 3049 imperfecta
1051 3004 1157 3040 nasci
1191 3015 1213 3039 a
1242 3002 1441 3051 perfectis,
1484 3002 1670 3039 concinne
1709 3000 1868 3041 dissona

87 3058 112 3094 b
148 3057 339 3099 consonis.
398 3055 509 3106 Nega
547 3056 685 3095 eodem
724 3064 969 3108 argumento,
1012 3060 1181 3110 perfecta
1223 3059 1400 3110 componi
1440 3070 1488 3098 ex
1525 3059 1776 3109 imperfectis,
1820 3065 1866 3099 ut
