1994 3276
141 90 223 131 302
518 106 526 109 -
651 86 708 122 De
730 86 892 122 Motibus
916 85 1150 124 Planetarum
1173 87 1412 124 Harmonicis.

138 203 303 248 concavi,
337 203 433 239 idem
466 212 548 238 cum
571 201 656 238 Sole
681 207 844 238 centrum
868 203 1052 246 habentis;
1089 205 1182 240 sicut
1205 215 1251 240 ex
1283 204 1336 239 fili
1359 205 1466 240 serici
1487 204 1649 250 plurimis
1675 205 1771 241 inter
1794 214 1834 240 se
1858 215 1940 240 con-

137 257 240 311 nexis
265 260 302 292 et
326 255 604 300 conglomeratis
629 255 772 292 circulis
796 257 948 293 struitur
971 256 1134 292 aedicula
1158 257 1352 302 bombycis

252 317 542 367 Propositio
564 316 614 355 V.
646 317 798 367 Cuique
830 319 944 368 bigae
976 320 1190 357 vicinorum
1221 317 1467 367 planetarum
1486 318 1654 356 fuerunt
1671 290 1939 361 attribuendae

137 376 238 415 duae
267 376 493 414 harmoniae
525 374 715 414 diversae

253 436 346 471 Nam
370 446 438 480 per
461 447 518 471 ax.
542 436 575 471 4.
603 436 756 480 quilibet
780 437 930 482 planeta
953 437 1064 474 habet
1089 437 1298 473 distantiam
1324 447 1346 472 a
1372 436 1455 472 Sole
1479 437 1724 483 longissimam
1749 441 1785 472 et
1807 437 1940 472 brevis-

136 489 272 534 simam,
299 499 411 533 quare
435 499 502 534 per
526 499 604 534 cap.
631 488 662 524 3.
687 489 797 534 hujus
822 490 972 526 habebit
995 495 1032 525 et
1056 495 1192 525 motum
1217 489 1462 525 tardissimum
1494 494 1531 524 et
1555 488 1789 525 celerrimum.
1837 489 1940 524 Duae

135 552 220 587 ergo
246 545 331 576 sunt
354 541 545 586 primariae
571 543 860 587 comparationes
885 548 1128 580 extremorum
1153 546 1327 587 motuum,
1353 552 1425 577 una
1450 541 1710 586 divergentium
1734 542 1772 590 in
1797 541 1937 577 duobus

134 592 308 640 planetis,
343 590 458 629 altera
482 594 785 638 convergentium.
834 595 1006 631 Diversae
1031 600 1151 633 autem
1184 595 1278 632 inter
1302 606 1341 631 se
1371 599 1412 631 nt
1454 594 1527 630 sint
1559 604 1709 630 necesse
1745 597 1818 638 est,
1854 593 1939 637 quia

134 645 249 690 major
275 645 342 680 erit
365 647 552 692 proportio
579 647 861 692 divergentium,
893 648 1009 683 minor
1033 648 1336 692 conver-gentium.
1386 646 1456 683 Sed
1482 651 1518 681 et
1541 657 1607 691 per
1631 642 1788 682 diversas
1812 644 1935 691 plane·

134 703 252 734 tarum
277 698 380 743 bigas
406 699 566 744 oportuit
590 709 671 735 esse
688 700 892 737 harmonias
911 701 1081 749 diversas,
1107 705 1147 735 ut
1171 701 1260 735 haec
1285 699 1442 735 varietas
1456 699 1502 734 ad
1519 699 1789 734 exornationem
1812 696 1935 732 mundi

82 770 84 774 ν
133 750 326 795 proficeret
350 756 431 796 (per
456 753 585 797 ax.1.),
612 752 791 797 etiamque
815 753 908 799 ideo,
934 754 1019 798 quia
1043 753 1313 788 intervallorum
1331 753 1424 787 inter
1447 752 1551 787 binos
1577 756 1661 786 sunt
1683 750 1935 796 proportiones

133 801 309 848 diversae,
333 814 400 849 per
423 815 526 850 prop.
553 805 585 842 3.
634 806 683 840 At
707 805 838 849 cuique
861 806 1084 851 proportioni
1122 806 1261 841 orbium
1286 810 1404 841 certae
1435 804 1657 857 respondent
1680 803 1933 848 proportiones

133 855 373 902 harmonicae,
400 858 616 902 cognatione
640 858 889 903 quantitativa,
915 863 956 894 ut
980 858 1088 903 huJus
1113 859 1195 895 libri
1220 870 1297 904 cap.
1324 861 1356 895 5.
1383 854 1681 894 demonstratum.

248 916 552 968 Propositio
584 918 654 958 VI.
696 920 935 961 Harmoniae
966 921 1067 961 duae
1097 923 1279 961 minimae
1313 919 1367 977 ⁴s5
1389 926 1428 961 et
1446 919 1497 974 ι016
1522 920 1650 961 locum
1680 930 1758 958 non
1788 918 1933 958 habent

134 976 232 1013 inter
263 975 440 1025 planetas
470 977 595 1016 binos.

249 1030 319 1066 Est
343 1031 438 1066 enim
462 1032 483 1067 5
508 1031 555 1068 ad
578 1033 600 1068 4
626 1038 666 1068 ut
691 1033 783 1070 1000
807 1034 853 1070 ad
877 1035 957 1080 800,
984 1038 1020 1070 et
1044 1035 1065 1071 6
1091 1035 1136 1071 ad
1161 1037 1181 1072 5
1207 1040 1248 1071 ut
1274 1036 1362 1072 1000
1387 1034 1431 1069 ad
1449 1035 1530 1072 833.
1580 1033 1629 1068 At
1653 1033 1758 1068 orbes
1785 1042 1932 1068 clrssum·

133 1082 260 1127 scripti
286 1082 513 1120 dodecaedro
539 1090 575 1120 et
597 1085 786 1121 icosaedro
818 1086 990 1138 majorem
1015 1088 1152 1126 habent
1184 1088 1454 1134 proportionem
1479 1087 1526 1123 ad
1549 1085 1760 1130 inscriptos
1793 1083 1933 1119 scilicet

133 1145 229 1179 eam,
256 1146 364 1179 quam
387 1137 481 1174 1000
505 1138 550 1174 ad
577 1139 644 1175 795
658 1143 738 1184 etc„
765 1143 800 1174 et
824 1133 893 1174 hae
919 1139 1012 1175 duae
1037 1142 1290 1201 proportiones
1314 1140 1474 1176 indicant
1497 1137 1687 1174 intervalla
1709 1137 1803 1172 inter
1827 1135 1931 1170 orbes

132 1187 355 1233 planetarios
378 1190 562 1234 proximos
587 1191 682 1227 inter
706 1202 745 1227 se
782 1202 846 1227 seu
873 1193 990 1237 spatia
1014 1193 1175 1239 minima3
1213 1194 1250 1229 in
1275 1194 1405 1230 ceteris
1436 1193 1529 1227 enim
1560 1191 1685 1237 figuris
1709 1188 1932 1233 regularibus

133 1239 239 1275 orbes
275 1241 410 1277 distant
445 1242 589 1288 longius
615 1254 636 1278 a
659 1253 698 1278 se
730 1243 892 1280 invicem.
942 1245 1023 1280 Jam
1059 1257 1143 1282 vero
1180 1247 1366 1292 proportio
1401 1250 1563 1281 motuum
1598 1243 1715 1279 adhuc
1739 1242 1854 1289 major
1878 1245 1933 1276 est

132 1294 424 1339 proportionibus
448 1295 734 1340 intervallorum,
772 1298 840 1333 nisi
864 1292 991 1343 ingens
1017 1300 1063 1334 sit
1096 1300 1282 1344 proportio
1308 1298 1613 1335 eccentricitatum
1638 1289 1684 1332 ad
1709 1295 1830 1340 orbes,
1866 1304 1933 1338 per

133 1346 260 1391 capitis
285 1347 315 1382 3.
340 1357 527 1382 numerum
555 1349 608 1383 13.
657 1349 755 1394 Ergo
779 1351 967 1395 proportio
993 1356 1154 1387 motuum
1184 1353 1329 1387 minima
1353 1351 1468 1395 major
1498 1355 1553 1386 est
1577 1360 1684 1396 quam
1721 1353 1804 1384 sunt
1827 1348 1870 1392 “lf,
1897 1352 1939 1382 et‘

133 1399 186 1444 ⁵le·
236 1399 351 1445 Igitur
375 1400 445 1436 hae
470 1401 696 1448 harmoniae,
728 1412 750 1437 a
773 1402 899 1448 figuris
925 1403 1072 1448 quidem
1094 1404 1320 1449 regularibus
1345 1403 1557 1449 impeditae,
1594 1403 1715 1438 locum
1738 1402 1831 1437 inter
1854 1400 1929 1446 pla·
1971 1399 1974 1403 ’

130 1455 232 1487 netas
258 1452 397 1488 nullum
421 1453 634 1489 sortiuntur.

246 1512 542 1564 Propositio
574 1514 664 1553 VII.
711 1515 927 1556 Harmonia
957 1498 1198 1556 diatessaron
1220 1519 1319 1556 inter
1349 1523 1631 1568 convergentes
1658 1522 1784 1556 motus
1814 1518 1930 1558 bino-

129 1582 214 1609 rum
244 1571 493 1621 planetarum
522 1573 653 1612 locum
683 1574 833 1614 nullum
875 1575 1019 1614 habere
1057 1581 1205 1626 potest,
1251 1578 1326 1615 nisi
1366 1578 1454 1615 sint>
1473 1576 1549 1615 illis
1587 1577 1770 1626 propriae
1801 1580 1930 1615 extre-

130 1641 279 1668 morum
309 1632 581 1682 proportiones
607 1632 769 1682 Junctae
799 1633 887 1685 plus
918 1646 1035 1684 quam
1068 1634 1260 1684 diapente.
1983 1671 1987 1676 .

246 1685 302 1721 Sit
326 1686 420 1721 enim
444 1686 488 1731 ³¹]⁴
512 1687 607 1722 inter
630 1694 906 1734 convergentes,
940 1695 976 1726 et
1000 1689 1047 1724 sit
1081 1690 1196 1734 primo
1229 1689 1330 1726 nulla
1355 1690 1622 1733 eccentricitas,
1654 1688 1754 1725 nulla
1777 1688 1931 1734 planetis
1982 1715 1984 1718 -

129 1737 280 1781 singulis
305 1740 454 1785 propria
478 1744 640 1775 motuum
664 1741 870 1787 proportio,
905 1742 968 1778 sed
992 1742 1100 1777 iidem
1129 1747 1250 1778 motus
1275 1747 1311 1778 et
1344 1747 1602 1787 convergentes
1628 1747 1664 1776 et
1688 1740 1812 1786 medii:
1846 1746 1932 1777 tunc

129 1789 302 1835 sequitur,
329 1796 370 1826 ut
392 1791 584 1827 intervalla
609 1793 876 1838 respondentia,
903 1805 994 1840 quae
1018 1805 1085 1839 per
1107 1795 1202 1830 hanc
1227 1795 1513 1840 suppositionem
1534 1799 1642 1830 erunt
1666 1793 1931 1829 orbium-semi·
1979 1790 1992 1840 ι’

129 1842 311 1887 diametri,
337 1844 561 1880 constituant
585 1844 695 1889 hujus
720 1847 966 1891 proportionis
990 1846 1151 1889 bessem,
1178 1846 1318 1882 scilicet
1343 1849 1510 1893 ⁴⁴⁸⁰l⁵m9
1545 1857 1611 1892 per
1634 1857 1715 1891 cap·
1739 1845 1772 1887 3-
1820 1845 1931 1888 Atqui

128 1895 219 1929 haec
243 1896 428 1941 proportio
448 1895 525 1940 jam
550 1901 607 1932 est
632 1897 764 1942 minor,
803 1907 911 1942 quam
937 1898 1183 1944 cujuscunque
1208 1899 1345 1945 figurae
1369 1900 1547 1945 regularis
1573 1899 1710 1936 orbium
1733 1898 1947 1944 proportio..

127 1947 249 1992 itaque
273 1947 371 1983 orbis
395 1948 545 1983 interior
569 1953 667 1984 totus
699 1954 884 1986 secaretur
909 1962 929 1986 a
953 1951 1068 1997 planis
1093 1952 1273 1996 regularis
1291 1951 1427 1997 figurae
1444 1953 1642 1997 cuicunque
1660 1951 1738 1986 orbi
1762 1951 1931 1986 exteriori
1983 1986 1985 1988 ,

126 1999 332 2044 inscriptae.
383 2001 461 2036 Hoc
487 1994 571 2037 vero
598 2008 654 2038 est
678 2008 805 2039 contra
829 2004 971 2039 axioma
996 2004 1028 2039 2.
1842 2029 1844 2031 -

245 2052 300 2088 Sit
324 2054 482 2089 secundo
508 2054 629 2100 aliqua
653 2066 793 2092 summa
828 2058 1053 2102 propriarum
1089 2059 1363 2103 proportionum
1395 2058 1490 2092 inter
1512 2061 1856 2100 motus‘extremos‚
1894 2060 1931 2090 et
1969 2078 1976 2089 .

128 2106 176 2142 sit
200 2107 492 2151 convergentium
515 2112 679 2143 motuum
709 2109 893 2154 proportio
921 2110 962 2154 ³]⁴
987 2109 1044 2143 vel
1073 2110 1182 2154 7·“’1,(,,,,
1220 2110 1488 2145 intervallorum
1517 2120 1601 2144 vero
1634 2107 1928 2152 respondentium

126 2160 174 2195 sit
197 2159 382 2205 proportio
410 2159 554 2206 ¹⁰⁰⁰l795,
580 2172 661 2196 cum
684 2162 783 2197 nulla
806 2160 923 2207 figura
946 2162 1122 2207 regularis
1147 2163 1258 2198 faciat
1281 2163 1455 2198 minorem
1485 2162 1624 2197 orbium
1648 2160 1927 2206 proportionem.

127 2212 177 2247 Et
213 2212 299 2257 quia
334 2218 484 2258 superat
505 2213 570 2249 illa
605 2219 767 2249 motuum
805 2224 930 2249 eversa
965 2214 1060 2249 hanc
1095 2215 1361 2250 intervallorum
1397 2225 1551 2250 excessu
1577 2214 1707 2258 ⁷⁵⁰l⁷2m
1741 2211 1929 2247 auferatur

126 2264 238 2309 igitur
261 2264 321 2300 hic
346 2275 518 2301 excessus
543 2266 650 2301 etiam
676 2276 697 2301 a
720 2266 953 2311 proportione
983 2267 1359 2311 10001795,ειθοιιιιᾱιιιιι
1393 2267 1592 2302 doctrinam
1635 2274 1714 2310 cap.
1739 2265 1778 2309 3,
1816 2267 1929 2299 restat

127 2318 288 2362 ⁹⁴³⁴sw⁵m
327 2318 509 2355 dimidium
552 2318 794 2364 proportionis
832 2318 980 2353 orbium.
1028 2318 1126 2363 Ergo
1163 2319 1310 2363 duplum
1348 2320 1479 2364 hujus,
1514 2316 1564 2354 sc.
1598 2317 1769 2364 ⁸⁰⁰¹l0³2m
1800 2318 1837 2353 id
1874 2322 1929 2352 est
1968 2335 1979 2356 -,

131 2370 298 2415 ¹⁰⁰⁰⁰lnm
323 2376 379 2407 est
402 2358 588 2417 proportio
614 2371 764 2407 orbium.
804 2371 897 2406 Huic
921 2369 1026 2406 aufer
1048 2371 1316 2416 proportionem
1342 2371 1612 2407 intervallorum
1636 2369 1927 2416 convergentium
1968 2374 1994 2399 ἑ]

132 2423 256 2468 10001795
265 2451 274 2468 ,
299 2424 452 2460 restabit
473 2424 642 2469 ⁷¹⁰⁰l795⁰‚
668 2423 808 2459 circiter
832 2428 938 2458 tonus
963 2423 1087 2468 major.
1136 2423 1253 2459 Tanta
1277 2424 1383 2460 debet
1409 2435 1488 2460 esse
1512 2424 1559 2460 ad
1582 2423 1765 2459 minimum
1789 2433 1928 2458 summa
1971 2425 1994 2467 f

126 2473 291 2512 binarum
316 2477 609 2522 proportionum,
636 2486 726 2521 quas
751 2475 858 2511 medii
882 2475 1020 2510 habent
1044 2474 1090 2511 ad
1115 2481 1374 2520 convergentes
1400 2477 1585 2520 utrinque,
1623 2482 1664 2511 ut
1686 2477 1782 2512 inter
1806 2478 1926 2511 motus

126 2532 385 2572 convergentes
422 2529 539 2574 possit
575 2539 655 2564 esse
692 2528 930 2564 diatessaron.
978 2528 1212 2573 Divergentia
1235 2529 1343 2573 igitur
1373 2533 1534 2563 extrema
1557 2527 1748 2563 intervalla
1773 2527 1817 2562 ad
1843 2538 1926 2563 con·

126 2580 314 2626 vergentia
337 2586 499 2617 extrema
523 2592 697 2617 summam
721 2582 994 2626 proportionum
1019 2580 1157 2616 faciunt
1192 2581 1301 2625 hujus
1326 2581 1470 2617 circiter
1497 2581 1659 2627 duplam,
1694 2579 1730 2614 id
1756 2584 1811 2614 cst
1835 2578 1925 2614 duos
1967 2592 1971 2600 τ

125 2637 249 2679 tonos,
276 2638 312 2669 et
336 2639 454 2670 motus
479 2638 739 2678 convergentes
763 2644 906 2669 rursum
932 2633 1080 2678 duplum
1105 2633 1233 2677 hujus,
1271 2634 1307 2669 id
1333 2639 1389 2669 est
1413 2638 1568 2680 quatuor
1591 2638 1716 2675 tonos,
1749 2631 1846 2676 quod
1870 2635 1925 2666 est

125 2683 208 2729 plus
233 2695 340 2730 quam
364 2685 542 2731 diapente.
594 2686 632 2721 Si
655 2686 766 2730 igitur
791 2685 943 2721 duorum
968 2685 1165 2720 vicinorum
1202 2687 1428 2731 planetarum
1453 2697 1591 2723 summa
1613 2685 1841 2731 propriorum
1868 2687 1969 2718 est

126 2737 242 2772 minor
266 2748 373 2782 quam
399 2739 579 2784 diapente,
603 2739 698 2774 inter
722 2749 846 2774 corum
870 2743 1129 2783 convergentes
1154 2750 1226 2774 non
1250 2740 1385 2784 poterit
1408 2749 1489 2774 esse
1513 2739 1751 2774 diatessaron.
1955 2732 1965 2743 ”

239 2799 299 2837 Pr
312 2802 550 2851 opositio
579 2800 692 2839 VIII.
754 2799 921 2839 Saturno
954 2804 992 2837 et
1021 2799 1115 2838 Jovi
1159 2800 1401 2840 debebantur
1439 2801 1664 2839 harmoniae
1712 2795 1756 2851 'l2
1787 2802 1828 2836 et
1862 2794 1940 2854 ¹l3‘·

126 2856 163 2893 id
196 2862 256 2896 est
285 2857 474 2908 diapason
508 2863 547 2898 et
577 2858 758 2910 diapente
789 2856 1054 2908 epidiapason.

242 2912 334 2948 Nam
359 2913 429 2958 ipsi
454 2918 539 2949 sunt
562 2913 668 2959 primi
691 2918 728 2948 et
744 2912 901 2958 supremi
927 2922 971 2946 ex
995 2912 1149 2956 planetis
1169 2917 1203 2947 et
1221 2914 1319 2949 nacti
1337 2917 1422 2948 sunt
1437 2912 1587 2956 figuram
1612 2912 1761 2957 primam
1778 2911 1920 2955 cubum,
1943 2950 1950 2955 ,7

127 2975 191 3010 per
229 2975 310 3009 cap.
337 2965 367 3001 1.
394 2965 527 3011 hujus,
565 2970 602 3001 et
636 2966 706 3002 hae
741 2966 950 3002 harmoniae
985 2969 1070 3001 sunt
1106 2967 1242 3010 primae
1278 2967 1403 3002 ordine
1435 2970 1586 3001 naturae
1621 2970 1658 3000 et
1693 2968 1778 2999 sunt
1801 2962 1920 3007 capita
1942 2967 1974 3011 τ’

126 3020 321 3064 primarum
347 3018 564 3053 familiarum
587 3017 807 3063 figuralium,
838 3017 1052 3053 bisectoriae
1077 3028 1142 3053 seu
1165 3019 1410 3063 tetragonicae
1433 3022 1471 3053 et
1494 3018 1708 3062 trigonicae,
1733 3026 1799 3060 per
1823 3014 1919 3050 dicta

126 3070 187 3106 lib.
214 3071 241 3106 Ι.
287 3070 394 3115 Quod
419 3081 504 3106 vero
529 3074 639 3115 caput
662 3075 728 3116 est,
754 3070 929 3116 diapason
957 3070 998 3117 ι12
1023 3074 1079 3106 est
1101 3071 1264 3115 proxime
1287 3070 1402 3114 maior
1424 3070 1657 3115 proportione
1673 3069 1812 3104 orbium
1836 3065 1935 3102 cubi‘
