1994 3276
152 52 236 90 384
838 47 1036 85 Ptolemaei
1061 47 1266 87 Harmonia.

152 178 280 218 neque
310 167 374 206 hic
404 167 535 218 aliqua
564 168 741 208 transitio
772 170 929 208 omniuo
957 168 1001 207 fit
1021 167 1071 208 de
1100 181 1241 220 genere
1263 171 1301 207 in
1331 180 1455 219 genus
1474 168 1543 225 ΙΙΙ)
1574 178 1731 223 propter
1761 179 1940 214 tonorum

150 227 489 275 permutationem,
530 237 656 276 neque
697 226 778 265 illic
816 228 1026 278 percipitur
1064 227 1196 278 aliqua
1237 228 1433 268 sensibilis
1468 230 1728 280 inaequalitas
1758 243 1940 272 cursuum

149 290 305 334 propter
334 286 573 324 secessiones
603 286 642 323 in
673 284 917 324 latitudinem
938 282 1008 338 IV).
1070 286 1365 336 Comparandus
1407 293 1537 327 autem
1580 300 1627 327 ex
1669 289 1774 329 hisce
1811 290 1943 330 dorius

149 349 278 395 tonuS,
310 344 375 392 qui
407 342 521 393 plane
552 341 703 382 medius
735 348 811 392 est,
857 343 994 382 mediis
1026 345 1247 383 accessibus
1279 356 1399 384 causa
1430 345 1666 395 latitudinis,
1705 354 1743 386 et
1774 349 1844 397 iis,
1876 351 1940 399 qui

148 401 358 439 secundum
389 401 712 452 aequinoctialem
751 403 788 440 in
830 402 1083 452 unaqualibet
1125 402 1376 453 sphaerarum
1408 409 1498 443 sunt
1527 404 1717 455 ordinati3
1761 407 1940 458 mixtily-

149 458 235 496 dius
269 471 359 498 vero
391 466 430 498 et
458 459 709 511 hypodorius,
743 466 784 499 ut
814 462 994 506 extremi,
1026 460 1304 499 borealissimis
1333 468 1373 501 et
1403 463 1708 512 australissimis,
1741 475 1840 514 quos
1870 476 1941 504 ve-

148 518 218 555 luti
250 517 461 556 secuudum
491 520 660 569 tropicos
691 519 954 568 concipimus,
987 524 1154 568 quatuor
1186 531 1278 558 vero
1310 519 1471 570 reliqui,
1503 522 1570 570 qui
1602 527 1692 560 sunt
1725 523 1822 562 inter
1854 522 1940 563 dic-

147 582 220 624 tos,
253 576 440 616 referendi
470 583 560 615 sunt
589 576 639 615 ad
671 582 820 621 motus,
851 579 921 626 ‘qui
953 583 1044 616 suut
1074 578 1287 616 secundum
1316 577 1526 628 parallelos
1556 579 1806 620 intermedius
1840 583 1939 621 inter

148 635 316 684 tropicos
356 641 395 674 et
434 636 758 685 aequinoctialem
792 633 845 687 V).
906 635 1006 674 Nam
1047 642 1087 674 et
1123 635 1259 675 horum
1298 641 1388 675 sunt
1420 638 1464 685 4,
1508 642 1665 689 propter
1704 638 1937 680 divisionem

147 691 376 732 circulorum
407 692 652 743 obliquorum
694 696 732 731 in
764 701 893 743 partes
928 696 999 742 12,
1047 700 1329 744 consequenter
1372 696 1494 744 ipsius
1531 695 1681 735 zodiaci
1717 699 1766 735 12
1799 699 1935 748 signis.

145 751 244 790 Nam
274 753 507 803 tropicorum
538 751 657 791 veluti
689 753 886 802 signorum
917 753 1107 790 utrumvis
1140 763 1258 791 unum
1285 753 1402 791 faciet
1430 753 1680 804 parallelum3
1711 766 1813 805 quae
1843 767 1937 796 vero

146 810 359 860 aequaliter
399 810 448 849 ab
489 809 674 849 alterutro
714 811 851 849 horum
895 822 1030 850 versus
1062 807 1225 850 alterum
1254 811 1450 850 absistunt
1481 812 1573 850 bina
1602 818 1757 864 puncta,
1788 824 1938 853 rursum

147 880 264 907 unum
296 874 334 908 et
364 867 528 908 eundem
557 868 787 919 parallelum
818 868 976 917 dabunt,
1010 874 1052 907 ut
1082 870 1137 907 ita
1170 870 1192 907 5
1226 871 1509 908 constituantur
1539 870 1700 922 copulae
1727 871 1938 911 secundum

146 928 339 966 unciariae
370 926 571 966 distantias
603 931 642 966 et
670 926 882 967 secundum
914 939 980 966 eas
1016 927 1038 964 5
1071 929 1187 965 etiam
1218 927 1407 977 paralleli,
1439 933 1477 966 et
1507 931 1791 969 connumeratis
1822 931 1937 970 etiam

146 985 248 1024 binis
278 987 434 1036 tropicis
469 987 512 1034 7,
553 997 713 1025 numero
755 985 890 1026 eodem
933 997 1019 1024 cum
1059 990 1237 1024 tonorum
1278 987 1568 1026 mutationibus.
1630 988 1941 1028 Associabuntnr

148 1049 278 1083 autem
309 1045 365 1093 ii,
399 1045 459 1094 qui
491 1050 582 1082 sunt
619 1045 812 1083 acutiores
852 1044 982 1084 dorio.
1023 1048 1179 1094 propter
1208 1050 1344 1084 cantus
1375 1044 1619 1084 altitudinem
1650 1057 1737 1084 cnm
1766 1042 1937 1086 motibus

147 1102 198 1141 ad
228 1102 360 1153 polum
392 1103 587 1142 elevatum
619 1109 657 1140 et
689 1103 809 1142 veluti
840 1103 1014 1150 aestivis,
1045 1102 1083 1142 h.
1117 1115 1148 1141 e.
1182 1103 1247 1142 ubi
1279 1103 1392 1155 polus
1423 1104 1563 1142 boreus
1594 1103 1785 1153 elevatur,
1818 1107 1935 1145 moti·

148 1161 220 1199 bus
248 1160 638 1212 septentrionalibus,
672 1162 737 1201 ubi
769 1160 972 1205 australis,
1005 1161 1214 1211 oppositis3
1251 1163 1450 1212 graviores
1483 1173 1573 1200 vero
1604 1164 1685 1201 toni
1718 1174 1832 1213 quam
1865 1163 1938 1202 do-

146 1220 223 1258 rius
269 1224 424 1270 propter
455 1226 592 1259 cantus
624 1219 881 1259 humilitatem
913 1220 1082 1258 motibus
1114 1218 1190 1257 illis
1221 1219 1537 1270 applicabuntur,
1580 1221 1646 1271 qui
1677 1226 1768 1260 sunt
1800 1233 1936 1262 versus

145 1277 277 1328 polum
308 1279 599 1328 inconspicuum
631 1283 669 1317 et
700 1278 821 1317 veluti
840 1278 1024 1325 hibernis,
1055 1277 1093 1316 h.
1113 1290 1143 1317 e.
1165 1278 1230 1316 ubi
1251 1278 1527 1329 boreuspolus
1547 1277 1751 1328 attollitur,
1783 1287 1938 1319 austra-

151 1336 321 1385 notibus,
355 1337 420 1375 ubi
452 1337 647 1384 australis,
677 1335 1117 1387 septentrionalioribus.

259 1404 355 1439 Nota
380 1404 407 1438 l.
455 1404 511 1439 Ne
537 1414 632 1439 nunc
658 1404 800 1448 quidem
827 1413 865 1439 se
890 1402 1036 1448 respicit
1059 1402 1296 1438 Ptolemaeus.
1331 1403 1489 1441 Tertiam
1514 1410 1674 1440 motuum
1698 1405 1868 1451 speciem,
1902 1407 1937 1442 in

143 1457 272 1501 latum,
310 1456 360 1491 sic
386 1456 561 1498 nominat,
600 1467 642 1491 ac
666 1456 694 1491 si
719 1467 790 1491 non
815 1455 964 1500 primam
989 1458 1148 1496 tantum,
1185 1454 1249 1489 sed
1274 1461 1307 1488 et
1346 1456 1540 1493 secundam
1575 1468 1619 1492 ex
1645 1457 1771 1499 eodem
1808 1469 1938 1504 genere

143 1513 261 1545 motus
284 1507 388 1554 primi
414 1508 663 1550 desumsisset‚
697 1518 778 1543 cum
814 1513 934 1544 tamen
971 1507 1131 1543 secunda
1167 1506 1275 1543 fuerit
1301 1518 1344 1542 ex
1369 1509 1526 1546 motibus
1551 1508 1736 1554 secundis,
1774 1514 1809 1546 et
1833 1511 1938 1557 plane

143 1561 297 1598 multum
320 1561 454 1597 referat
479 1561 524 1597 ad
549 1562 837 1607 comparationes
862 1561 992 1606 capitis
1020 1562 1079 1606 10,
1117 1561 1253 1596 maneri
1276 1561 1313 1595 in
1337 1561 1464 1598 eodem
1487 1573 1635 1607 genere,
1667 1564 1751 1608 quia
1775 1574 1865 1608 quas
1889 1564 1937 1600 ibi
1991 1572 1994 1582 ²

143 1614 432 1650 consideraverat
457 1614 710 1658 longitudines,
737 1613 822 1650 illae
845 1620 948 1650 erant
971 1620 1139 1659 respectu
1164 1614 1373 1657 horizontis,
1397 1619 1439 1650 ut
1462 1620 1499 1650 et
1520 1614 1742 1659 latitudines,
1766 1626 1856 1660 quas
1881 1615 1939 1650 hic

142 1667 365 1711 considerat,
405 1672 489 1703 sunt
512 1671 680 1712 respectu
705 1668 869 1712 eiusdem
893 1667 1088 1703 horizontis
1113 1672 1149 1702 et
1182 1666 1257 1712 poli
1280 1666 1403 1702 mundi
1427 1671 1464 1702 et
1487 1666 1664 1712 sphaerae
1687 1667 1800 1703 motui
1823 1667 1938 1712 primo

143 1719 360 1763 destinatae;
409 1724 535 1754 contra
571 1719 780 1756 altitudines
817 1721 946 1766 capitis
986 1721 1038 1754 11.
1074 1729 1145 1754 non
1183 1723 1286 1754 erant
1320 1723 1490 1763 respectu
1531 1718 1728 1755 horizontis
1765 1725 1828 1755 aut
1864 1718 1938 1764 poli
1989 1727 1991 1729 ·

144 1772 330 1817 sphaera-e,
356 1772 419 1807 sed
444 1777 613 1817 respectu
638 1772 752 1808 centri
777 1773 921 1808 Terrae.

256 1838 353 1873 Not-a
376 1837 420 1872 11.
469 1837 728 1883 Argumentum
754 1838 823 1872 hoc
847 1836 1124 1881 comparationis
1141 1834 1246 1871 valde
1263 1840 1318 1871 est
1342 1837 1521 1880 generale,
1547 1847 1613 1871 nec
1630 1836 1772 1872 serium.
1797 1836 1951 1880 Dicam-‚⁷
1980 1855 1986 1863 »

143 1889 238 1934 quod
262 1889 430 1925 habuerit
456 1889 553 1925 aliud
578 1889 855 1934 comparationis
881 1892 1130 1932 argumentum
1155 1888 1190 1922 in
1217 1888 1374 1931 occulto,
1399 1889 1469 1924 hoc
1494 1900 1561 1934 sc.,
1584 1893 1628 1924 ut
1653 1889 1752 1926 nulla
1775 1889 1826 1924 illi
1851 1901 1936 1936 pars
1982 1891 1986 1895 '

140 1943 295 1979 musices
320 1942 486 1987 supersit,
512 1953 605 1987 quae
632 1953 702 1978 non
728 1942 930 1987 reperiatur
954 1941 989 1976 in
1017 1940 1137 1985 coelo,
1164 1940 1260 1986 quod
1284 1941 1443 1977 insinuat
1465 1951 1552 1977 voce
1579 1942 1777 1978 «residua».
1826 1941 1936 1987 Atqui

141 1996 171 2031 si
195 2000 362 2030 tonorum
390 1993 632 2029 definitionem
658 1999 816 2039 spectes,
856 2004 897 2029 ea
922 1999 998 2030 tota
1023 2005 1045 2029 a
1070 1999 1195 2039 cantu,
1231 1999 1271 2028 ut
1296 2000 1421 2029 cantus
1446 1999 1520 2039 est,
1547 1995 1742 2039 dependet,
1768 2005 1790 2029 a
1813 1994 1936 2030 circuli

141 2058 224 2084 vero
250 2052 380 2083 natura
405 2057 468 2081 seu
494 2057 515 2081 a
539 2047 763 2092 planetarum
790 2045 1076 2091 separationibus
1102 2051 1158 2081 est
1182 2046 1410 2082 alienissima.
1459 2046 1571 2090 Quasi
1597 2057 1680 2082 vero
1704 2045 1795 2083 nihil
1820 2046 1936 2091 possit

140 2100 313 2136 accedere
339 2099 461 2135 cantui
485 2104 569 2144 post
594 2100 770 2145 principia
795 2099 972 2134 rationum
999 2110 1043 2134 ex
1069 2098 1203 2135 circulo
1230 2099 1408 2144 desumta,
1435 2099 1531 2144 quod
1556 2111 1626 2136 nou
1651 2099 1772 2135 itidem
1798 2109 1844 2135 ex
1868 2099 1935 2135 cir·

140 2153 221 2189 culo
246 2152 463 2189 desumatur.
520 2152 699 2197 Quaeram
722 2153 846 2197 igitur,
873 2162 944 2197 qua
969 2152 1122 2197 imagine
1147 2155 1285 2193 textus,
1320 2153 1380 2197 qui
1406 2153 1452 2188 ad
1476 2153 1667 2189 melodiam
1691 2153 1848 2194 canitur,
1873 2151 1934 2186 de·

141 2205 298 2251 scriptus
323 2207 370 2241 sit
393 2205 429 2240 in
454 2204 601 2240 zodiaco
616 2206 634 2239 ἱ)
683 2205 775 2241 Toni
799 2204 937 2240 variant
962 2205 1086 2240 ordine
1112 2205 1366 2240 concinnorum
1404 2216 1467 2242 seu
1504 2206 1645 2255 diverso
1676 2205 1933 2241 concinnorum

140 2257 277 2294 ordinis
302 2257 422 2303 initio,
460 2263 496 2293 et
521 2257 551 2293 si
575 2259 667 2293 bene
690 2258 850 2304 percipio
876 2258 1139 2301 Ptolemaeum,
1177 2257 1276 2293 nulla
1308 2258 1380 2294 alia.
1411 2270 1450 2294 re
1485 2271 1506 2295 a
1539 2259 1728 2305 speciebus
1759 2257 1933 2302 diapason

141 2309 331 2356 differunt,
368 2321 475 2356 quam
511 2309 700 2346 altitudine
736 2310 771 2345 in
809 2311 970 2356 perfecto
1009 2316 1213 2356 systemate.
1263 2311 1482 2347 Mutationes
1506 2311 1733 2357 propriarum
1757 2309 1932 2354 cuiusque
1992 2332 1994 2349 1

140 2362 367 2399 latitudinum
391 2363 444 2406 (ut
468 2367 611 2397 maneat
635 2362 738 2398 nobis
761 2363 857 2399 idem
881 2374 997 2399 rerum
1023 2363 1343 2408 comparandarum
1370 2374 1499 2408 genu8‚
1526 2363 1623 2409 quod
1647 2362 1836 2411 hactenus)
1855 2370 1930 2402 ,non

141 2416 279 2451 variant
304 2416 463 2452 ordinem
488 2420 711 2461 aspectuum,
737 2417 920 2452 concinnis
944 2416 1251 2462 respondentium,
1280 2416 1340 2451 sed
1366 2413 1530 2451 videntur
1554 2415 1688 2461 proprii
1713 2414 1931 2458 singulorum

140 2474 259 2505 motus
283 2468 319 2503 in
343 2468 467 2512 latum,
491 2479 511 2502 a
538 2472 700 2502 creatore
727 2468 762 2503 in
788 2469 822 2503 id
849 2468 1066 2513 comparati,
1093 2473 1131 2503 ut
1157 2477 1326 2503 successu
1352 2468 1554 2503 seculorum
1579 2468 1693 2503 omnis
1718 2465 1930 2511 superficies
1966 2512 1969 2515 Δ

140 2521 325 2568 sphaerae.
351 2521 479 2566 cuique
505 2520 672 2565 planetae
697 2521 915 2564 assignatae,
942 2525 1230 2565 percurret-etur:
1256 2520 1377 2564 itaque
1401 2520 1549 2566 planeta
1573 2520 1764 2556 crebritate
1788 2529 1930 2555 conser-

139 2578 256 2609 torum
281 2577 463 2609 meatuum
489 2572 677 2618 sphaeram
704 2573 769 2607 sibi
797 2573 953 2618 undique
978 2573 1179 2609 conclusam
1205 2578 1344 2608 texerat
1368 2574 1480 2610 instar
1504 2573 1698 2619 bombycis,
1724 2576 1758 2607 et
1777 2577 1816 2607 ut
1840 2573 1931 2607 haec

141 2625 214 2671 filo,
241 2627 292 2662 sic
317 2626 378 2662 ille
402 2629 563 2661 motuum
589 2625 748 2670 vestigiis
773 2626 933 2670 corporis
959 2626 1034 2660 cavi
1061 2626 1213 2669 speciem
1239 2632 1536 2671 repraesentaret.

254 2678 368 2715 Paulo
392 2677 547 2713 fortasse
571 2677 703 2712 rectius
730 2678 990 2722 comparaverit
1026 2677 1154 2721 aliquis
1180 2677 1319 2713 diversa
1356 2679 1635 2723 planetariarum
1662 2677 1927 2723 separationum

141 2731 242 2766 initia
258 2758 266 2774 ,
300 2729 399 2767 verbi
424 2740 554 2773 causa,
594 2730 622 2763 si
650 2740 743 2764 unus
768 2729 813 2764 sit
839 2734 944 2765 natus
982 2740 1075 2764 anno
1101 2730 1191 2766 ’1603
1218 2729 1284 2765 sub
1310 2730 1562 2775 conjunctione
1586 2731 1729 2766 Saturni
1754 2733 1791 2764 et
1813 2727 1926 2772 Jovis,

140 2782 231 2818 alius
259 2783 346 2819 1607
372 2782 438 2818 sub
464 2781 605 2817 sextili.
644 2781 770 2816 tertius
795 2790 887 2816 annu
915 2781 1004 2815 <1606
1031 2781 1097 2815 sub
1123 2781 1321 2826 quadrato,
1359 2788 1507 2827 quartus
1540 2793 1633 2818 anno
1661 2782 1749 2818 1609
1775 2781 1841 2817 sub
1865 2779 1927 2815 tri·

142 2847 256 2881 gono,
291 2836 439 2880 quintus
464 2845 558 2871 anno
589 2835 675 2871 1612
701 2835 768 2872 sub
793 2833 958 2878 opposito
983 2837 1051 2868 etc.
1102 2834 1241 2869 Primus
1266 2835 1375 2879 igitur
1398 2835 1533 2870 viveret
1554 2833 1810 2870 revolutionem
1831 2831 1928 2868 nice-
1955 2864 1959 2871 ,

142 2889 276 2924 nariam
299 2888 405 2924 aliter
429 2893 686 2934 comparatam,
713 2897 819 2932 quam
845 2885 1034 2929 secundus,
1062 2892 1096 2920 et
1120 2887 1179 2922 hic
1203 2887 1325 2931 aliam,
1352 2898 1458 2933 quam
1482 2886 1625 2930 tertius,
1652 2889 1689 2920 et
1712 2894 1833 2921 eorum
1856 2882 1926 2918 sin-

142 2939 234 2983 gulis
271 2941 395 2977 ordine
431 2941 572 2988 quidem
609 2942 755 2984 eodem,
792 2937 856 2975 sed
880 2937 950 2972 alio
987 2942 1095 2982 atque
1131 2938 1200 2974 alio
1237 2938 1373 2984 periodi
1398 2938 1519 2982 initio,
1557 2937 1635 2973 aliis
1661 2941 1697 2972 et
1720 2935 1798 2972 aliis
1822 2934 1926 2970 annis

140 2992 270 3028 aetatis
295 2995 457 3029 venirent
480 2992 707 3039 planetarum
732 2995 910 3036 aspectus.
959 2988 1057 3024 Idem
1089 2989 1276 3026 dicendum
1303 2990 1348 3026 de
1373 2990 1514 3026 diversa
1537 2994 1657 3026 aetate
1680 2988 1820 3033 Lunae,
1852 2995 1924 3029 qua

145 3055 204 3081 res
230 3047 413 3090 quaelibet
437 3045 563 3091 oritur,
590 3050 625 3081 et
652 3046 703 3082 sic
728 3046 834 3081 etiam
861 3042 905 3078 de
930 3041 1071 3077 ceteris.
