1988 3276
711 134 1000 175 numanum
1020 134 1158 172 Mundi.
1768 136 1820 177 19

56 257 122 299 hic
149 256 262 299 dictis
284 258 492 310 appositis:
538 256 674 309 „Vale-
732 257 807 298 Die
837 257 876 296 9.
907 256 1005 297 Dec.
1038 254 1188 304 18210‘,
1226 255 1525 297 nisiassumere
1553 251 1671 302 velis,
1711 251 1823 305 Kep-

57 314 388 366 munuum.
417 321 623 368 antequam
650 314 701 356 ad
729 315 843 356 finem
870 314 993 366 proeli
1020 314 1273 366 pervenisset,
1300 311 1469 353 Fluddio
1496 312 1766 353 transmisisse.

84 375 89 379 ’
154 381 242 435 ‘Dc
258 385 335 426 hoc
350 385 507 426 Fluddii
524 379 658 427 libello
674 391 801 437 pauca
818 384 1007 424 habemus
1027 395 1127 434 quae
1148 381 1331 422 dicamus.
1361 382 1515 422 Priores
1531 382 1672 434 repetit
1690 380 1825 432 objur-

59 434 233 505 ζυΙΙοιιου
260 455 402 496 magna
430 457 479 484 ex
505 448 632 496 parte,
672 443 768 482 nihil
797 445 910 492 novi,
953 441 1057 493 quod
1097 446 1309 481 memoratu
1346 439 1505 491 dignum
1542 441 1613 490 sit,
1652 439 1826 480 afferens.

192 513 241 542 ne
269 504 399 552 utitur,
438 504 472 543 si
500 507 623 542 totum
651 502 910 554 spectaveris,
950 500 1200 549 modestiore,
1230 510 1466 551 quamquam
1495 499 1621 539 elucet
1648 509 1829 538 nonnun-

60 548 177 612 quam
204 561 353 601 aninms
382 561 535 613 Anglici
563 560 766 611 theosophi
796 572 821 599 a
848 558 1019 610 Keplero
1059 559 1294 601 vulneratus.
1365 556 1610 608 Quantopere
1638 556 1829 608 Keplerus

61 616 109 658 dc
137 618 409 660 mathematica
437 624 476 660 et
503 620 738 659 astronomia
766 619 956 667 meruerit,
986 618 1110 668 magis
1136 628 1252 668 quam
1281 622 1396 656 antea
1425 627 1651 668 agnoscens,
1680 616 1763 655 suis
1782 614 1831 654 de

61 675 206 717 mundo
231 679 405 731 mysticis
433 678 678 729 opinionibus
705 676 793 728 plus
823 688 940 727 quam
957 675 1118 727 Kepleri
1137 675 1319 726 operibus
1344 674 1490 715 tribuit.
1529 673 1628 714 Cum
1646 672 1835 714 nonnulla

62 745 112 774 ex
138 735 214 776 boc
237 748 422 787 responso
451 736 766 776 adnotationibus
794 735 845 774 ad
873 734 1032 786 Kepleri
1062 734 1293 785 Apologiam
1329 745 1400 774 suo
1439 733 1527 773 loco
1566 732 1832 784 adjecerimus,

61 803 199 844 pauca,
229 806 330 846 quae
358 796 399 833 ιιι
427 794 502 835 fine
531 795 721 846 leguntur,
752 794 884 834 afferre
912 793 1032 833 lubet.

193 862 387 917 Keplerus
415 863 561 904 dixerat
590 864 629 902 in
657 874 815 903 numero
837 864 912 903 26·
957 862 1053 902 ιιιιΙιι
1080 864 1264 915 mysteria
1294 866 1363 901 tua
1389 860 1574 912 perplexa
1601 864 1693 900 sunt
1720 859 1836 911 culpa

64 925 135 962 tua
159 925 405 974 tuorumque,
445 934 542 973 quos
569 921 726 971 laudas,
755 933 890 961 roseae
920 923 1042 960 crucis
1070 922 1240 970 fratrum,
1271 921 1338 973 qui
1367 919 1520 970 fugiunt
1548 918 1599 958 ad
1628 918 1768 958 salices
1797 923 1837 958 et

64 990 108 1020 υο
137 982 294 1032 cupiunt
321 985 438 1021 autea
463 980 599 1021 videri
638 980 701 1019 Ad
730 979 827 1019 haec
855 979 1066 1018 Fluddius.
1100 981 1247 1018 Fratres
1270 990 1395 1017 roseae
1419 980 1475 1016 Cr.
1499 978 1653 1024 maiores
1675 978 1836 1025 profecto

65 1039 166 1083 sunt,
189 1045 296 1082 quam
317 1036 447 1083 quibus
469 1035 721 1072 malevolorum
744 1034 935 1080 opprobria
957 1045 1086 1071 nocere
1109 1034 1259 1081 possint.
1312 1032 1342 1068 Ο
1366 1043 1472 1078 quam
1496 1042 1645 1079 corpore
1668 1031 1838 1068 robustus
1868 1069 1872 1078 -.

65 1086 344 1134 esset-Ioannes,
367 1098 473 1135 quam
497 1088 625 1135 spiritu
644 1092 772 1134 potens
797 1092 833 1122 et
857 1086 973 1131 fortis,
998 1086 1059 1131 qui
1081 1086 1211 1123 stati-es
1226 1087 1304 1130 hos,
1328 1083 1559 1130 philosophia
1573 1088 1611 1120 et
1623 1082 1840 1130 theosophis

66 1141 380 1188 eminentissimos,
412 1141 489 1178 solo
523 1152 589 1178 suo
613 1146 702 1178 nutu
726 1144 884 1186 cogeret,
921 1144 961 1176 ut
985 1139 1021 1175 in
1045 1140 1226 1176 hominum
1259 1138 1496 1184 frequentiam
1518 1137 1715 1184 prodirent.
1761 1136 1839 1173 Imo

66 1205 151 1232 vero
171 1205 239 1233 nec
260 1196 327 1233 tibi
348 1205 415 1232 nec
436 1194 522 1231 mihi
545 1194 750 1232 obedientes
773 1193 975 1238 neminique
999 1193 1069 1229 nisi
1084 1193 1153 1229 soli
1168 1195 1245 1230 Deo
1273 1190 1453 1236 subjecti
1440 1201 1477 1227 in
1492 1189 1840 1237 publicumprodim

67 1252 106 1285 et
117 1248 251 1286 mundo
272 1259 313 1285 se
335 1248 494 1286 revelare
517 1259 582 1286 suo
601 1252 762 1293 tempore
776 1245 1028 1292 proculdubio
1044 1256 1115 1281 non
1132 1245 1316 1289 desistent,
1341 1244 1424 1280 dum
1439 1245 1576 1281 interea
1591 1249 1665 1280 tam
1679 1244 1841 1280 Joannes

68 1305 174 1347 quarn
189 1301 368 1338 Robertus
392 1301 467 1338 suis
491 1301 649 1338 contenti
672 1302 837 1335 maneant
861 1297 1155 1343 conceptionibus
1179 1302 1217 1334 et
1239 1303 1365 1334 contra
1387 1297 1562 1342 homines,
1586 1297 1675 1343 ipsis
1694 1301 1735 1334 ut
1755 1295 1843 1332 mihi

68 1352 210 1389 videtur
230 1353 358 1389 millies
381 1353 570 1399 doctiores,
594 1352 725 1398 probra
748 1357 785 1388 et
809 1351 967 1387 convicia
991 1351 1068 1387 sine
1091 1361 1201 1387 eausa
1223 1355 1260 1386 et
1282 1351 1421 1387 ratione
1443 1350 1573 1387 inferre
1589 1349 1774 1395 desistant,
1797 1359 1843 1386 ne

70 1403 161 1440 haec
182 1404 326 1451 linguae
349 1415 436 1442 suae
458 1405 729 1463 intemperantia
744 1404 787 1440 iis
803 1403 949 1439 tandem
964 1401 1155 1448 aliquando
1171 1402 1338 1438 damnum
1354 1402 1492 1439 afferat.
1526 1401 1678 1440 Deinde
1696 1401 1841 1451 pergit:

69 1456 141 1493 ista
159 1456 359 1507 apologiae
390 1457 540 1493 Joannis
570 1466 654 1502 pars
684 1456 813 1501 jurgiis
841 1455 950 1501 plena
982 1460 1038 1491 est
1070 1460 1108 1491 et
1139 1465 1211 1491 uon
1243 1456 1361 1501 magni
1391 1466 1475 1492 cum
1505 1455 1634 1492 ceteris
1662 1454 1845 1491 nonnullis

70 1501 239 1548 momenti
259 1509 418 1556 materia,
443 1519 554 1555 quare
577 1519 655 1545 eam
678 1508 863 1545 brevitatis
887 1517 997 1544 causa
1020 1507 1252 1544 omittendam
1275 1518 1414 1544 censeo.
1472 1505 1594 1553 Tunc,
1623 1506 1845 1556 provocatis

74 1565 141 1615 qui
173 1563 337 1616 legerint
376 1566 475 1605 inter
509 1576 552 1604 se
592 1570 631 1604 et
665 1564 876 1616 Keplerum
917 1565 1080 1613 arbitris,
1124 1565 1293 1614 quaerit,
1332 1575 1459 1604 noune
1500 1566 1583 1616 ipse
1625 1563 1846 1615 philosophi

51 1624 227 1673 *nominc
254 1622 464 1674 digniorem
494 1634 610 1673 quam
637 1622 828 1674 Keplerus
867 1623 907 1659 in
936 1622 1010 1661 hac
1040 1633 1158 1661 causa
1186 1634 1229 1661 se
1258 1624 1502 1674 praestiterit,
1543 1627 1582 1662 et
1610 1622 1725 1661 finem
1754 1621 1847 1660 facit

73 1680 135 1720 his
152 1679 283 1720 dietis·
311 1683 454 1719 tametsi
476 1683 530 1718 vir
552 1683 764 1725 clarissime,
794 1687 835 1717 ut
858 1682 904 1718 ad
923 1683 1060 1728 justam
1083 1692 1148 1727 ego
1173 1682 1278 1717 variis
1302 1681 1410 1727 hujus
1432 1681 1630 1727 Apologiae
1652 1686 1735 1718 tuae
1757 1681 1848 1717 locis

73 1734 351 1782 iudIgnationem
374 1738 535 1771 arrectus
559 1734 643 1770 mihi
665 1745 738 1770 non
760 1734 988 1777 mediocriter
1010 1745 1271 1778 suecenserem,
1301 1734 1372 1770 imo
1402 1745 1486 1770 vero
1515 1746 1582 1780 pro
1611 1734 1717 1771 modo
1741 1734 1847 1770 vehe-

73 1787 226 1831 meiitiae
248 1792 286 1824 et
308 1786 456 1823 fervoris
480 1786 533 1822 tui
556 1786 747 1831 saevirem,
781 1787 966 1833 aptissima
989 1798 1029 1823 se
1051 1786 1256 1833 praebuerit
1286 1787 1445 1822 occasio:
1481 1797 1527 1823 en
1550 1792 1670 1823 tamen
1693 1792 1731 1823 et
1753 1796 1848 1832 ecce,

74 1838 371 1885 quemadmodum
393 1839 531 1884 magico
555 1838 794 1875 susurramine
818 1850 943 1876 amnes
973 1839 1084 1886 agiles
1112 1838 1260 1882 reverti,
1296 1843 1422 1874 ventos
1450 1839 1635 1875 unanimes
1664 1838 1849 1884 exspirare

74 1895 181 1937 utque
210 1890 360 1936 fulguris
383 1890 585 1926 violentiam
615 1891 776 1927 inhibere
806 1891 988 1936 dicuntur,
1025 1892 1077 1928 sie
1108 1890 1215 1926 etiam
1246 1901 1320 1937 me,
1351 1890 1593 1928 moderamine
1617 1896 1654 1929 et
1675 1891 1850 1938 patientia

75 1942 212 1980 meliori
232 1943 406 1980 imbutum
429 1947 535 1987 atque
557 1942 711 1979 bilosum
733 1944 770 1979 ιιι
793 1955 872 1979 meo
895 1944 1093 1980 meditullio
1125 1943 1354 1990 elementum,
1386 1949 1571 1989 utcunque
1594 1944 1632 1980 in
1656 1955 1696 1980 se
1718 1943 1849 1980 mobile

75 1999 114 2031 et
145 1994 325 2041 rupidum,
358 1995 643 2040 aequanimitatis
676 2002 760 2032 tuae
792 2001 900 2042 atque
930 1996 1107 2032 amicitiae
1136 1995 1276 2032 oblatae
1309 1995 1436 2041 spiritu
1469 1996 1717 2043 propitiatam,
1763 1997 1849 2032 mite

77 2050 185 2093 atque
205 2047 317 2084 fixum
339 2048 425 2084 satis
448 2048 635 2093 hucusque
657 2053 694 2084 te
717 2049 896 2084 invenisse
920 2059 1037 2094 spero,
1060 2059 1130 2094 quo
1147 2048 1212 2085 tibi
1234 2048 1383 2085 comiter
1404 2049 1599 2094 mundique
1620 2048 1770 2086 literatis
1793 2059 1851 2085 me

78 2103 177 2136 tuam
197 2100 237 2136 in
257 2096 409 2136 mathesi
433 2100 580 2146 gloriam
603 2106 667 2137 aut
699 2100 941 2137 ebuccinatam
973 2101 1010 2136 in
1040 2101 1285 2147 philosophia,
1317 2100 1549 2147 qualisqualis
1580 2106 1651 2147 est,
1683 2102 1851 2138 virtutem

79 2151 313 2189 aemulatione
335 2157 397 2189 aut
418 2153 549 2190 invidia
571 2154 715 2190 minime
738 2164 894 2212 unquam
916 2158 1153 2198 persecutum,
1189 2155 1253 2191 sed
1276 2153 1372 2199 quod
1395 2164 1512 2189 meum
1536 2159 1592 2190 est
1613 2154 1746 2201 potius,
1786 2158 1851 2191 At-

38 2234 42 2237 *
79 2204 220 2242 lauticis
242 2206 345 2252 quasi
360 2206 522 2242 humeris
546 2212 747 2243 sustentare
770 2205 807 2240 in
830 2205 1126 2251 praecedentibus
1149 2217 1358 2253 aggressum
1380 2206 1608 2243 indicarem.
1634 2235 1643 2243 .
1669 2235 1679 2245 .

217 2262 273 2299 sis
287 2263 405 2309 igitur
427 2264 481 2299 vir
499 2265 731 2310 ornatissime,
755 2265 793 2300 in
808 2264 935 2314 studiis
950 2264 1021 2301 tuis
1038 2265 1299 2303 mathematicis
1314 2265 1401 2301 felix
1416 2270 1525 2311 atque
1540 2265 1691 2310 faustus,
1713 2276 1853 2314 precor,

82 2325 106 2351 a
124 2315 275 2352 Boberti
295 2316 523 2362 philosophia
544 2317 722 2354 abstineas
746 2317 880 2354 suadeo
904 2322 972 2354 etc.

224 2378 327 2418 Huic
356 2379 514 2419 consilio
552 2381 754 2419 obsecutus
785 2379 974 2430 Keplerus
1003 2379 1159 2418 Fluddii
1194 2379 1326 2419 libello
1361 2391 1439 2418 non
1474 2378 1688 2431 respoudit,
1727 2381 1851 2419 satius

84 2435 245 2486 ducens,
288 2440 550 2477 astronomicis
588 2438 725 2477 studiis
763 2449 874 2489 porro
904 2449 988 2476 sese
1018 2437 1176 2486 dedere,
1217 2450 1332 2488 quam
1372 2450 1458 2477 eum
1495 2438 1731 2490 theosopho,
1770 2439 1851 2477 suis

85 2495 326 2545 opinionibus
355 2496 585 2546 insipienter⁴
603 2496 836 2543 inhaerente,
867 2495 1029 2545 litigare.
1089 2496 1267 2535 Ceterum
1296 2507 1514 2545 monemus,
1556 2496 1752 2535 addidisse
1781 2507 1852 2534 nos

85 2552 127 2591 in
153 2554 465 2593 annotationibus
500 2554 686 2604 quasdam
722 2554 877 2593 Fluddii
906 2554 1175 2604 responsiones
1214 2554 1264 2593 ad
1293 2555 1451 2606 Kepleri
1482 2554 1715 2605 Apologiam
1745 2559 1783 2592 et
1812 2557 1855 2591 ut

86 2609 236 2650 facilius
283 2611 580 2662 comprehendat
625 2612 745 2651 lector
783 2625 848 2657 ea,
878 2623 976 2661 quae
1019 2611 1211 2662 Keplerus
1256 2615 1387 2652 'contra
1436 2612 1645 2651 Fluddium
1692 2612 1853 2662 scripsit,

86 2671 253 2708 numeris
283 2670 471 2708 continuis
502 2667 790 2723 (I—XXVI.)
821 2672 994 2720 signasse
1024 2671 1063 2707 in
1093 2670 1251 2721 Kepleri
1288 2671 1579 2721 „Appendice“‚
1612 2681 1712 2721 quae
1732 2668 1855 2707 Flud-

88 2724 175 2766 dius
202 2728 242 2765 in
262 2727 498 2776 „Discursu“
520 2739 590 2766 suo
618 2728 755 2767 iisdem
783 2729 950 2767 numeris
979 2729 1160 2777 signavit,
1191 2730 1375 2780 inscripta
1397 2728 1635 2780 „Analysis“
1657 2728 1688 2766 L
1708 2726 1762 2766 Π.
1782 2731 1855 2766 etc.

1530 3178 1588 3218 2·
