1994 3276
723 91 1175 139 „men-V.th
1489 82 1493 86 ’
1652 104 1659 110 ·
1773 101 1922 161 319,

110 216 116 223 ·
182 212 348 253 Inventa
366 216 427 252 est
445 223 538 262 ergo
567 225 615 253 cx
643 212 890 264 praescriptis
919 211 1131 251 harmoniis
1161 213 1358 264 proportio
1389 212 1604 254 mediorum
1634 214 1858 255 diurnorum
1934 207 1937 209 Δ

67 276 257 317 motuum.
286 281 388 321 quae
416 269 564 310 scilicet
593 276 654 310 est
681 271 779 310 inter
809 270 1000 320 quusque
1029 270 1222 319 graduum
1251 277 1290 310 et
1318 273 1554 311 minutorum
1573 278 1646 312 etc.
1678 285 1860 314 numeros

69 329 169 368 inter
195 338 253 368 se·
269 333 534 379 comparatos3
572 339 674 379 quae
711 339 828 379 quam
869 330 1085 379 propinque
1126 329 1287 368 accedat
1319 329 1369 368 ad
1408 333 1704 381 astronomiam,
1745 332 1859 372 facile

69 392 129 425 est
158 385 375 437 explorare.
701 416 708 423 ,

182 443 356 484 Tertium
412 441 530 495 caput
581 445 864 494 propositorum
911 443 1060 494 indiget
1110 445 1251 496 capitis
1291 445 1330 483 3.
1375 455 1534 485 numero
1581 447 1618 485 8.
1690 447 1858 488 Inventa

69 502 173 541 enim
200 503 448 553 proportione
479 501 701 541 diurnorum
730 501 944 541 mediorum
974 509 1148 541 motuum
1179 505 1216 540 in
1247 503 1411 552 singulis
1439 504 1622 556 planetis,
1651 504 1766 544 datur
1794 507 1858 545 in-

68 561 200 599 venire
229 565 270 599 et
297 562 584 611 proportionem
613 561 777 600 orbium.
834 560 906 599 Est
942 562 1045 599 enim
1084 561 1283 611 proportio
1313 561 1528 600 mediorum
1557 568 1733 602 motuum
1761 576 1856 614 pro·

68 618 256 668 portionis
287 618 439 657 orbium
467 629 628 658 eversae
657 617 924 668 sesquialtera.
989 619 1108 669 Atqui
1150 621 1267 658 etiam
1298 621 1496 670 proportio
1529 621 1751 661 cubicorum
1781 634 1857 661 nu-

68 687 259 716 merorum
288 681 349 715 est
375 675 631 726 sesquialtera
659 677 918 727 proportionis
938 676 1213 727 quadratorum
1233 677 1283 716 ad
1315 677 1471 716 easdem
1501 677 1649 718 radices
1679 679 1858 731 adscrip-

69 739 196 773 torum
225 735 263 772 in
293 733 429 773 tabula
458 733 609 782 Clavii‚
655 746 771 784 quam
807 734 1008 784 subjunxit
1044 747 1138 774 suae
1170 734 1416 775 Geometriae
1446 735 1661 776 Praeticae.
1722 737 1852 787 Quare

69 793 103 830 si
124 796 357 843 quaerantur
374 793 521 831 numeri
550 794 670 830 nostri
699 797 872 832 motuum
892 792 1106 832 mediorum
1126 793 1346 842 (decurtati,
1377 794 1443 832 ubi
1464 805 1561 845 opus
1583 796 1666 843 erit,
1697 797 1853 846 aequali

68 861 228 893 numero
258 849 504 902 eypbrarum)
532 851 633 888 inter
661 851 820 890 cubicos
850 851 955 889 illius
984 851 1161 899 tabulae,
1204 851 1443 891 exhibebunt
1471 852 1522 891 ad
1552 853 1747 892 sinistram
1778 855 1851 894 sub

69 907 184 948 titulo
213 907 489 959 quadratorum
526 919 705 947 numeros
744 910 1003 960 proportionis
1041 910 1212 959 orbium3
1256 915 1348 949 tunc
1390 912 1695 951 eccentricitates
1738 924 1856 963 supra

69 965 232 1018 singulis
267 965 485 1016 adscriptae
520 966 559 1004 in
599 966 836 1006 dimensione
887 967 1076 1017 cujusque
1117 967 1489 1007 semidiametrorum
1540 972 1697 1020 propria
1742 971 1856 1010 facile

71 1035 139 1075 per
166 1023 340 1074 regulam
370 1025 661 1075 proportionum
693 1030 991 1075 transponentur
1022 1027 1057 1063 in
1080 1025 1359 1064 dimensionem
1390 1027 1569 1066 omnibus
1599 1039 1855 1077 communem,

69 1087 114 1121 ut
142 1083 190 1120 ἰὴ
220 1081 364 1121 additis
393 1082 444 1121 ad
473 1081 777 1122 semidiametros
822 1084 972 1122 orbium
1015 1083 1181 1134 indeque
1211 1084 1374 1132 ablatis,
1420 1087 1703 1125 constituantur
1734 1088 1854 1126 inter-

68 1139 175 1179 valla
201 1141 441 1190 singulorum
480 1152 507 1179 a
535 1139 628 1180 Sole
669 1146 852 1180 extrema.
911 1141 1104 1181 Dabimus
1144 1147 1275 1182 autem
1304 1142 1592 1183 semidiametro
1624 1145 1728 1184 orbis
1760 1145 1854 1184 Tel-

66 1197 161 1236 luris
190 1197 468 1238 dimensionem
497 1198 703 1237 rotundam
739 1200 926 1247 100000,
966 1205 1009 1239 ut
1037 1201 1155 1239 moris
1184 1206 1244 1240 est
1274 1202 1314 1238 iu
1342 1203 1601 1250 astronomia,
1633 1202 1750 1253 idque
1780 1203 1855 1243 hoc

65 1254 249 1304 oonsilio,
291 1258 385 1307 quia
414 1256 477 1296 hie
505 1267 707 1304 numerus,
745 1268 815 1296 seu
854 1257 1044 1307 quadrata
1084 1257 1364 1310 multiplicatus
1406 1271 1477 1299 seu
1507 1260 1666 1309 cubice,
1703 1273 1855 1312 semper

65 1319 218 1352 constat
246 1317 361 1357 meris
391 1314 563 1366 cypbris3
593 1316 725 1364 itaque
754 1316 872 1354 etiam
900 1322 1049 1354 motum
1078 1316 1249 1356 medium
1270 1316 1437 1356 Telluris
1459 1318 1661 1358 efferemus
1690 1330 1852 1359 numero

69 1372 208 1411 10000
218 1373 414 1420 000000,
446 1383 515 1423 per
542 1372 717 1422 reguiam
748 1376 1037 1424 proportionum
1068 1375 1268 1429 facientem
1297 1382 1339 1414 ut
1366 1387 1567 1416 numerum
1587 1383 1715 1416 motus
1734 1378 1851 1417 medii

64 1429 254 1480 oujmque
278 1430 460 1481 planetae
489 1429 540 1470 ad
568 1441 768 1470 numerum
806 1438 935 1470 motus
973 1432 1088 1471 medii
1119 1432 1305 1480 Telluris,
1347 1435 1404 1473 sic
1439 1435 1577 1475 10000
1591 1435 1773 1474 000000
1803 1435 1854 1475 ad

63 1498 208 1527 novam
237 1488 528 1529 dimensionem.
587 1488 651 1528 Ita
680 1491 852 1539 quinque
881 1491 976 1528 solis
1005 1490 1203 1530 radicibus
1232 1492 1379 1532 cubicis
1417 1494 1580 1543 transigi
1610 1495 1752 1544 poterit
1782 1505 1852 1533 ne·-

2 1574 6 1577 -
63 1547 225 1597 gotium
255 1546 422 1596 singulis
450 1546 529 1586 illis
558 1558 645 1586 cum
676 1549 791 1587 unico
821 1547 989 1587 Telluris
1017 1560 1178 1588 numero
1209 1552 1455 1599 comparatis.

79 1667 110 1693 '³
166 1685 300 1718 Numeri
322 1695 363 1718 ox
386 1686 533 1718 motibus
554 1684 675 1716 mediis
1214 1688 1449 1720 Eeeentricitas
1461 1689 1495 1719 in
1512 1664 1707 1720 ‘Intervalla
1726 1660 1851 1741 extro-¹

165 1736 168 1739 “
291 1734 329 1764 iu
352 1733 556 1765 dimensione
788 1695 867 1792 ἐξ
881 1694 913 1781 ἕ
927 1694 958 1782 ξ
973 1751 1004 1786 ‘53
1042 1745 1073 1775 ...¹-
1089 1693 1120 1781 ..ξ
1142 1745 1165 1788 ἐ
1260 1734 1464 1766 dimansione
1545 1745 1597 1767 ma
1612 1737 1820 1776 emergentis.
1847 1745 1852 1792 ι

273 1849 414 1889 Pristim
522 1811 616 1879 ’3ξεί
636 1811 749 1880 ἰζῖἶζ
796 1785 956 1880 ἓξὲξ
979 1790 1003 1851 Ξ
1041 1778 1074 1852 Ξ
1092 1783 1119 1870 ξ
1143 1792 1174 1852 Ξ
1217 1827 1350 1867 propria
1395 1836 1486 1858 com·
1549 1828 1661 1868 Aphs-
1688 1805 1691 1816 Ι
1718 1829 1812 1860 Peri·
1846 1795 1851 1854 Ι

416 1875 422 1881 ”
537 1895 734 1936 qmmnd&
786 1867 818 1918 Ξ
842 1878 910 1922 ΞΩ
933 1883 965 1926 ἓ,
1086 1874 1118 1906 ’ὃ
1200 1876 1237 1904 ut
1249 1882 1370 1935 supra]
1391 1874 1494 1906 muni.
1578 1874 1634 1906 lia.
1688 1885 1693 1940 ἱ
1720 1875 1819 1907 helia.

154 2008 188 2062 r>
318 1997 453 2057 156917
502 2055 514 2061 A*
545 2021 729 2057 29539960
856 2021 947 2057 9556
1119 2022 1164 2057 85
1314 2023 1336 2059 5
1419 2022 1487 2059 562
1548 2024 1662 2060 10118
1725 2024 1818 2061 8994

143 2077 203 2133 ‘zt-
315 2089 452 2126 390263
546 2090 730 2127 11877400
856 2090 947 2128 5206
1048 2090 1164 2127 85222
1243 2091 1337 2127 4222
1418 2091 1487 2128 258
1567 2093 1659 2129 5464
1724 2093 1818 2129 4948

151 2153 186 2194 d
291 2157 453 2214 2467584
568 2160 727 2196 1878483
858 2161 945 2196 1523
1117 2161 1163 2196 55
1315 2163 1336 2196 5
1421 2161 1487 2197 138
1570 2163 1655 2198 1661
1727 2162 1817 2198 1384

152 2218 186 2271 ὅ
292 2214 451 2264 4635322
569 2229 728 2283 1000000
854 2231 946 2266 1000
1049 2230 1163 2267 95178
1247 2231 1337 2268 1647
1442 2232 1486 2266 17
1571 2233 1658 2268 1017
1747 2232 1815 2268 983

152 2287 187 2339 Ω
291 2296 454 2334 7571328
590 2284 727 2335 612220
877 2299 942 2335 721
1048 2300 1161 2336 99295
1268 2302 1334 2337 705
1465 2302 1484 2336 5
1590 2301 1658 2336 726
1703 2296 1709 2302 ·
1747 2302 1814 2337 716

270 2364 455 2403 18864680
590 2368 727 2405 245714
875 2369 946 2426 392
1046 2369 1161 2405 80625
1225 2370 1334 2406 17375
1440 2370 1485 2405 85
1589 2370 1658 2406 476
1711 2355 1849 2484 Ἠ

1770 2428 1822 2472 ao)

14 2572 25 2595 ¹.
179 2544 352 2593 Apparet
380 2543 497 2591 igitur
524 2545 563 2581 in
594 2544 730 2583 ultima
758 2545 876 2592 serie,
918 2544 1054 2594 quales
1083 2544 1274 2595 prodeant
1303 2548 1472 2594 numeri,
1505 2548 1647 2596 quibus
1677 2558 1847 2587 conver-

7 2594 22 2639 ’.
66 2602 199 2652 gentis
229 2601 406 2639 binorum
436 2602 699 2650 exprimuntur
728 2602 956 2641 intervalla:
1002 2605 1069 2652 qui
1109 2614 1244 2643 omnes
1275 2605 1391 2643 valde
1429 2616 1549 2655 prope
1580 2605 1770 2644 accedunt
1799 2606 1850 2644 ad

17 2702 22 2707 ¹
65 2659 136 2698 illa
174 2658 402 2705 intervalla,
422 2669 546 2707 -quae
587 2660 717 2697 inveni
757 2671 805 2699 ex
844 2661 1182 2700 observationibus
1227 2662 1440 2701 Braheanis
1471 2670 1520 2708 (p.
1547 2665 1643 2705 284).
1690 2663 1736 2701 In
1766 2663 1850 2703 solo

67 2715 259 2755 Mercurio
296 2715 460 2766 parvula
497 2720 555 2753 est
584 2715 808 2756 differentia.
867 2718 966 2756 Nam
997 2720 1233 2758 astronomia
1274 2719 1429 2758 videtur
1458 2721 1495 2758 ei
1525 2719 1615 2757 dare
1646 2720 1851 2761 intervalla

66 2773 167 2813 haec
197 2774 303 2821 470,
336 2774 444 2821 388,
475 2773 580 2820 306,
621 2776 752 2813 omnia
779 2775 969 2814 breviora.
1030 2777 1161 2816 Causa
1191 2776 1343 2815 dissidii
1375 2776 1438 2816 vel
1467 2779 1506 2814 in
1537 2777 1850 2818 observationum

59 2832 304 2882 *paucitatem
341 2829 581 2880 conjicienda
616 2830 784 2880 videtur,
841 2833 904 2872 vel
950 2835 990 2871 in
1031 2836 1326 2874 cccentricitatis
1370 2834 1688 2884 magnitudinem.
1746 2836 1849 2877 Vide

58 2899 155 2939 τοι).
187 2890 226 2927 3.
286 2887 364 2927 Sed
392 2889 442 2927 ad
474 2888 588 2925 finem
618 2887 756 2927 calculi
783 2901 959 2940 propero.

182 2946 275 2985 Jam
315 2947 417 2984 enim
459 2946 572 2984 facile
617 2950 676 2984 est
689 2973 700 2994 ‚
744 2957 965 2998 comparare
1004 2952 1291 3000 proportionem
1330 2949 1478 2988 orbium
1514 2949 1731 3000 figuralium
1760 2957 1870 2993 cum‘

22 3001 25 3003 ’
70 3004 318 3054 proportione
346 3003 635 3043 intervallorum
665 3007 989 3054 convergentium.
