1994 3276
145 142 225 182 186
849 143 904 179 De
926 143 1224 190 Propertionibus

140 259 192 299 ad
221 259 379 300 ciendos
408 262 567 300 affectus
597 264 812 317 imitatione
840 263 1044 311 sonorum,
1076 275 1188 313 quos
1229 263 1349 303 edunt
1383 255 1574 304 animalia
1608 266 1658 305 ad
1687 266 1932 306 testificanda

72 332 75 336 ’
140 331 212 357 sua
243 319 452 368 desideria,
484 321 574 359 hinc
603 326 722 371 patet,
753 322 902 360 variam
923 327 962 360 et
981 321 1232 372 multiplicem
1252 334 1336 362 esse
1357 323 1457 362 hanc
1479 323 1781 376 disputationem
1804 326 1930 365 adeo—

143 389 218 427 que
247 378 419 416 infinitae
448 375 633 429 similem;
662 391 762 429 quae
794 391 881 417 cum
911 391 1018 418 meos
1037 380 1202 419 lacertos
1232 387 1396 431 superet,
1434 385 1574 421 rectius
1606 385 1928 430 transmitteretur

141 437 323 482 universa
352 439 555 488 empiricis,
586 438 660 476 hoc
690 444 748 477 est
776 439 933 476 musicis
963 440 1158 487 practicis,
1191 441 1335 490 quippe
1366 441 1433 490 qui
1462 442 1544 479 sine
1573 437 1926 492 praeceptionibus,

141 494 225 532 solo
255 500 416 534 naturae
447 495 564 534 ductu
595 496 879 535 admirabilium
910 496 1161 535 melodiarum
1193 498 1357 537 subinde
1387 504 1564 538 auctores
1596 501 1786 548 existunt,
1823 500 1927 550 quod

141 553 235 602 ipsis
264 552 380 603 longe
411 559 469 592 est
497 554 660 603 facilius,
692 567 810 605 quam
838 561 892 602 ut,
923 554 1015 604 quid
1045 557 1095 592 sit
1125 561 1259 594 cantus
1291 561 1330 594 et
1359 558 1397 594 in
1419 569 1499 606 quo
1519 559 1708 596 consistat
1735 565 1806 598 aut
1826 570 1927 608 quo·

141 610 257 649 modo
287 611 413 651 factus
443 614 511 661 sit,
544 615 718 652 oratione
748 613 867 662 longa
895 618 932 651 et
963 613 1106 652 diserta
1137 613 1377 664 eloquantur.
1439 615 1537 654 Cum
1567 618 1690 665 enim,
1732 622 1775 655 ut
1805 619 1929 655 oratio

144 680 272 719 prosa,
305 671 483 719 carmine,
515 673 571 710 sic
601 684 719 710 voces
750 677 789 710 et
818 676 949 719 gestus
980 673 1217 710 animantum
1251 679 1366 711 cantu
1389 679 1723 724 repraesententur
1751 679 1790 713 et
1810 675 1932 713 ⁵veluti

146 727 421 781 depingantur,
466 735 568 768 certe
598 735 641 768 ut
670 731 844 780 poetice,
890 731 946 768 sic
975 730 1091 768 etiam
1121 732 1284 768 musica·
1308 737 1457 770 cantus.
1476 733 1730 783 componendi
1758 733 1933 772 facultas

142 797 216 824 usu
247 791 286 826 et
316 790 591 827 exercitatione
622 789 720 827 sola.
751 789 781 826 si
815 789 927 826 fuerit
957 790 1151 838 ingenium
1182 791 1297 827 etiam
1329 796 1469 828 natura
1498 790 1644 829 factum
1674 791 1725 830 ad
1755 791 1842 839 hoc,
1874 795 1933 831 est

142 844 390 884 addiscenda.

256 902 359 953 Quia
388 911 515 943 tamen
548 917 636 955 pars
667 909 726 943 est
755 904 1115 943 honestissimarum
1135 906 1252 943 animi
1277 907 1570 954 mercationum,
1602 906 1788 956 indagare
1806 918 1932 946 rerum

140 974 289 1008 causas,
321 967 388 1001 aut
417 963 467 1001 ab
499 962 586 1001 aliis
616 969 787 1014 repertas
819 964 1030 1001 comminus
1061 965 1213 1010 intueri,
1247 963 1346 1002 adeo
1367 964 1535 1013 quidem,
1568 959 1611 1003 fit
1638 966 1932 1003 etiavaristo-

139 1022 237 1060 teles
276 1021 559 1072 problematum
598 1033 755 1060 suorum
795 1027 944 1072 partem
984 1033 1059 1060 non
1103 1023 1299 1060 minimam
1347 1023 1740 1075 contemplationibus
1785 1023 1932 1062 dederit

139 1079 392 1126 harmonicis,
425 1079 641 1118 conandum
674 1082 790 1118 etiam
821 1080 884 1117 hic
914 1085 972 1117 est
1002 1080 1150 1129 aliquid
1189 1080 1484 1131 proferendique
1514 1081 1784 1133 philosophiae
1822 1082 1931 1126 fines,

140 1143 179 1176 et
207 1137 380 1176 methodi
408 1137 559 1188 legibus
590 1138 774 1176 adhibitis
806 1137 1017 1176 coercenda
1047 1138 1113 1176 illa
1145 1139 1420 1189 disputationis
1450 1137 1619 1177 infinitas
1636 1139 1778 1190 adque
1811 1152 1932 1189 gene-

139 1195 236 1234 ralia
262 1198 394 1246 capita
423 1196 656 1242 revocanda,
688 1203 731 1235 ut
760 1209 828 1247 per
858 1196 1069 1246 singularia
1099 1197 1346 1247 postmodum
1375 1197 1424 1236 de
1454 1188 1646 1236 similibus
1675 1198 1786 1253 idem
1809 1201 1933 1250 possit

142 1266 226 1294 esse
252 1254 456 1304 judicium

263 1313 294 1351 I.
327 1312 473 1352 Cantus
503 1313 625 1363 ipsius
662 1313 946 1362 affectuumque
986 1314 1051 1362 qui
1083 1318 1218 1351 cantus
1250 1314 1428 1363 species
1440 1319 1668 1365 sequuntur,
1707 1315 1928 1365 proportio-

139 1372 246 1410 nalia
275 1376 366 1409 sunt
396 1371 611 1423 elementa,
643 1372 803 1410 totidem
832 1371 910 1420 fere
941 1383 1099 1410 numero
1131 1373 1323 1420 utrinque.
1383 1371 1484 1410 Nam
1519 1373 1635 1411 etiam
1676 1384 1793 1411 voces
1823 1375 1932 1424 ipsae

142 1432 308 1481 partium
329 1435 479 1478 cantus,
512 1428 657 1481 ἀγωγη,
677 1445 778 1480 tom,
810 1444 975 1475 πεττεια,
997 1432 1130 1480 πλοκη,
1163 1429 1213 1467 ad
1234 1429 1394 1469 affectus
1412 1430 1592 1469 alludunt
1617 1436 1752 1470 certos
1801 1430 1933 1469 Prima

142 1488 381 1540 simplicitati
413 1490 543 1532 servit,
577 1488 713 1526 ultima
744 1488 941 1536 luxuriae,
974 1488 1040 1526 illa
1059 1490 1219 1542 corpori
1239 1488 1375 1526 similis
1398 1495 1470 1540 est,
1501 1489 1596 1527 haec
1618 1488 1836 1538 coloribus3
1867 1496 1932 1528 to-

139 1559 209 1585 nes
239 1546 456 1596 aequalitas
488 1548 743 1585 attentionem
773 1552 921 1595 movet,
942 1538 1075 1597 pettia
1105 1558 1173 1584 seu
1203 1546 1375 1584 lusitatio
1407 1546 1458 1585 ad
1478 1538 1778 1586 delectatione&
1809 1553 1848 1586 et
1867 1559 1932 1586 re-

139 1606 372 1644 creationem
406 1610 464 1643 est
495 1610 729 1655 comparata.
790 1604 899 1643 Haec
930 1609 1020 1643 sunt
1050 1604 1245 1655 generalia
1275 1616 1342 1654 per
1371 1616 1505 1643 omnes
1533 1606 1671 1643 modos
1702 1607 1883 1644 musicos.

254 1663 306 1702 ΙΙ.
340 1664 399 1702 De
430 1674 556 1712 agoge
587 1663 662 1702 hoc
692 1661 886 1714 peculiare
917 1668 1046 1701 monet
1078 1661 1288 1709 Galilaeus,
1323 1662 1419 1701 duas
1449 1663 1535 1713 ejus
1565 1675 1651 1702 esse
1681 1663 1928 1711 differentias,

139 1734 255 1760 unam
286 1734 449 1769 sursum,
468 1722 645 1761 alteram
676 1722 867 1773 deorsum,
899 1733 1060 1770 quarum
1091 1721 1157 1759 illa
1186 1721 1358 1760 laetitiae
1389 1724 1552 1769 serviat,
1583 1722 1680 1760 haec
1710 1723 1929 1761 moestitiae
1983 1727 1991 1734 ”

141 1786 179 1819 et
215 1780 336 1818 fletui.
397 1781 527 1819 Causa
569 1786 628 1818 est
669 1779 876 1828 naturalis,
926 1781 1022 1817 infra
1065 1782 1165 1818 enim
1205 1791 1280 1818 vox
1323 1781 1452 1829 gravis
1494 1784 1601 1818 motu
1640 1780 1751 1818 tardo
1793 1779 1930 1827 editur,
1988 1795 1994 1798 ·

144 1850 261 1888 supra
290 1850 368 1876 vox
399 1844 515 1877 acuta
544 1843 651 1876 motu
684 1840 900 1887 concitato;
941 1850 1028 1876 cum
1067 1850 1157 1888 ergo
1189 1850 1265 1876 vox
1303 1838 1518 1885 descendit,
1559 1839 1681 1888 quieti
1718 1839 1931 1889 appr-opiu-

139 1902 245 1946 quat,
278 1908 364 1935 cum
394 1896 580 1942 ascendit,
612 1898 650 1933 in
682 1902 788 1934 motu
819 1896 987 1947 proficit3
1020 1902 1222 1947 propterea
1253 1898 1291 1934 in
1321 1896 1465 1935 chorali
1487 1902 1602 1934 cantu
1632 1896 1860 1947 plerumque
1889 1898 1926 1934 in

138 1957 216 1993 imo
249 1955 479 2002 desinimus,
511 1954 589 1992 illic
621 1955 737 2003 igitur
768 1966 843 1992 vox
875 1955 1100 2004 languescit,
1134 1955 1196 1993 hic
1229 1956 1346 2004 viget.
1408 1956 1528 2004 Atqui
1550 1956 1665 1993 etiam
1695 1955 1930 1994 iumocrore

139 2013 301 2062 languet
329 2025 436 2051 mens
466 2024 678 2062 omnesque
709 2013 937 2059 functiones,
971 2014 1007 2050 in
1039 2013 1234 2051 hilaritate
1267 2014 1364 2050 vivit
1394 2018 1433 2051 et
1463 2018 1624 2051 actuosa
1653 2018 1723 2051 est.
1976 2057 1986 2060 ⁴

257 2070 330 2109 ΠΙ.
364 2072 432 2109 Est
463 2073 580 2109 etiam
610 2070 732 2108 saltus
764 2072 823 2108 vis
854 2083 1014 2120 magna,
1047 2072 1112 2120 qui
1144 2077 1202 2109 est
1233 2070 1351 2108 veluti
1383 2069 1604 2120 potentialis
1635 2082 1779 2121 agoge3
1815 2071 1934 2109 habet

142 2131 243 2167 enim
273 2131 543 2176 temeritatem,
575 2134 734 2175 motum,
768 2128 982 2176 audaciam,
1016 2135 1075 2166 est
1104 2129 1292 2174 militaris,
1326 2129 1457 2178 virilis,
1488 2128 1705 2179 impudens,
1740 2131 1772 2166 si
1802 2130 1933 2167 creber
1984 2153 1986 2156 -

141 2190 201 2234 sit,
234 2189 459 2238 praesertim
490 2199 557 2238 per
589 2187 782 2236 diapente,
814 2187 924 2235 cujus
956 2187 1090 2235 figura,
1122 2189 1308 2236 trigonus,
1339 2187 1463 2224 acutis
1493 2191 1645 2225 constat
1674 2187 1838 2236 angulis,
1868 2191 1932 2225 to-

141 2253 301 2296 tumque
341 2245 524 2284 circulum
563 2246 684 2283 tribus
726 2244 836 2282 lineis
875 2245 1054 2282 absumit.
1125 2245 1267 2282 Contra
1308 2244 1539 2295 saltuspper
1577 2250 1725 2283 sextam
1777 2245 1932 2283 mollem

141 2307 277 2342 unicus
317 2304 550 2350 ascendens,
601 2308 786 2352 sequente
827 2314 951 2351 agoge
994 2302 1169 2341 deorsum
1208 2302 1514 2352 magnitudinem
1555 2302 1698 2341 doloris
1744 2304 1930 2353 exprimit,

140 2368 253 2413 aptus
286 2362 517 2412 ejulatibus,
550 2362 599 2400 ob
631 2360 919 2398 similitudinem
960 2362 1086 2409 vocis,
1124 2367 1167 2398 ut
1203 2362 1262 2398 in:
1307 2359 1358 2398 In
1388 2373 1449 2399 me
1478 2363 1725 2399 transierunt
1758 2360 1928 2399 Orlandi.

253 2421 323 2459 IV.
356 2421 522 2459 Multum
554 2422 668 2458 etiam
699 2421 868 2465 interest,
901 2424 1083 2469 quantam
1117 2418 1358 2457 altitudinem
1390 2421 1427 2456 in
1459 2424 1620 2463 octavae
1640 2424 1849 2469 systemate
1881 2420 1929 2457 ab
1991 2412 1994 2413 ⁷

140 2480 218 2517 ima
245 2479 376 2518 radice
409 2485 543 2517 cantus
575 2479 777 2528 potissima
808 2489 896 2527 pars
928 2482 1100 2528 occupet.
1161 2477 1258 2515 Nam
1300 2478 1329 2514 si
1363 2482 1694 2521 totamsoctavam
1734 2483 1930 2528 percurrat
1983 2506 1986 2507 γ

140 2542 212 2575 aut.
239 2537 412 2585 excedat,
446 2539 642 2575 animosus
675 2541 810 2573 cantus
842 2540 920 2583 est3
953 2537 1010 2572 sin
1044 2535 1283 2573 diatessaron
1315 2535 1464 2583 solum,
1496 2534 1694 2573 modestus
1723 2541 1763 2573 et
1789 2535 1931 2584 jucun-

141 2595 236 2645 dus;
269 2595 449 2645 diapente
479 2594 783 2633 mediocritatem
813 2594 950 2641 habet3
989 2595 1102 2631 tertia
1135 2593 1261 2630 mollis
1293 2592 1566 2632 demissionem
1601 2598 1640 2632 et
1669 2593 1928 2643 pusillanimi-
1967 2639 1972 2643 ἱ

141 2660 272 2692 tatem.
333 2653 419 2691 Hoc
451 2652 607 2702 quidam
636 2652 807 2688 tribuunt
838 2651 1037 2689 descensui
1069 2651 1165 2687 infra
1194 2650 1362 2688 radicem
1391 2663 1460 2701 per
1489 2651 1748 2698 diatessaron,
1792 2651 1930 2701 hujus-

142 2724 217 2762 que
247 2713 392 2750 formae
423 2717 534 2750 tonos
565 2709 762 2760 appellant
792 2709 942 2759 plagios
974 2721 1042 2747 seu
1074 2708 1247 2758 plagales
1277 2721 1433 2747 suorum
1464 2709 1745 2747 authentorum.

259 2770 307 2808 V.
340 2770 445 2809 Inter
475 2768 674 2819 generalia
703 2768 893 2805 elementa
922 2766 1120 2804 referenda
1158 2771 1215 2805 est
1250 2769 1491 2817 potissimum
1529 2767 1646 2805 etiam
1676 2766 1851 2805 celeritas
1891 2771 1930 2805 et
1987 2787 1991 2790 ·

141 2828 301 2866 tarditas
331 2828 499 2878 rhythmi
530 2839 600 2865 seu
630 2831 775 2869 tactuS,
808 2836 980 2874 quarum>
1002 2824 1068 2862 illa
1098 2826 1197 2875 irae,
1235 2827 1374 2873 motui,
1415 2825 1573 2876 pugnis,
1619 2824 1928 2875 hilaritatiapta
1986 2820 1993 2881 ἶ,

142 2891 210 2932 est,
242 2887 338 2925 haec
367 2886 646 2932 affectionibus,
678 2884 819 2933 quibus
849 2894 915 2933 per
946 2883 1112 2932 quietem
1144 2882 1312 2930 fruimur,
1342 2884 1517 2929 moerori,
1554 2884 1687 2930 amori,
1719 2881 1924 2930 desiderio,

142 2944 335 2995 voluptati
367 2956 414 2982 ex
445 2943 643 2994 potiundo.

258 3003 326 3040 VI.
359 3001 470 3040 Adde
503 3007 541 3040 et
570 3000 747 3046 modum,
792 2999 866 3043 hoc
904 3002 962 3036 est
994 2997 1212 3048 rhythmum
1242 3000 1391 3050 ipsum;
1430 2998 1508 3036 alia
1545 3000 1645 3036 enim
1685 2997 1789 3048 tripli
1820 2996 1925 3046 dicti,

142 3059 219 3098 alia
251 3060 356 3110 dupli
387 3065 444 3098 est
474 3062 553 3106 vis,
583 3071 700 3109 quam
728 3058 825 3095 sorte
855 3056 1015 3093 multam
1047 3057 1162 3094 trahit
1192 3069 1239 3095 ex
1269 3058 1482 3095 imitatione
1513 3056 1739 3094 saltantium
1760 3055 1925 3093 chorea-

143 3128 248 3166 rum,
282 3130 382 3167 quae
412 3123 588 3156 motuum
618 3119 655 3154 in
686 3117 733 3154 iis
764 3115 954 3154 alternata
985 3116 1150 3153 varietas
1182 3127 1267 3152 cum
1297 3115 1476 3153 omnibns
1513 3119 1606 3153 nota
1635 3116 1703 3162 sit,
1745 3113 1926 3152 admonet
