1994 3276
103 101 188 140 240
653 94 708 129 De
733 91 1082 138 Configurationibus
1106 94 1342 132 Harmonicis.

103 212 270 259 quadrati
286 221 445 253 ,areaeve
469 210 516 247 ad
539 209 754 246 diametrum
777 209 836 251 vel
859 209 938 254 ejus
962 211 1188 256 quadratum.
1237 213 1361 249 Posito
1385 214 1510 258 igitur.
1544 215 1641 260 quod
1663 220 1793 253 natura
1817 218 1900 253 sub-

100 266 238 304 lunaris
262 265 396 301 habeat
420 274 567 299 sensum
591 262 715 299 circuli
738 262 893 307 zodiaci,
926 262 1050 299 circuli
1075 265 1242 301 nimirum
1267 267 1466 311 sensibilis,
1497 268 1587 304 foris
1612 269 1760 316 stantis,
1793 282 1901 315 quem

103 321 182 365 ipsa
209 318 390 355 examinet
416 317 462 353 ad
486 316 604 351 ideam
628 315 755 351 circuli
778 315 952 352 abstracti
975 316 1247 364 intellectualis,
1281 329 1388 363 quam
1412 319 1494 364 ipsa
1518 321 1781 357 secumrhabet
1805 323 1901 358 intus

74 380 76 382 ’
104 378 294 407 connatam
328 381 392 406 seu
426 372 665 411 concreatam‚
700 372 788 404 tunc
812 378 899 404 sane
936 369 1120 414 sequitur,
1157 371 1254 415 quod
1286 371 1410 407 ordine
1442 376 1592 408 naturae
1623 373 1724 417 prius
1759 376 1901 419 sentiat,

104 429 259 471 quantus
294 434 399 459 arcus
432 422 569 458 zodiaci
606 422 652 458 sit
687 431 709 457 a
741 421 882 457 duobus
918 422 1075 466 planetis
1113 423 1363 459 interstinctus
1400 428 1436 459 et
1455 430 1591 470 quanta
1619 430 1719 461 recta
1741 426 1794 461 illi
1818 428 1902 463 sub—

102 478 282 521 tendatur,
307 476 412 519 cujus
438 475 638 521 qualitatis,
678 475 771 510 sitne
796 473 951 510 effabilis
975 475 1200 520 longitudine
1232 486 1278 511 an
1304 475 1382 511 sola
1405 476 1567 521 potentia
1592 478 1776 525 quadrati,
1811 491 1903 516 anne

104 542 184 567 cum
210 530 281 566 alia
306 527 461 573 quadam
486 526 664 563 effabilem
698 527 808 562 faciat
833 537 1010 562 summam
1034 529 1293 572 quadratorum
1325 533 1362 564 et
1393 529 1641 572 rectangulum
1676 529 1837 575 effabile,
1866 533 1904 568 in

103 595 175 629 qua
197 580 419 627 proprietate
444 579 618 615 fundatur
643 579 834 616 effabilitas
861 590 978 624 areae,
1009 581 1099 617 haec
1116 581 1264 626 inquam
1281 582 1381 627 prius
1397 581 1623 618 innotescere
1643 588 1795 618 naturae
1821 585 1903 620 sub-

101 634 219 671 lunari
242 634 410 670 videntur
434 633 559 668 ordine
584 637 753 677 naturae,
785 633 868 677 quia
892 633 987 668 latus
1013 634 1112 678 prius
1139 639 1195 670 est
1218 634 1351 680 figura,
1389 645 1434 669 ex
1457 629 1581 670 lateris
1605 636 1904 681 multiplicatione

104 687 302 733 descripta,
327 689 456 731 postea
481 685 635 728 demum,
661 686 723 721 ubi
747 690 827 721 tota
851 685 968 729 figura
992 685 1175 731 descripta
1199 687 1359 722 fueritin
1374 686 1521 722 zodiaco
1539 687 1686 732 circulo,
1711 695 1904 734 patescunt

103 739 180 786 ejus
207 738 328 784 anguli
353 748 548 782 eorumque
573 737 777 783 quantitas,
810 743 846 772 et
871 748 916 772 an
941 737 966 772 ii
990 738 1063 773 sint
1087 748 1132 773 ex
1157 740 1345 784 congruis.
1384 742 1420 774 et
1444 750 1490 774 an
1513 740 1630 784 figura
1654 743 1818 778 omnibus
1843 755 1904 780 an-

102 793 195 839 gulis
221 795 413 828 concurrat
435 790 481 825 ad
506 790 656 826 eandem
680 790 937 835 congruentiae
962 791 1137 837 speciem,
1169 797 1206 828 et
1230 803 1276 827 an
1302 792 1555 827 continuabilis
1589 793 1636 827 sit
1660 796 1904 838 congruentia.

102 847 276 890 Breviter,
303 842 537 887 congruentia
566 848 621 878 est
646 841 797 878 affectus
822 842 1054 887 angulorum,
1091 844 1265 880 scibilitas
1298 844 1466 882 laterum.
1517 846 1588 881 Ubi
1611 857 1697 891 ergo
1727 847 1828 892 prius
1852 849 1904 884 in-

104 898 259 935 notescit
282 896 421 943 figurae
447 895 602 941 angulus
628 907 736 942 quam
760 895 866 934 latus,
891 895 940 930 ibi
964 896 1103 940 priores
1129 902 1165 932 et
1189 898 1349 942 potiores
1380 898 1547 934 videntur
1571 909 1651 935 esse
1675 905 1798 945 partes
1823 913 1906 938 con-

105 951 291 998 gruentiae
318 959 424 995 quam
449 947 668 995 scibilitatis‚
700 947 762 984 ubi
786 948 967 993 posterius
993 949 1227 993 posteriores.
1276 951 1325 985 At
1348 950 1564 994 figuraead
1586 955 1749 987 centrum
1772 955 1907 998 pertin·-

105 1004 224 1050 gentis
250 1002 351 1047 prius
375 1000 570 1036 innotescit
594 1000 764 1046 angulus,
796 999 933 1044 figurae
966 1011 1051 1036 vero
1081 1001 1117 1036 in
1143 1002 1335 1047 superficie
1362 1003 1567 1048 descriptae
1599 1004 1678 1048 (per
1703 1004 1795 1040 duos
1818 1011 1907 1051 puta

105 1058 203 1094 solos
227 1055 408 1102 planetas)
433 1054 534 1098 prius
566 1054 760 1090 innotescit
792 1053 907 1099 latus;
936 1058 1036 1089 recte
1072 1064 1158 1099 ergo
1189 1054 1267 1090 fieri
1292 1054 1450 1100 videtur,
1484 1055 1515 1090 si
1543 1055 1580 1090 in
1605 1055 1722 1100 figura
1757 1058 1907 1094 centrali

104 1109 225 1156 potior
248 1107 426 1143 habeatur
451 1106 709 1152 congruentiae
734 1106 843 1150 ratio,
868 1107 905 1142 in
930 1106 1149 1152 superficiali
1172 1109 1293 1153 potior
1318 1108 1534 1144 scibilitatis.

222 1161 323 1196 Haec
345 1158 456 1204 igitur
489 1159 525 1194 in
551 1158 771 1194 contrarium
803 1163 950 1195 nostrae
982 1161 1223 1205 propositioni
1256 1161 1368 1197 allata
1404 1165 1490 1196 sunt
1525 1160 1629 1196 nobis
1666 1160 1907 1206 dissolvenda,

104 1213 301 1259 eademque
337 1222 448 1258 opera
481 1212 577 1247 veris
614 1212 837 1256 argumentis
873 1211 1099 1248 roborandus
1145 1213 1234 1249 ordo
1275 1213 1537 1258 proprietatum
1576 1214 1834 1258 congruentiae
1869 1219 1906 1250 et

104 1266 321 1303 scibilitatis.
926 1289 929 1292 ψ

220 1318 380 1354 Primum
404 1316 532 1362 igitur,
564 1317 634 1352 etsi
658 1327 781 1353 verum
807 1322 881 1362 est,
913 1317 958 1352 de
983 1317 1099 1362 figura
1123 1318 1275 1353 centrali
1300 1317 1446 1353 formari
1477 1329 1543 1362 per
1567 1317 1719 1353 duorum
1743 1318 1905 1364 planeta-

102 1383 182 1408 rum
204 1371 326 1407 radios
350 1375 461 1405 unum
485 1369 669 1413 angulum,
694 1380 767 1405 uon
791 1376 911 1405 tamen
936 1369 1019 1405 inde
1045 1370 1219 1415 sequitur,
1247 1374 1287 1405 ut
1311 1380 1412 1405 mens
1435 1369 1639 1414 percipiens
1664 1371 1907 1416 quantitatem

105 1424 227 1469 anguli
251 1423 427 1469 percipiat
452 1428 604 1458 naturae
639 1423 764 1458 ordine
788 1423 888 1467 prius
913 1423 1065 1467 figurae,
1103 1421 1206 1466 cujus
1239 1421 1383 1458 futurus
1410 1426 1466 1457 est
1501 1421 1673 1467 angulus,
1707 1433 1905 1468 congruen-

103 1479 202 1514 tiam.
252 1477 370 1511 Causa
394 1479 505 1519 patet,
532 1475 617 1518 quia
641 1476 886 1520 congruentia,
910 1476 948 1510 in
972 1480 1146 1521 quantum
1171 1479 1228 1510 est
1252 1475 1359 1510 unius
1378 1475 1501 1519 anguli
1526 1474 1677 1519 ejusque
1701 1475 1906 1520 aequalium

104 1531 252 1576 aliquot,
277 1529 314 1564 in
338 1538 449 1563 unum
479 1526 597 1562 locum
621 1526 789 1573 planum,
826 1528 931 1564 nimis
956 1534 1012 1564 est
1044 1527 1238 1573 generalis3
1275 1532 1359 1563 sunt
1385 1527 1478 1562 enim
1509 1527 1671 1563 infinitae
1695 1527 1908 1572 angulorum

105 1584 158 1620 sic
182 1581 457 1628 congruentium
481 1579 637 1625 formae,
667 1585 771 1616 tanto
797 1591 939 1626 semper
962 1581 1084 1626 plures
1110 1591 1277 1626 numero,
1313 1586 1447 1626 quanto
1473 1580 1605 1626 singuli
1630 1584 1714 1615 sunt
1738 1579 1905 1615 minores.

104 1631 269 1672 Non'est
292 1634 403 1680 igitur
427 1633 518 1669 haec
541 1634 604 1669 illa
628 1633 884 1678 congruentia,
918 1634 962 1669 de
986 1644 1058 1679 qua
1082 1645 1159 1669 nos-
1187 1633 1411 1678 disputamus
1443 1633 1535 1668 libro
1559 1632 1613 1678 11,
1647 1643 1739 1676 quae
1768 1631 1908 1676 angulis

104 1688 350 1724 non.se0rsim
375 1686 517 1730 accidit,
542 1687 606 1723 sed
628 1686 754 1732 figuris
778 1687 928 1732 integris
952 1691 1102 1732 propter
1126 1686 1289 1731 angulos,
1314 1697 1380 1722 nec
1403 1686 1528 1731 figuris
1552 1684 1715 1730 singulis,
1740 1684 1805 1720 sed
1828 1683 1907 1729 plu-

103 1741 205 1777 ribus
229 1740 326 1776 inter
349 1750 388 1775 se
408 1739 555 1784 junctis.
604 1740 732 1785 Itaque
757 1750 829 1775 non
853 1743 995 1775 tantum
1020 1739 1238 1784 dissolvitur,
1265 1740 1329 1775 sed
1346 1739 1453 1775 etiam
1477 1743 1710 1783 retorquetur
1733 1737 1906 1782 objecti0;

105 1792 203 1840 quod
228 1792 322 1827 enim
343 1792 405 1828 illa
429 1793 473 1828 de
499 1792 813 1830 circumferentiali
836 1797 1090 1837 usurpaverat,
1125 1803 1317 1838 possumus
1342 1803 1408 1828 nos
1434 1803 1548 1838 aequo
1569 1791 1652 1836 jure
1689 1790 1734 1825 de
1757 1788 1908 1825 centrali

106 1854 293 1890 usurpare,
318 1845 604 1889 congruentiam,
631 1855 724 1889 quae
748 1845 853 1881 nobis
878 1845 937 1880 hic
962 1850 1018 1880 est
1041 1845 1247 1891 proposita,
1283 1844 1321 1879 in
1347 1855 1390 1880 ea
1412 1845 1648 1889 posteriorem
1673 1852 1753 1877 esse
1777 1840 1908 1877 scibili-

104 1902 196 1944 tate,
223 1907 334 1943 quare
359 1898 519 1942 potiores
546 1908 625 1932 esse
651 1903 818 1942 oportere
843 1897 952 1941 hujus
983 1908 1090 1942 quam
1115 1897 1212 1933 illius
1237 1902 1378 1942 partes,
1412 1907 1587 1933 concessu
1615 1895 1759 1940 quidem
1783 1894 1908 1929 adver-

107 1951 201 1986 sarii.
252 1950 356 1985 Prius
381 1950 474 1985 enim
498 1950 651 1994 figuram
678 1954 822 1995 oportet
845 1950 943 1995 fieri,
980 1961 1086 1994 quam
1118 1955 1197 1986 tota
1221 1960 1420 1994 congruere
1450 1948 1582 1994 possit,
1623 1948 1705 1983 Jam
1733 1957 1815 1982 vero
1840 1946 1909 1981 nisi

104 2004 198 2040 latus
223 2004 360 2048 figurae
385 2002 506 2038 scibile
533 2003 589 2047 sit,
615 2003 730 2047 figura
754 2002 832 2037 fieri
856 2012 928 2037 non
953 2006 1083 2047 potest.
1132 2003 1224 2037 Nam
1243 2003 1311 2037 etsi
1336 2012 1459 2037 verum
1477 2005 1543 2046 est,
1570 1999 1654 2034 dato
1674 2011 1744 2035 uno
1767 2000 1906 2043 'figurae

106 2055 254 2102 angulo,
285 2065 392 2100 quem
414 2054 505 2090 radii
530 2055 681 2090 duorum
701 2055 929 2099 planetarum
954 2054 1109 2088 formant
1131 2054 1169 2089 in
1194 2059 1334 2098 centro,
1370 2052 1446 2089 dari
1478 2061 1665 2088 numerum
1691 2052 1846 2087 omnium
1874 2054 1910 2085 et

62 2102 68 2111 ’
106 2118 173 2154 per
195 2107 276 2142 illos
299 2106 437 2151 figurae
468 2107 580 2142 totius
612 2106 852 2152 aptitudinem
876 2106 922 2141 ad
947 2105 1233 2150 congruendum,
1265 2116 1332 2140 nec
1367 2105 1403 2139 in
1437 2105 1531 2140 hanc
1567 2103 1909 2139 demonstrationem

105 2160 245 2205 ingredi
268 2159 391 2194 lateris
417 2164 598 2204 naturam;
626 2164 662 2194 at
685 2169 757 2194 non
783 2158 888 2194 datur
911 2158 974 2193 ille
999 2168 1091 2192 unus
1116 2157 1254 2202 figurae
1279 2156 1444 2202 angulus,
1469 2157 1504 2192 id
1523 2161 1579 2192 est
1602 2168 1676 2192 non
1699 2154 1910 2201 agnoscitur

106 2224 172 2260 pro
198 2211 330 2256 angulo
355 2211 492 2258 figurae
517 2222 709 2258 congruae,
735 2211 804 2246 nisi
830 2221 894 2256 per
917 2211 1013 2246 latus
1037 2210 1173 2245 scibile.
1222 2209 1328 2244 Prius
1345 2220 1430 2254 ergo
1449 2209 1587 2254 (ordine
1603 2209 1765 2253 naturae)
1791 2207 1909 2242 anima

107 2266 176 2302 scit
199 2264 312 2310 latus,
350 2275 457 2309 quam
492 2269 682 2310 agnoscat,
715 2263 783 2298 sibi
814 2263 891 2298 dari
921 2263 1091 2308 angulum
1126 2273 1335 2308 congruum.
1397 2262 1533 2306 Quodsi
1572 2271 1818 2307 comparemus
1852 2260 1911 2295 hic

106 2318 258 2363 figuram
282 2321 493 2363 utramque,
524 2316 643 2352 minus
668 2315 836 2360 equidem
861 2315 966 2351 datur
989 2316 1084 2350 latus
1114 2313 1173 2349 vel
1197 2325 1282 2349 area
1305 2314 1443 2358 figurae
1468 2315 1656 2359 centralis,
1690 2315 1768 2360 ipso
1792 2313 1907 2349 radia—

107 2369 216 2405 tionis
242 2373 342 2414 actu,
368 2381 476 2414 quam
501 2370 596 2405 latus
621 2369 758 2415 figurae
783 2367 1134 2412 circumferentialis;
1168 2367 1237 2402 hoc
1262 2368 1356 2402 enim
1381 2377 1524 2413 semper
1555 2367 1795 2403 determinant
1817 2365 1908 2402 radii

69 2452 71 2454 .
106 2422 186 2468 ipsi,
211 2422 274 2457 illa
298 2433 370 2457 non
395 2433 547 2469 semper,
574 2422 639 2458 sed
663 2422 700 2456 in
725 2421 939 2466 quibusdam
963 2424 1103 2456 tantum
1127 2419 1270 2464 figuris,
1299 2426 1339 2455 ut
1362 2421 1399 2455 in
1415 2420 1569 2466 trigono,
1594 2420 1679 2465 quia
1702 2419 1816 2454 latera
1842 2419 1907 2454 cir-

107 2473 387 2511 cumferentialis
412 2476 535 2520 anguli
559 2474 700 2519 singula
723 2473 948 2509 subtendunt
971 2484 1093 2509 arcum
1117 2472 1306 2517 aequalem
1330 2473 1542 2518 intercepto.
1592 2472 1777 2507 Remotior
1798 2471 1908 2516 igitur

107 2530 164 2562 est
186 2525 303 2570 figura
327 2527 496 2563 centralis
521 2527 566 2562 ab
592 2532 677 2562 actu
701 2525 847 2570 sciendi,
874 2536 981 2569 quam
997 2525 1345 2570 circumferentialis,
1377 2526 1547 2561 remotior
1569 2525 1677 2569 igitur
1695 2523 1800 2558 etiam
1825 2533 1906 2558 con-

108 2578 296 2623 gruentiae
327 2579 542 2624 notificatio;
578 2579 733 2623 obJectio
758 2588 841 2613 vero
871 2577 1053 2613 nitebatur
1089 2578 1287 2623 contrario,
1330 2578 1433 2622 quasi
1469 2577 1704 2622 congruentia
1738 2573 1905 2611 centralis

107 2635 204 2668 esset
228 2630 374 2676 propior
397 2632 564 2677 notitiae,
594 2643 702 2676 quam
727 2630 963 2674 congruentia
987 2629 1330 2665 circumferentialis.

224 2683 400 2729 Amplius,
427 2685 459 2720 si
481 2684 604 2731 anguli
628 2683 811 2729 quantitas
835 2682 1048 2728 percipitur,
1073 2693 1145 2726 qua
1162 2693 1202 2716 re
1227 2683 1457 2729 percipietur,
1481 2683 1550 2718 nisi
1574 2692 1743 2717 mensura
1766 2693 1843 2727 sua,
1867 2681 1903 2718 id

108 2741 164 2772 est
188 2746 274 2771 arcu
298 2736 421 2772 circuli
444 2736 553 2782 illius,
580 2737 641 2782 qui
667 2748 711 2772 cx
736 2735 856 2781 anguli
874 2734 1048 2781 propositi
1064 2739 1208 2780 puncto,
1236 2736 1333 2779 quod
1348 2736 1460 2771 Terra
1479 2741 1544 2780 est,
1572 2735 1809 2771 describitur?
1833 2746 1903 2771 non

108 2799 193 2823 vero
218 2788 332 2833 primo
364 2790 487 2825 circuli
511 2789 624 2835 illius,
657 2789 717 2834 qui
745 2788 883 2833 figurae
908 2786 1056 2823 centrali
1093 2787 1414 2833 circumscribitur,
1447 2798 1512 2834 per
1535 2788 1681 2823 Terram
1712 2789 1901 2824 transiens.

111 2839 229 2884 Quare
251 2841 290 2875 in
315 2842 546 2886 perceptione
571 2840 782 2887 quantitatis
807 2839 930 2885 anguli
955 2838 999 2873 de
1023 2837 1140 2882 figura
1164 2839 1313 2874 centrali
1337 2845 1479 2885 oportet
1505 2845 1547 2875 ut
1570 2841 1687 2875 anima
1710 2841 1903 2886 potentiam

109 2893 207 2928 illam
231 2898 384 2935 exserat,
409 2904 481 2938 qua
503 2895 659 2930 circulus
685 2898 756 2936 est,
793 2902 866 2927 non
889 2891 1003 2934 illam,
1030 2900 1099 2935 qua
1124 2891 1217 2925 exile
1243 2898 1414 2936 punctum
1439 2897 1504 2936 est,
1539 2891 1583 2926 ad
1609 2892 1705 2937 quod
1732 2892 1902 2938 pertingit

110 2947 274 2990 angulus.
322 2948 436 2992 Atqui
460 2946 585 2982 eodem
609 2952 696 2992 typo
721 2945 904 2981 circularis
929 2953 1017 2978 suae
1042 2945 1221 2979 essentiae
1252 2945 1404 2990 percipit
1434 2945 1540 2978 etiam
1571 2943 1902 2980 circumferentialis

110 2998 247 3042 figurae
271 3000 366 3036 latus
391 3000 539 3044 ejusque
565 3010 697 3044 arcum,
721 2998 830 3043 idque
854 2997 988 3043 prim03
1018 3002 1144 3041 postea
1169 2998 1332 3042 demum,
1358 2996 1540 3042 duplicato
1566 2997 1635 3031 hoc
1660 3007 1764 3042 arcu,
1793 3005 1900 3030 emer⁶

111 3051 163 3095 git
186 3054 294 3088 etiam
318 3064 424 3088 arcus
449 3054 572 3088 circuli
596 3052 760 3097 minoris,
793 3050 856 3096 qui
879 3050 1015 3094 figurae
1047 3050 1197 3085 centrali
1222 3050 1539 3094 circumscribitur,
1574 3060 1639 3094 per
1669 3050 1796 3094 prioris
1822 3057 1901 3083 cen·

1975 3118 1994 3212 ἔς

1975 3245 1978 3264 2

1975 3214 1994 3276 2³}
