1994 3276
481 76 1419 127 'odida-mammone.
1750 81 1834 123 su

58 187 367 244 betunia,
388 196 848 243 propositisdocameafis,
882 185 1642 244 utadjuveuiraabditorumimbedllitas.
1687 196 1837 242 mru-

58 247 319 295 ntiae,
352 259 461 295 quam
497 255 682 286 stsaerae
709 249 836 287 literas
862 249 1047 287 inculcant
1072 249 1289 296 populorum
1315 250 1613 288 moderatoribus.
1658 248 1837 296 Quiain·

55 301 266 348 per-a—
278 306 347 347 ut,
369 302 616 338 euservauda
637 301 745 338 etiam
767 301 907 349 irnpen‘i
928 302 1580 340 areanaetinstrumeutaaeeessaria
1605 301 1838 346 cavendaque

59 352 1837 400 mammetimwmdheminqueetiamperimeqmlintem-eusunrm

160 406 330 443 h
350 407 629 443 instrumentum
651 417 733 443 esse
756 407 1024 452 gubernationis
1046 407 1141 443 hane
1172 407 1467 454 inaequalitatem
1487 408 1711 454 persuadeor
1733 416 1838 452 argu-

57 458 190 498 mem
209 458 282 504 Β,
302 463 478 505 quantum
501 469 625 495 eorum
642 458 720 505 jam
743 459 910 496 occinit.
956 456 1076 505 Saepe
1098 464 1258 497 mutatur
1278 461 1421 507 pondus
1443 466 1692 498 aut-casura
1712 457 1838 496 autad

58 510 297 549 anemo·-
333 512 464 558 inopes
496 516 560 548 aut
603 513 642 548 iu
676 511 852 552 bellorum
883 512 1171 549 necessitatibus.
1224 501 1437 559 ¹(Belgarum
1476 512 1629 549 Romani
1666 511 1838 556 memes.)

57 562 130 600 me
149 563 263 610 igitur
281 563 532 600 consideratur
552 568 617 600 aut
638 565 856 600 existimatio
890 566 1122 612 magistratus
1155 570 1220 602 aut
1251 566 1502 612 compendium
1533 560 1623 611 fisci,
1646 570 1839 609 utrumque

57 616 327 664 psrfalhdam.
361 617 534 655 Mensura
549 618 644 653 enim
666 622 803 653 mutata
825 618 982 654 admittit
1004 622 1232 664 praetextum
1252 618 1501 665 impediendae
1521 618 1689 664 publieae
1709 617 1840 663 iniqti·

14 675 18 680 “
57 671 168 716 taus,
201 675 272 707 nec
302 670 424 706 utin
445 670 584 715 patefit,
618 670 749 706 mutari
771 671 1208 717 reverarermnpretia.
1255 672 1410 708 cavetur
1435 671 1546 716 igitur
1576 670 1708 707 invidia
1730 669 1840 714 vulgi.

61 723 124 760 nie
144 722 210 770 qui
225 731 417 759 numurus
430 722 575 765 minuit,
598 723 785 768 pretiaque
809 734 882 759 una
902 724 1042 769 minuit
1066 727 1215 769 putatur
1235 723 1503 769 proportionem
1518 723 1700 760 custodire
1720 721 1841 768 pristi-
1861 760 1864 762 .

58 785 162 819 nan,
182 774 253 811 etsi
274 774 369 811 hane
391 774 547 811 fortasse
577 784 618 810 re
639 785 725 811 vera
746 778 874 811 mutat.
921 775 1024 819 Quae
1056 780 1293 822 exportantur
1324 776 1506 822 copiosius
1541 773 1651 821 quam'
1681 773 1840 820 expedit,

59 837 128 864 nee
145 826 255 863 aliter
275 827 430 863 inhiberi
458 832 624 873 possunt,
656 827 861 863 introducta
898 838 1087 865 mensurae
1118 828 1325 865 diversitate
1358 829 1575 865 inhibentur.
1620 828 1841 863 Mercatore·

56 875 189 917 laedio
226 879 375 916 niinuris
408 889 598 915 mensurae
631 890 698 926 per
732 879 1051 917 dissimulationem
1073 882 1281 928 propositae
1305 882 1501 918 invitantur
1533 879 1580 915 ad
1613 877 1841 925 importanda

59 932 275 970 »effla
318 931 530 968 Assuefiunt
546 933 654 968 etiam
674 932 809 969 subditi
831 934 878 970 ad
895 933 1117 980 capessenda
1131 934 1283 979 imperia
1298 936 1338 969 et
1351 932 1618 980 agnoscendum
1635 930 1840 968 dominium.

58 985 178 1031 saepe
216 984 373 1022 levicula
393 985 548 1022 mutatio
583 995 779 1022 mensurae
802 986 894 1021 viam
922 990 1086 1033 praestat
1131 985 1293 1022 occultae
1324 990 1363 1022 et
1390 985 1599 1021 fructuosae
1632 983 1843 1024 exactionis.

57 1038 172 1083 Δᾶιιιι
191 1037 302 1083 huin
322 1037 376 1072 rei
399 1037 563 1084 egregios
586 1037 743 1074 artifices
765 1038 878 1076 fuisse
900 1039 1071 1075 Venetos.
1100 1038 1234 1083 Vicini,
1258 1038 1321 1084 qui
1342 1037 1432 1074 talia
1452 1037 1601 1081 faciunt,
1624 1040 1760 1083 cogunt
1772 1045 1840 1072 nos

59 1090 107 1127 ad
126 1090 236 1127 idun.

172 1142 387 1188 Priusquam
409 1146 530 1177 tamen
555 1141 701 1178 confieri
724 1142 859 1189 possit,
894 1143 1058 1188 ingentes
1094 1144 1262 1180 videntur
1284 1143 1413 1180 turbae
1434 1140 1660 1180 metuendae.
1706 1140 1842 1188 Magna

58 1195 194 1232 orietur
223 1193 321 1242 apud
348 1189 491 1240 phliem
514 1194 702 1238 confusio,
726 1204 810 1230 nam
834 1195 910 1230 suis
937 1206 1026 1240 gens
1059 1197 1207 1242 quaevis
1228 1197 1419 1232 mensuris
1451 1194 1632 1240 assuevit,
1665 1194 1712 1230 iis
1746 1195 1840 1231 vitae

57 1247 292 1285 nece-itata
306 1246 463 1291 metitur,
487 1246 645 1283 existent
666 1245 813 1283 fraudes
828 1248 1012 1293 plurimae,
1037 1249 1121 1285 dum
1137 1248 1354 1288 callidiores.
1376 1247 1617 1293 intelligentia
1631 1247 1840 1283 mutationis

59 1301 175 1346 abusi
196 1298 351 1337 illudent
372 1296 616 1346 simplicibus3
646 1299 750 1335 multi
780 1300 826 1335 de
853 1301 925 1336 hae
938 1297 1211 1347 *fixaequalitate
1233 1302 1414 1343 victitant,
1443 1300 1589 1337 cai-itan
1610 1300 1843 1336 necessariisr

60 1355 94 1390 si
127 1353 174 1389 ab
206 1362 250 1388 ea
273 1352 525 1388 destituantur.
573 1351 696 1387 Omnis
718 1358 956 1388 mercatorum
996 1354 1219 1399 experientia
1241 1354 1499 1392 annihilabitur
1531 1360 1570 1393 et
1601 1353 1844 1391 mbabuntur

61 1404 284 1442 eon-uda.
330 1404 524 1448 Cumque
541 1403 657 1439 omnis
692 1405 836 1449 generis
871 1406 1084 1467 compendia
1117 1410 1155 1441 et
1188 1405 1335 1442 fraudes
1369 1417 1436 1453 per
1468 1407 1563 1444 hauc
1597 1405 1841 1444 diversitatem

58 1456 304 1503 am,
325 1455 469 1492 videtur
482 1455 683 1501 aequalitas
697 1457 840 1493 nonnisi
863 1468 928 1504 per
942 1460 1014 1494 vim
1031 1458 1187 1498 stabiliri
1201 1469 1319 1505 posse.
1366 1459 1521 1496 Tantum
1537 1469 1681 1507 operae,
1701 1463 1843 1494 tantm

59 1510 267 1562 qgilantiae
287 1509 482 1561 imponitur
502 1509 771 1553 magistratibus
795 1511 960 1547 omnibus
982 1522 1005 1547 a
1031 1522 1171 1548 summo
1186 1511 1234 1547 ad
1250 1516 1462 1557 postremos,
1486 1517 1527 1548 ut
1541 1512 1670 1548 merito
1685 1510 1843 1555 dubites,

59 1567 260 1610 adopta-ae
290 1562 516 1609 petiumsit
546 1561 707 1598 futurum
741 1562 913 1599 haeclex
938 1565 1087 1610 perlata.
1133 1564 1578 1610 HaecStevinustetigit,
1611 1562 1845 1607 cuminnuit,

60 1628 137 1653 rem
160 1617 244 1652 esso
261 1616 301 1651 in
321 1615 474 1661 imperio
490 1625 590 1666 pene
610 1616 866 1662 impossibilem
879 1645 889 1662 ,
925 1628 997 1662 quo
1028 1617 1164 1653 multae
1198 1618 1473 1653 communitates
1494 1627 1633 1652 merum
1655 1616 1843 1661 imperium

64 1668 242 1706 caoearis-
262 1666 309 1703 de
328 1666 426 1702 facto
458 1673 644 1713 respuunt.
699 1668 1006 1704 Considerandum
1041 1670 1171 1714 etiam,
1212 1679 1356 1714 semper
1386 1669 1502 1704 fuisse
1534 1668 1838 1714 inaequalitatem.

61 1722 233 1758 ron-tuse
254 1729 324 1754 nee
345 1720 397 1754 ita
418 1720 621 1755 necessaria
635 1725 692 1756 est
707 1721 920 1757 universalis
935 1722 1147 1767 aequalitas,
1172 1721 1279 1757 modo
1302 1722 1397 1758 intra
1412 1733 1523 1757 unum
1544 1726 1686 1758 coetum
1701 1724 1845 1756 maneat

61 1773 181 1810 unu-⁸
207 1781 324 1816 genus
350 1780 551 1806 mensurae.
599 1771 643 1807 In
665 1772 821 1808 metallis
844 1773 1011 1818 pretiosis
1043 1774 1249 1810 necessaria
1279 1774 1350 1810 fuit
1383 1775 1597 1811 universalis
1630 1773 1843 1819 aequalitas,

42 1824 146 1871 ‘qim
173 1833 461 1869 quaquaversum
483 1824 695 1869 pervadunt.
741 1825 825 1860 Non
847 1826 899 1860 ita
920 1836 1078 1870 merces,
1110 1836 1202 1871 quas
1225 1831 1348 1862 vectus
1372 1827 1521 1873 impedit
1543 1833 1609 1864 aut
1629 1832 1759 1864 natura
1780 1830 1845 1862 aut

62 1877 179 1923 eopia.
222 1876 351 1921 Reque
385 1876 480 1911 enim
512 1876 705 1912 Austriaca
739 1878 822 1912 vina
853 1877 1062 1913 inferuntur
1092 1879 1131 1914 in
1166 1879 1313 1915 Gallias.
1360 1880 1430 1915 Est
1464 1885 1584 1916 autem
1619 1881 1844 1925 quarundam

59 1928 234 1965 ‘neieina
255 1933 386 1964 natura
406 1928 502 1974 talis,
525 1933 568 1964 ιιι
590 1929 637 1965 ad
661 1930 904 1966 diversitatem
925 1940 1173 1966 mensurarum
1195 1931 1333 1977 invitet,
1356 1942 1390 1967 v,
1412 1943 1444 1968 e.
1469 1932 1691 1968 frumentum
1716 1941 1844 1968 reeens

63 1987 101 2018 et
121 1986 239 2026 vetus,
260 1986 419 2017 mustum
443 1986 480 2016 et
502 1982 635 2018 vinum.
682 1983 785 2027 Quae
806 1983 1045 2027 inaequalitas
1069 1985 1139 2020 etsi
1160 1984 1241 2019 tolli
1256 1988 1293 2019 et
1307 1984 1344 2019 in
1360 1984 1517 2020 valorem
1532 1987 1688 2021 transire
1710 1987 1844 2031 potest,

60 2044 134 2071 non
155 2033 264 2070 facile
285 2033 324 2069 id
344 2038 468 2079 potest
488 2034 534 2069 ob
556 2035 740 2070 hominum
764 2036 1069 2072 consuetudinem.

144 2087 312 2132 Opinor
331 2086 455 2131 itaque
475 2086 717 2124 inconsultum
741 2099 832 2133 esse,
855 2090 949 2125 hanc
971 2090 1088 2136 legem
1123 2091 1243 2136 rogari
1267 2090 1312 2126 ad
1335 2091 1510 2137 populum
1532 2093 1596 2125 aut
1626 2088 1845 2134 promulgari

11 2147 15 2183 g
62 2139 184 2175 statim
204 2138 318 2173 initio
365 2137 459 2182 Quin
482 2139 602 2183 potius
624 2140 842 2185 pedetentim
864 2143 1089 2186 procedatur.
1126 2144 1371 2187 Magistratus
1396 2154 1461 2189 pro
1478 2153 1518 2179 se
1533 2143 1685 2188 quisque
1699 2143 1847 2187 exigant

63 2201 131 2227 sua
149 2190 283 2227 telonia
304 2194 343 2226 et
365 2190 647 2228 contributiones
671 2193 849 2238 etiamque
873 2194 1037 2254 publicos
1060 2206 1245 2231 mensores
1269 2196 1502 2231 constituant.
1548 2194 1630 2229 Fiet
1653 2198 1694 2228 ut
1716 2193 1845 2238 vulgus

64 2244 221 2291 pertaesi
243 2243 371 2280 harum
394 2244 659 2280 divexationmn
682 2246 890 2292 paulatim
879 2258 916 2281 ιιι
948 2258 1056 2282 unam
1085 2248 1182 2283 illam
1210 2249 1486 2292 magistratuum
1508 2246 1624 2291 legem
1647 2250 1845 2282 transeant.

177 2294 355 2340 Equidem
376 2296 597 2332 fortitudinis
620 2302 677 2334 est
697 2299 892 2345 proprium,
916 2299 953 2334 in
978 2299 1183 2335 difficilibus
1219 2299 1388 2344 occupari
1422 2297 1469 2334 ad
1502 2309 1608 2333 usum
1643 2298 1845 2344 publicum3

9 2347 13 2377 ἶ
63 2348 171 2385 modo
192 2358 266 2384 non
299 2348 395 2384 desit
429 2349 631 2385 fortitudini
662 2351 850 2387 eonsilium
887 2357 924 2387 et
959 2352 1240 2397 circumspectio.
1287 2352 1395 2387 Faxit
1417 2352 1536 2393 Deus,
1559 2355 1601 2388 ut
1622 2361 1646 2386 a
1666 2361 1706 2386 re
1728 2351 1847 2387 viliori

65 2399 187 2436 exorsi
209 2400 366 2436 universi
388 2401 435 2436 ad
458 2410 671 2437 consensum
695 2403 733 2437 in
755 2403 863 2438 rebus
885 2404 1049 2439 maximis
1071 2405 1186 2448 magis
1207 2405 1393 2449 magisque
1417 2402 1622 2440 assuefiant

178 2454 215 2494 3)
235 2453 505 2499 ngressionis
527 2455 731 2500 aequalitas
755 2466 800 2491 an
817 2456 1077 2491 introducenda
1100 2461 1138 2492 et
1159 2457 1194 2495 4)
1218 2466 1264 2491 an
1287 2456 1500 2501 principium
1525 2455 1680 2490 omnium
1703 2465 1845 2491 mensu-

30 2505 32 2507 ’
56 2516 186 2556 ‚mum
206 2506 303 2542 idem
326 2507 628 2553 constituendum,
653 2508 839 2553 quaeritur
859 2509 898 2544 in
922 2508 1155 2553 sequentibus
1179 2508 1357 2554 capitibus
1380 2509 1554 2554 pressius·

785 2627 859 2666 Ad
889 2627 1046 2678 Caput
1072 2626 1126 2665 Π,

180 2724 472 2770 Progressionem
494 2735 721 2762 numerorum
746 2726 926 2762 denariam
951 2727 1115 2763 existimo
1138 2726 1241 2762 nullu
1261 2731 1381 2773 pacto,
1405 2726 1507 2762 nulla
1529 2738 1690 2772 unquam
1711 2727 1751 2762 in
1770 2736 1846 2763 ma-

31 2787 34 2789 ·
65 2777 160 2813 teria
192 2777 488 2823 labefactandam.
545 2778 615 2814 Est
647 2780 741 2814 enim
777 2790 963 2816 commune
995 2779 1176 2815 vinculum
1220 2778 1426 2814 intellectus
1460 2782 1497 2813 et
1531 2779 1708 2823 quaedam
1743 2778 1847 2824 quasi

5 2834 9 2903 j
41 2859 43 2861 .
66 2828 266 2866 communis
287 2826 411 2874 lingua
433 2831 591 2876 omnium
623 2832 805 2877 gentium,
843 2843 866 2868 a
888 2836 1018 2867 natura
1048 2831 1212 2866 instituta
1244 2830 1282 2864 in
1318 2829 1509 2873 digitorum
1542 2829 1783 2876 multitudine,
1804 2840 1846 2867 re

67 2881 271 2918 hominibus
283 2880 391 2927 longe
405 2870 636 2928 familiariori,
661 2894 767 2928 quam
783 2888 867 2920 sunt
883 2885 1063 2927 coelestia,
1087 2888 1128 2918 ut
1150 2882 1191 2917 12
1205 2891 1359 2925 menses,
1384 2882 1430 2918 30
1445 2880 1533 2926 dies,
1556 2881 1580 2916 7
1594 2880 1759 2927 planetae
1774 2885 1843 2918 etc.

35 2930 40 2955 ῗ
67 2932 162 2969 Ram
185 2931 282 2978 quod
305 2932 511 2970 obtendimu-
533 2935 745 2981 Scytharum
761 2937 964 2981 exemplum
980 2947 1026 2972 ex
1040 2933 1248 2975 Aristotele,
1270 2909 1415 2968 trad’itio
1431 2932 1526 2968 intra
1542 2933 1696 2968 auctoris
1715 2933 1846 2970 librum

16 3017 25 3035 ,-
69 2984 243 3020 subsistit
289 2987 364 3020 Aut
384 2986 481 3022 natio
505 2992 583 3022 erat
597 2987 703 3031 plane
719 2987 906 3023 barbarica
921 2992 959 3023 et
973 2987 1018 3022 ab
1031 2997 1099 3023 usu
1117 2984 1288 3020 sermonis
1305 2984 1487 3030 destituta,
1512 2990 1576 3021 aut
1591 2989 1690 3022 certe
1704 2985 1846 3022 fallacia

15 3040 41 3094 ζ
70 3040 128 3073 est
147 3036 258 3083 talis,
293 3047 337 3074 ac
359 3037 392 3074 si
413 3037 495 3086 quis
518 3038 672 3085 diceret,
696 3039 848 3077 Latinos
871 3049 955 3080 :non
979 3039 1075 3075 ultra
1097 3037 1138 3073 M
1160 3037 1366 3082 numerare,
1400 3038 1486 3085 quia
1507 3042 1591 3085 post
1609 3036 1704 3074 lianc
1725 3042 1845 3076 notam
