1994 3276
149 89 231 128 256
310 102 312 105 ’
694 89 749 126 De
773 89 1123 136 Configurationibus
1146 92 1384 129 Harmonieis.

146 205 378 256 formisque,
422 219 521 257 quae
559 208 716 258 igneum
746 210 839 260 quid
869 216 980 260 sunt,
1006 212 1257 263 progenitus.
1317 211 1419 250 Vide
1451 210 1591 262 Optica
1619 223 1730 261 mea,
1770 211 1838 251 fol.
1871 212 1938 259 25,

149 265 216 312 26,
251 267 318 303 27.
367 268 516 311 (11.143
542 269 579 314 s.)

261 322 374 362 Hanc
410 326 562 363 animae
594 325 760 365 Telluris
797 327 919 365 veluti
957 329 1157 366 materiam
1200 328 1504 376 assignabimus,
1546 330 1583 365 in
1622 340 1741 377 quam
1776 327 1859 377 Jam
1878 324 1941 364 sit

147 382 334 432 impressa
366 381 452 420 loco
484 383 629 423 formae
659 386 789 435 imago
834 385 964 424 vultus
996 386 1129 434 divini,
1162 397 1247 423 cum
1278 386 1374 424 ideis
1396 392 1475 424 tam
1508 386 1638 425 circuli
1668 387 1940 435 rationumque

145 439 229 488 ejus
261 442 442 489 omnium,
475 452 591 491 quam
622 445 792 492 corporis
823 446 882 482 sui
912 444 1077 491 sensilis,
1110 445 1169 482 cui
1202 444 1371 493 regendo
1402 445 1595 495 praefecta
1626 450 1696 493 est,
1728 443 1938 493 mundique

145 497 245 535 adeo
278 501 409 546 totius,
442 501 480 536 in
513 512 589 550 quo
621 512 760 551 eorpus
792 503 873 551 ejus
905 503 1074 540 futurum
1108 508 1200 541 erat.
1262 503 1392 540 Habet
1433 504 1533 541 enim
1565 503 1672 541 Deus
1703 515 1780 542 non
1807 514 1939 541 exem-

144 556 268 605 plaria
299 562 448 595 tantum
478 560 714 607 geometrica
744 572 887 609 secum,
919 560 987 599 sed
1019 562 1135 598 etiam
1157 566 1366 610 conceptus
1396 561 1644 600 creandarum
1677 563 1847 611 omnium
1878 571 1941 598 rc-

144 626 227 651 rum
261 615 477 661 sensilium,
521 628 620 666 quae
653 620 783 656 omnia
813 619 928 656 simul
957 624 1157 657 transeunt
1190 620 1224 655 in
1258 621 1424 666 animas,
1468 620 1543 658 Dei
1574 620 1829 670 exemplaria,
1869 630 1939 668 pro

145 673 334 723 cujusque
365 674 429 713 vel
459 680 577 725 captu
608 676 671 713 vel
703 688 788 714 usu.
820 677 982 715 Relucet
1013 679 1128 726 igitur
1159 678 1197 713 in
1228 679 1358 715 anima
1388 677 1555 717 Telluris
1586 680 1717 727 imago
1748 676 1939 727 quaedam

145 732 276 769 circuli
306 731 456 771 zodiaci
486 734 680 772 sensibilis
702 737 898 784 totiusque
922 735 1019 773 adeo
1041 735 1282 784 firmamenti,
1316 735 1509 774 vinculum
1540 736 1784 786 sympathiae
1814 747 1939 774 rerum

145 790 372 828 coelestium
404 796 442 829 et
470 794 728 842 terrestrium3
767 793 938 831 relucent
975 794 1097 831 multo
1138 796 1305 832 maxime
1345 795 1385 830 in
1424 794 1492 833 illa
1533 794 1732 845 archetypi
1771 794 1939 832 omnium

144 849 265 899 ipsius
297 851 517 887 muniorum
549 852 796 900 omniumque
826 857 1018 899 motuum,
1059 852 1206 903 quibus
1242 864 1380 902 corpus
1420 865 1529 891 suum
1561 863 1792 902 quocunque
1823 863 1938 890 sensu

96 908 98 910 ’
144 912 318 962 moveat,
359 919 474 957 quam
505 908 571 946 alii
604 913 778 958 δυ’ναμιν,
822 922 895 959 ego
927 908 1113 962 ἑνεργειαν
1151 909 1347 949 lubentius
1387 912 1685 956 nominaverim,
1742 911 1809 949 Est
1838 911 1939 949 enim

145 966 358 1003 animarum
389 969 557 1005 essentia
586 967 699 1016 haec,
743 973 801 1006 est
830 968 953 1007 veluti
984 965 1086 1020 ῥυσις
1116 968 1306 1017 quaedam
1346 969 1462 1018 hujus
1492 970 1669 1008 flammae
1699 970 1795 1016 ista,
1834 968 1939 1019 quod

144 1034 295 1073 semper
325 1026 379 1063 ita
410 1029 499 1063 sunt
529 1031 774 1075 comparatae
806 1038 937 1065 secum
968 1028 1119 1065 animae
1151 1028 1260 1076 ipsae
1290 1028 1409 1075 intus,
1452 1039 1498 1066 ac
1529 1030 1560 1066 si
1592 1032 1750 1078 agerent
1779 1026 1839 1075 id,
1878 1027 1939 1065 eui

143 1082 364 1132 peragendo
397 1082 521 1122 factae
552 1090 660 1131 sunt,
705 1086 788 1123 sive
819 1090 908 1123 actu
938 1087 1133 1135 potiantur
1174 1086 1436 1124 instrumentis
1468 1087 1658 1136 corporis,
1699 1086 1783 1124 sive
1814 1087 1939 1135 impe-

121 1139 309 1179 ‘diantun
371 1141 480 1180 Deus
511 1144 653 1193 quippe
694 1147 754 1180 est
790 1143 1058 1181 substantialis
1101 1145 1257 1193 energia
1287 1148 1325 1182 et
1354 1145 1440 1193 ipsa
1470 1144 1544 1182 hac
1574 1145 1733 1193 energia
1763 1144 1940 1182 subsistit

144 1199 206 1247 (ut
237 1197 284 1237 de
317 1198 458 1238 divinis
490 1200 659 1239 humano
691 1212 796 1239 more
828 1198 1086 1255 balbutiam),
1129 1207 1167 1243 et
1207 1203 1388 1250 imaginis
1426 1203 1543 1252 igitur
1584 1201 1740 1242 divinae
1772 1202 1940 1241 essentia

143 1254 183 1296 ἐφ’
211 1272 265 1306 τῳ
297 1255 456 1309 ἐιεργειν
486 1260 676 1310 consistit,
708 1266 750 1297 ut
780 1259 957 1298 flammae
989 1258 1027 1299 ἐν
1047 1275 1100 1309 τῳ
1132 1256 1254 1314 §vanu
1288 1265 1329 1298 ut
1360 1261 1433 1298 nisi
1464 1261 1573 1299 Deus
1603 1266 1801 1299 aeternum
1830 1259 1938 1298 illam

144 1320 401 1355 sustentasset
431 1316 651 1355 irradiando
684 1317 767 1366 ejus
800 1318 920 1355 veluti
951 1319 1168 1365 materiam,
1214 1319 1343 1356 subito
1375 1318 1546 1357 desitura
1581 1318 1939 1368 exstinguendaque

141 1372 267 1413 fuerit.
328 1372 561 1424 Quanquam
592 1376 642 1414 ad
672 1376 991 1414 individuationis
1021 1388 1115 1415 suae
1146 1377 1377 1426 principium
1406 1388 1483 1415 non
1514 1382 1664 1415 tantum
1694 1388 1845 1427 corpus,
1877 1377 1940 1414 cui

142 1431 310 1481 regendo
343 1433 573 1483 praeficitur,
605 1433 674 1472 sed
705 1436 820 1472 etiam
843 1434 940 1472 haec
971 1436 1056 1484 ipsa
1078 1434 1290 1473 materialis
1321 1431 1459 1486 (quam
1480 1437 1586 1485 prius
1609 1432 1815 1488 descripsi)
1847 1445 1939 1485 par-

142 1490 261 1528 ticula
291 1493 351 1528 sui
381 1493 610 1541 requiratur,
642 1491 883 1542 distinguens
914 1492 1021 1530 illam
1052 1505 1076 1531 a
1107 1494 1243 1532 ceteris
1275 1494 1492 1531 animabus.

259 1547 460 1597 Quatenus
491 1551 609 1598 igitur
638 1550 734 1588 haec
765 1552 893 1598 anima
924 1550 1055 1589 circuli
1086 1551 1238 1589 zodiaci
1267 1562 1335 1589 seu
1367 1552 1493 1601 potius
1526 1551 1609 1601 ejus
1655 1552 1773 1590 centri
1811 1554 1940 1599 gestat

143 1605 281 1654 ideam,
314 1609 555 1658 persentiscit
586 1610 727 1660 etiam,
758 1610 824 1658 qui
856 1608 1012 1660 planeta
1043 1611 1182 1659 quovis
1213 1614 1386 1659 tempore
1418 1609 1491 1647 sub
1524 1620 1600 1660 quo
1631 1608 1783 1648 zodiaci
1813 1607 1936 1658 gradu

142 1670 316 1703 versetur
345 1666 586 1716 angulosque
618 1667 894 1714 radiationum,
928 1669 1148 1705 coeuntium
1180 1669 1217 1705 in
1248 1667 1383 1719 Terra,
1411 1668 1586 1717 metitur3
1619 1669 1813 1717 quatenus
1845 1673 1952 1704 vero·

142 1734 189 1760 ex
219 1723 387 1763 Divinae
427 1726 633 1764 essentiae‘
657 1725 903 1764 irradiatione
943 1727 1113 1764 rationes
1153 1725 1283 1764 circuli
1323 1727 1578 1776 geometricas
1618 1731 1656 1764 et
1687 1722 1777 1779 (per
1806 1724 1939 1763 circuli

142 1784 468 1831 comparationem
501 1795 586 1822 cum
619 1785 734 1822 certis
763 1785 843 1822 suis
873 1780 1068 1838 partibus)
1095 1784 1317 1822 harmonias
1348 1780 1618 1834 archetypalcs
1648 1783 1830 1834 suscepit,
1861 1793 1938 1820 non

140 1850 234 1888 pure
267 1841 423 1889 quidem
453 1843 728 1891 geometricas,
771 1842 840 1880 sed
881 1842 1140 1880 radiationum
1180 1841 1397 1881 lucidarum
1428 1843 1550 1882 veluti
1579 1853 1736 1880 saccaro
1770 1840 1938 1891 quodam

141 1896 341 1943 inductas,
374 1901 451 1937 imo
479 1902 637 1949 'penitus
667 1901 858 1948 imbutas,
900 1912 1101 1939 mensuras
1133 1902 1249 1939 etiam
1281 1900 1510 1950 angulorum
1536 1901 1618 1950 jam
1650 1901 1823 1949 agnitas,
1867 1898 1964 1937 has,

142 1966 332 2004 congruas
363 1969 431 1996 seu
464 1955 725 2006 harmonicas,
768 1958 856 1996 illas
892 1960 1123 2008 incongruas
1156 1959 1326 2008 judicat3
1365 1964 1555 2008 quatenus
1596 1958 1762 2007 denique
1803 1956 1938 1996 eadem

142 2015 272 2052 anima
303 2016 504 2065 complexa
535 2021 593 2054 est
623 2016 731 2054 ideas
761 2028 919 2054 suorum
958 2029 1115 2066 operum
1158 2019 1339 2066 (quorum
1380 2016 1683 2066 uniuscujusque
1723 2027 1842 2054 causa
1870 2014 1939 2054 illa
1991 2009 1994 2020 ⁴

141 2075 199 2110 est
232 2072 354 2111 veluti
383 2074 547 2112 circulus
580 2074 738 2124 quidam
770 2074 1026 2126 operativus),
1059 2076 1097 2112 in
1129 2074 1196 2113 illa
1228 2076 1345 2113 etiam
1376 2086 1448 2112 sua
1479 2086 1597 2124 opera
1629 2085 1779 2124 semper
1807 2074 1936 2118 fertur,

140 2131 329 2179 insignius
361 2136 489 2170 tamen
523 2138 626 2180 tune,
658 2134 692 2170 si
722 2138 799 2170 tres
829 2133 868 2170 hi
892 2132 1020 2171 circuli
1051 2134 1309 2171 concurrerint
1340 2137 1378 2171 et
1400 2134 1705 2183 conspiraverint
1735 2134 1772 2170 in
1805 2142 1935 2180 unum,

139 2187 214 2226 hoc
245 2194 304 2227 est
333 2191 367 2227 si
397 2191 537 2239 anima,
571 2201 639 2241 per
658 2195 838 2240 aspectus
870 2193 931 2228 sui
961 2191 1082 2241 ipsius
1105 2190 1313 2235 admonita,
1347 2192 1453 2239 operi
1485 2202 1556 2229 suo
1588 2202 1674 2229 cum
1704 2191 1836 2240 aliquo
1867 2200 1936 2227 ex-

143 2258 254 2285 cessu
287 2249 480 2289 institerit.
540 2248 748 2298 Nunquam
781 2248 936 2297 qui-dem
968 2249 1035 2286 illa
1066 2254 1193 2287 cessat
1224 2261 1246 2286 a
1278 2248 1503 2297 coquendo,
1536 2260 1606 2287 nec
1637 2260 1808 2298 unquam
1839 2248 1935 2285 hace

143 2310 299 2344 coctura
329 2311 388 2344 est
417 2309 499 2345 sine
530 2307 635 2345 fumo
667 2311 705 2346 et
727 2318 883 2356 vapore,
916 2307 1008 2356 quin
1030 2318 1075 2344 ex
1107 2306 1212 2344 fumo
1234 2306 1382 2345 fossilia
1413 2306 1506 2344 fiunt
1538 2304 1603 2360 (ut
1632 2319 1678 2345 ex
1709 2307 1824 2345 fumis
1854 2306 1935 2344 for·
1987 2353 1990 2358 r

143 2374 282 2402 nacum
312 2365 594 2403 metallicarum
624 2365 801 2403 consistit
831 2361 1084 2417 arsenicum),
1116 2376 1163 2402 ex
1194 2376 1338 2414 vapore
1372 2376 1461 2403 vero
1493 2365 1637 2415 tepido,
1670 2366 1774 2403 intus
1795 2366 1843 2401 *in
1873 2363 1934 2400 la·-

140 2421 286 2471 pidosis
318 2423 459 2462 Terrae
491 2423 624 2462 crustis
654 2423 877 2472 refrigerato
909 2425 1025 2472 inque
1056 2427 1186 2472 guttas
1217 2428 1374 2471 coacto,
1408 2423 1566 2461 flumina
1596 2422 1646 2461 ad
1675 2435 1767 2461 suas
1798 2420 1934 2461 destil-

141 2480 224 2518 lant
254 2482 431 2530 origines„
466 2493 511 2521 ex
543 2481 691 2530 eodem,
723 2481 826 2519 foras
857 2493 974 2531 supra
1004 2481 1146 2519 Terrae
1178 2480 1418 2531 superficiem
1450 2483 1680 2531 exspirante,
1714 2482 1783 2519 ae'r-
1809 2480 1934 2529 spira-
1983 2516 1986 2535 ἒ

141 2538 242 2586 bilis,
276 2542 341 2588 qui
374 2551 440 2590 per
469 2545 622 2578 noctem
652 2541 691 2576 in
721 2551 825 2577 rores
857 2541 986 2578 coiens
1005 2538 1227 2593 deciderat,
1260 2538 1433 2587 quotidie
1464 2547 1684 2578 renovatur.
1725 2539 1812 2577 Hoc
1842 2548 1932 2576 vero
1982 2546 1985 2547 ’

141 2598 291 2635 animae
324 2597 464 2637 Terrae
496 2609 593 2647 opus
625 2599 696 2635 etsi
727 2603 955 2648 perpetuum
987 2602 1065 2644 est,
1098 2608 1195 2646 opus
1227 2602 1355 2634 tamen
1387 2597 1457 2635 fuit
1488 2597 1710 2635 excessibus
1741 2596 1933 2646 aliquibus
1980 2595 1984 2642 J

141 2655 179 2691 in
213 2656 474 2705 evaporando,
506 2667 583 2694 non
605 2656 799 2693 continuis
831 2660 913 2693 toto
935 2654 1067 2704 aliquo
1099 2660 1282 2704 tempore,
1315 2655 1395 2692 sed
1415 2655 1464 2693 ad
1496 2660 1620 2694 certos
1644 2655 1724 2693 dies
1755 2654 1932 2701 redactis,
1978 2678 1989 2692 ν.

141 2719 182 2750 ut
213 2725 265 2752 ex
291 2716 404 2764 copia
434 2725 622 2763 vaporum
652 2715 753 2752 foras
785 2715 946 2751 emissae
984 2712 1140 2762 pluviae
1176 2714 1442 2762 tempestivae,
1474 2714 1622 2752 solibus
1653 2718 1782 2751 tamen
1812 2713 1932 2750 inter·
1977 2713 1982 2729 ²

141 2773 400 2821 currentibus,
441 2773 798 2824 suppeditarentur,
845 2771 1063 2820 superficiei
1094 2770 1234 2808 Terrae
1271 2771 1543 2809 refocillandae
1575 2760 1936 2819 humectandaeque
1974 2784 1985 2824 {-

141 2839 270 2878 causa,
302 2831 403 2869 unde
434 2831 563 2881 fruges
596 2836 633 2868 et
663 2828 808 2880 pabula
839 2829 1102 2867 animantibus
1133 2840 1372 2867 succrescere
1403 2833 1573 2878 possent.
1979 2874 1982 2877 Δ

255 2887 434 2938 Objicere
466 2891 552 2938 quis
583 2888 676 2926 mihi
708 2892 839 2938 posset
871 2886 1024 2924 Africae
1055 2891 1093 2924 et
1122 2885 1323 2924 Peruanae
1355 2888 1608 2937 penitissima,
1638 2886 1763 2924 lineae
1795 2883 1930 2933 aequi·
1974 2888 1989 2906 -’

140 2946 298 2983 noctiali
328 2947 515 2996 subJeeta,
549 2946 691 2996 quibus
721 2945 818 2984 locis
840 2947 1044 2983 continuae
1074 2943 1231 2994 pluviae
1263 2956 1331 2994 per
1357 2950 1479 2983 totam
1510 2949 1696 2982 aestatem
1727 2942 1929 2989 decidunt3

139 3001 205 3038 ubi
238 3004 353 3052 igitur
383 3005 445 3043 hic
476 3004 672 3043 distinctio
710 3007 936 3053 aspectuum
979 3015 1002 3040 a
1033 3001 1398 3051 configurationibus
1435 3000 1729 3040 inefficacibus?
1770 3001 1836 3038 ubi
1868 2999 1928 3036 vi-

140 3059 383 3102 cissitudines
421 3063 564 3102 solium
595 3068 634 3102 et
663 3060 875 3101 imbrium?
915 3065 954 3100 et
994 3071 1044 3098 an
1083 3071 1159 3099 non
1199 3072 1332 3099 cursus
1377 3061 1502 3109 Solis,
1541 3059 1723 3110 planetae
1754 3056 1927 3104 solitarii,
1971 3058 1974 3109 j
