1994 3276
773 50 883 89 Liber
904 50 967 87 1v.
992 50 1110 98 Caput
1132 53 1864 98 1215

71 175 243 222 musicus
270 153 588 227 symphoniarum
617 160 756 212 artifex
785 173 889 210 intus
918 172 959 208 in
987 171 1118 209 animo
1147 182 1219 211 suo
1248 171 1425 212 meditari
1446 173 1733 212 harmoniarum
1763 172 1864 213 dua-

31 256 35 261 ·
71 245 155 273 rum
182 233 401 284 pluriumve
430 243 594 280 vocum,
633 241 733 281 quas
771 235 900 269 tamen
939 226 1144 268 introrsum
1181 240 1262 268 non
1293 233 1450 282 recipit,
1494 236 1537 270 at
1564 231 1634 270 illa
1661 230 1865 272 harmonia

71 302 150 331 non
177 294 240 331 est
268 290 337 330 illo
363 295 458 330 actu
488 288 666 338 sensilis,
696 299 769 326 nos
798 299 891 326 vero
922 285 971 326 de
1002 286 1155 333 sensilis
1184 290 1355 328 essentia
1383 288 1591 340 loquimur.

180 348 324 398 Qualis
354 359 447 388 vero
478 354 538 387 est
566 347 635 386 illa
664 345 867 397 receptio?
906 356 1033 384 nonne
1061 346 1170 394 soni,
1203 350 1246 384 nt
1276 347 1454 398 exemplo
1485 348 1628 387 notiori
1659 351 1747 386 utar
1775 346 1863 388 loco

72 404 265 454 omnium,
305 398 477 471 perstant
504 406 599 445 foris
629 409 736 444 extra
778 415 897 442 aures
922 405 960 440 in
991 405 1103 451 aere,
1143 408 1182 442 et
1211 407 1302 443 ante
1331 416 1450 444 sonos
1488 410 1617 444 motus
1646 415 1862 456 corporum,

73 464 124 504 ad
155 475 317 515 quorum
347 465 606 514 quantitatem
634 463 719 501 soni
748 460 992 511 sequuntur?
1021 472 1150 500 nonne
1179 463 1206 499 ii
1237 468 1395 501 manent
1425 465 1464 500 in
1493 465 1586 502 suis
1606 464 1863 514 corporibus?

72 521 269 572 quomodo
307 530 400 573 ergo
437 519 736 572 ingrediuntur?
794 518 1048 570 Respondeo,
1090 521 1230 570 partim
1271 520 1443 570 agendo,
1481 523 1621 572 partim
1650 522 1862 572 patiend03

71 579 244 631 agendo,
285 580 376 619 dum
406 581 555 630 species
585 580 787 625 emittunt,
827 577 983 628 pulsata
1012 583 1141 616 motus
1171 579 1256 630 sui,
1293 589 1429 624 sonos,
1475 579 1606 619 lucida
1634 579 1793 626 luminis
1823 585 1864 620 et

23 634 26 636 ’
71 637 210 677 coloris
237 639 318 687 sui,
354 638 526 683 radios‚·
553 643 592 676 et
619 638 721 675 sicut
749 635 963 686 loquimur,
1005 647 1091 674 cum
1125 636 1279 686 objecta
1309 636 1472 676 dicimus
1513 649 1671 676 movere
1702 648 1862 688 sensus3

69 707 227 741 movere
255 707 348 748 vero
378 700 438 735 est
467 707 602 746 agere,
642 693 826 745 patiendo
867 704 959 733 vero
999 705 1076 731 non
1122 694 1231 744 ipsae
1268 705 1328 733 res
1356 707 1426 745 per
1454 707 1517 741 se,
1557 695 1626 735 sed
1656 696 1861 747 speciebus

70 756 169 802 suis,
209 765 309 805 quae
349 753 440 792 dnm
470 755 706 799 sentiuntur,
749 757 1030 799 memorantur,
1071 758 1364 804 comparantur,
1404 765 1556 804 semper
1588 754 1736 804 aliquid
1777 756 1862 805 pati

71 812 215 851 debent
243 824 291 851 ex
320 819 393 850 usu
424 811 619 862 loquendi.
680 811 729 849 Et
758 811 915 848 omnino
950 809 1048 849 haec
1077 811 1163 860 ipsa
1193 810 1356 849 duorum
1395 813 1645 850 terminorum
1675 811 1861 852 adunatio

72 872 111 908 in
141 872 290 919 animo,
328 882 397 923 per
425 881 542 919 quam
571 867 733 908 resultat
762 868 930 907 essentia
960 867 1183 907 harmoniae
1214 868 1430 921 sensibilis,
1466 870 1592 920 ipsum
1622 870 1771 909 scilicet
1798 882 1862 910 re-

70 927 157 967 ferri
195 933 235 967 et
275 929 488 979 comparari
527 932 587 966 est
622 926 738 966 rebus
771 926 935 976 junctim
965 927 1119 964 sumtis.
1143 924 1220 965 tale
1250 928 1471 978 quippiam,
1513 927 1629 976 quale
1661 930 1860 980 quippiam

68 991 127 1024 est
153 986 269 1025 rebus
298 986 459 1035 singulis
489 985 623 1031 videri,
654 983 791 1031 audiri,
824 995 949 1033 eoque
978 985 1103 1022 minus
1125 985 1253 1023 etiam.
1314 984 1411 1023 Sunt
1441 987 1584 1036 qnippe
1612 985 1711 1025 haec
1730 988 1861 1025 omnia

69 1045 272 1095 passiones
301 1044 515 1094 quaedam,-
545 1042 614 1082 sed
643 1043 859 1092 aequivoce
889 1038 1035 1087 dictae,
1066 1054 1207 1092 magno
1237 1043 1530 1093 significationis
1560 1044 1722 1085 ambitu.

182 1101 262 1141 Sed
292 1103 571 1150 constituamus
601 1100 743 1151 gradus
773 1101 1008 1151 passionum.
1068 1099 1239 1139 Primum
1280 1102 1424 1152 patitur
1454 1101 1564 1140 verbi
1595 1113 1713 1141 causa
1741 1113 1861 1155 aqua,

69 1171 156 1199 cum
195 1159 348 1210 egelida
388 1162 556 1199 existens
594 1159 750 1209 ignibus
788 1157 954 1196 admotis
997 1159 1172 1208 tepescit.
1234 1159 1342 1197 Alter
1370 1159 1613 1209 significatus
1651 1161 1734 1211 pati
1764 1159 1859 1200 dicit

69 1218 279 1266 humorem,
310 1214 398 1257 eu‘m
427 1216 574 1267 aliquid
614 1218 697 1267 agit
726 1218 827 1267 ipse,
860 1215 942 1254 scil.
972 1215 1232 1255 humectando
1269 1216 1396 1270 arida,
1437 1228 1527 1255 nam
1556 1229 1647 1268 pars
1677 1217 1762 1268 ejus
1793 1230 1858 1258 ra·

13 1286 15 1288 ’
67 1277 171 1325 pitur
198 1269 418 1323 in'meatus
449 1277 631 1314 exsiccati
663 1276 777 1324 eique
807 1275 1009 1321 miscetur,
1051 1273 1166 1324 quod·
1194 1281 1254 1312 est
1282 1275 1384 1324 pati;
1424 1276 1481 1314 sic
1511 1276 1727 1327 etrpatitur
1755 1288 1860 1326 aqua

68 1345 156 1372 cnm
184 1339 381 1384 gustatur,
423 1339 571 1384 partem
602 1334 703 1371 enim
734 1332 899 1381 deglutit
928 1332 1151 1371 siticulosus
1183 1331 1412 1382 digeritque.
1474 1333 1551 1372 Sed
1591 1335 1705 1386 tertio
1740 1336 1857 1374 etiam

67 1391 282 1441 significatu
314 1394 474 1442 patitur
487 1402 590 1441 aqua
620 1392 658 1428 i'n
689 1395 856 1439 gustatu,
888 1401 974 1428 cum
1004 1402 1029 1428 a
1058 1389 1191 1439 lingua
1220 1391 1358 1430 saltem
1390 1384 1635 1447 contingitur,
1667 1403 1744 1431 non
1768 1398 1858 1432 tan-

67 1455 169 1488 ιιιιιι
178 1451 270 1500 quia
299 1449 456 1500 linguae
487 1449 634 1487 calore
646 1448 785 1502 calefit,
817 1460 903 1486 cum
931 1449 1017 1498 ipsa
1045 1459 1118 1486 suo
1148 1447 1290 1498 frigore
1318 1447 1492 1498 linguam
1521 1450 1754 1500 frigefaciat,
1783 1463 1857 1490 nec

67 1512 216 1546 tautum
245 1505 347 1555 ideo,
378 1508 471 1557 quia
490 1507 623 1545 haeret
652 1505 798 1556 aliquid
829 1517 954 1555 aquae
984 1507 1022 1543 in
1053 1505 1197 1555 lingua,
1229 1506 1298 1545 sed
1317 1507 1545 1558 simpliciter
1573 1510 1668 1558 qnia
1687 1510 1859 1559 tangitur

66 1576 91 1604 a
118 1565 274 1615 lingua,
313 1564 418 1615 quod
447 1569 506 1603 est
543 1566 653 1614 quasi
685 1565 880 1602 lenissime
920 1564 1022 1602 feriri
1060 1570 1127 1601 aut
1168 1565 1312 1614 pulsari
1352 1571 1419 1603 aut
1449 1565 1616 1616 impelli,
1656 1566 1758 1606 unde
1798 1571 1858 1606 est

5 1639 10 1644 -
67 1627 211 1661 motus
224 1619 360 1662 localis
389 1624 556 1672 partium
594 1624 631 1659 in
662 1627 769 1670 toto;
800 1624 947 1659 moveri
975 1633 1068 1659 vero
1099 1626 1163 1660 est
1186 1624 1282 1672 pati.
1343 1621 1513 1671 Quartus
1543 1629 1627 1662 esto
1656 1625 1857 1674 siguifica-

67 1680 154 1728 tus,
193 1692 275 1731 quo
304 1681 384 1731 pati
419 1680 558 1719 dicitur
587 1691 706 1729 aqua,
747 1691 832 1717 cnm
870 1681 1010 1717 emisso
1042 1691 1185 1729 vapore
1221 1680 1307 1718 ferit
1342 1692 1455 1719 nares
1487 1681 1737 1741 odoratuque
1767 1695 1856 1734 per-

70 1740 230 1789 cipitur,-
250 1739 395 1789 percipi
425 1743 555 1776 autem
585 1742 643 1775 est
673 1739 774 1787 pati3
815 1743 853 1775 et
882 1736 946 1775 hic
976 1737 1133 1786 quidem
1159 1739 1308 1804 patitur
1340 1749 1417 1776 non
1449 1740 1552 1789 ipsa,
1594 1739 1663 1781 sed
1693 1740 1857 1780 effluxus
1885 1734 1888 1736 ’
1928 1757 1930 1760 ·

65 1796 150 1846 ejus
181 1803 407 1848 corporeus,
448 1807 525 1845 qua
540 1797 735 1848 passione
767 1796 883 1833 etiam
912 1795 1127 1833 absumitur
1166 1795 1251 1844 ejus
1280 1795 1440 1845 aliquid.
1502 1796 1678 1866 Quintus
1699 1799 1854 1862 gradus,
1891 1807 1905 1842 ᾗ

67 1865 145 1904 quo
175 1855 257 1905 pati
289 1853 518 1903 intelligitur
547 1865 661 1903 aqua,
692 1864 778 1891 cum
809 1854 991 1902 strepitus
1022 1852 1107 1902 ejus
1134 1852 1309 1891 auditur.
1341 1855 1504 1904 primum
1526 1857 1627 1894 enim
1648 1857 1736 1911 ipsa
1753 1858 1889 1907 aqua'·
1958 1896 1961 1897 γ

67 1913 106 1949 in
139 1918 246 1951 motu
278 1917 356 1959 est,
398 1911 536 1950 deinde
572 1913 720 1961 species
752 1912 1007 1949 immateriata
1043 1922 1190 1960 aquae,
1235 1918 1277 1950 ut
1312 1917 1521 1961 movetur,
1552 1907 1795 1954 diffunditur·
1805 1916 1856 1965 ab
1929 1958 1931 1961 ,

67 1971 153 2021 ipsa
191 1971 231 2007 in
272 1981 423 2008 omnem
462 1969 647 2008 ambitum
685 1970 942 2019 recipiturque
982 1970 1020 2005 in
1051 1973 1202 2008 meatus
1240 1971 1414 2020 aurium3
1451 1971 1551 2011 haec
1588 1974 1768 2023 receptio
1798 1978 1857 2012 est

68 2029 200 2096 passio
230 2038 307 2066 non
337 2029 460 2078 ipsius
488 2039 639 2078 aquae,
680 2027 746 2065 sed
778 2028 918 2076 speciei
950 2027 1051 2076 ejus,
1083 2035 1152 2065 seu
1184 2027 1360 2075 defluxus
1391 2029 1475 2078 ejus
1504 2031 1775 2084 immateriati‚
1817 2021 1857 2070 et'
1887 2031 1891 2036 '

66 2087 106 2123 in
146 2086 241 2123 hac
258 2087 477 2136 receptione
517 2085 738 2134 deperditur
778 2085 923 2134 aliquid
961 2090 1132 2134 tempore
1183 2090 1221 2123 et
1256 2086 1552 2137 multiplicitate
1577 2090 1886 2139 receptionum·

65 2143 166 2182 Nam
195 2143 369 2182 obtusior
398 2148 457 2181 est
487 2154 624 2190 sonus,
665 2143 731 2193 qui
761 2150 924 2192 magnae
953 2142 1210 2181 multitudinis
1249 2145 1406 2186 auribus
1446 2151 1515 2183 aut
1544 2146 1732 2185 vestibus
1749 2148 1854 2186 acei-
1889 2166 1892 2169 ·

32 2226 45 2235 ι
67 2201 135 2246 dit,
167 2205 235 2239 aut
264 2202 331 2250 qui
362 2202 460 2239 iuter
489 2202 599 2239 nives
631 2200 852 2240 decidentes
883 2202 1080 2239 emittitur.
1141 2200 1277 2249 SextO,
1310 2203 1424 2240 ctiam
1457 2214 1542 2241 cnm
1558 2198 1712 2242 videtur
1731 2207 1857 2254 aqua,

65 2259 211 2297 datitnr
239 2258 406 2307 aliquid:
438 2259 578 2297 emittit
606 2270 643 2296 n.
676 2270 699 2296 a
729 2259 929 2309 superficie
963 2258 1023 2296 vel
1055 2260 1179 2307 quasi,
1210 2261 1387 2298 nimirum
1419 2272 1442 2298 a
1467 2260 1662 2307 coloribus
1690 2263 1783 2311 suis,
1815 2264 1855 2300 in

68 2321 255 2367 puantum
286 2316 474 2363 colorata,
498 2317 635 2354 radios
665 2316 714 2355 ad
746 2316 918 2363 oculum,
950 2317 1017 2365 qui
1046 2315 1142 2355 radii
1172 2322 1401 2366 tanguntur,
1434 2321 1758 2368 repercutiuntur,
1791 2331 1854 2359 re·-

65 2375 314 2424 qringuntur,
346 2379 534 2422 coguntur
562 2374 611 2412 ad
642 2379 837 2441 punctum,
869 2375 1111 2424 excipiuntur
1140 2385 1164 2411 8
1191 2375 1374 2413 retisormi
1405 2377 1542 2415 tunica-
1567 2378 1711 2433 coacti,
1754 2381 1855 2426 quae

65 2433 211 2471 fomnia
229 2436 318 2469 sunt
338 2432 537 2498 passiones
566 2443 643 2470 non
664 2433 785 2482 ipsius
815 2443 953 2481 aquae,
984 2431 1051 2469 sed
1081 2433 1223 2481 speciei
1251 2433 1530 2472 immateriatae
1559 2431 1642 2476 seu
1647 2406 1853 2475 radiorum.
1886 2431 1890 2435 ’

70 2490 122 2528 Et
148 2489 189 2527 hi
219 2489 317 2527 radii
342 2488 426 2538 jam
454 2490 492 2526 in
522 2489 596 2527 hac
626 2492 843 2540 receptione
873 2489 969 2527 nihil
999 2489 1186 2540 perdunt,
1220 2501 1346 2540 neque
1375 2490 1471 2530 locis
1501 2502 1631 2542 neque
1657 2497 1854 2544 tempore3

68 2552 216 2586 remoto
247 2547 349 2584 enim
386 2546 488 2594 quod
518 2548 662 2596 tangit,
706 2552 868 2598 pergunt
908 2546 1070 2585 ulterius
1110 2549 1264 2597 penitus
1307 2548 1466 2596 illibati,
1508 2549 1617 2600 quod
1654 2561 1732 2589 non
1763 2547 1890 2591 facit}

68 2600 200 2644 sonus.
258 2604 446 2653 Septimo,
478 2609 681 2653 postquam
712 2605 785 2643 hae
815 2604 978 2656 species*
999 2606 1213 2655 ipsumque
1233 2605 1332 2645 adeo
1372 2618 1509 2657 corpus
1540 2608 1665 2657 aquae
1696 2609 1736 2645 in
1767 2610 1868 2647 cor-2
1895 2630 1898 2633 >

68 2673 186 2714 porea
216 2673 398 2700 sensuum
428 2662 681 2700 iustrumenta
709 2666 814 2713 prius
844 2662 992 2712 aliquid
1023 2668 1203 2712 egerunt,
1235 2663 1301 2701 illa
1330 2676 1382 2702 sc.
1414 2666 1488 2702 sibi
1520 2665 1770 2704 conformiter
1791 2666 1877 2706 as&

68 2720 240 2760 recerunt
276 2720 428 2768 sibique
461 2718 742 2767 assimilatum,
784 2725 826 2758 ut
865 2725 905 2759 et
933 2720 1089 2769 linguae
1130 2725 1169 2758 et
1199 2723 1297 2759 cutis
1336 2718 1625 2777 membranulae
1664 2723 1785 2773 frigus
1813 2723 1871 2763 et¹
1906 2737 1909 2739 ·

69 2789 257 2828 saporem,
287 2778 436 2815 narium
465 2776 621 2824 spiritus
653 2777 808 2816 odorem
838 2779 1088 2828 perceperint,
1119 2780 1276 2828 spiritus
1297 2779 1476 2817 auditorii
1499 2779 1595 2828 ejxls
1614 2782 1744 2823 sonitu
1761 2782 1854 2832 per'-
1894 2823 1898 2827 .

19 2876 22 2880 ,
71 2840 261 2885 strepant,
301 2836 433 2872 visorii
476 2834 559 2882 ejus
596 2833 680 2872 luce
712 2835 946 2883 colluceant,
987 2837 1120 2884 itaque
1150 2841 1266 2886 typus
1305 2840 1343 2874 et
1380 2838 1542 2886 species
1558 2836 1642 2887 eJus
1681 2841 1854 2878 sensoria

71 2893 183 2931 fuerit
212 2892 386 2939 formata,
419 2903 533 2941 quam
566 2891 667 2929 oculi
698 2897 799 2930 certe
830 2895 1137 2943 circumgestant,
1171 2895 1286 2932 etiam
1317 2893 1449 2932 ablata
1469 2894 1550 2941 illa,
1581 2906 1699 2946 saepe
1717 2897 1851 2940 invito

71 2949 250 2988 homine:
276 2949 359 2998 jam
389 2949 464 2988 hae
492 2949 644 2999 species
672 2947 831 2988 sensiles
861 2951 911 2989 ab
942 2962 1124 2990 sensuum
1138 2950 1358 2989 vestibulis
1388 2963 1456 2990 seu
1486 2952 1641 3006 orificiis
1661 2955 1853 3007 recipiun-

78 3012 145 3045 tur
173 3009 378 3045 introrsum
413 3018 481 3058 per
511 3007 590 3043 vim
626 3006 991 3057 repraesentativam
1034 3020 1101 3047 seu
1131 3008 1433 3062 phantasticam,
1477 3001 1777 3072 cognoscuntur
1785 3016 1855 3088 per
