1994 3276
726 84 920 125 Liberm.
946 85 1148 132 ctpntxl„
1452 94 1460 99 ¹
1743 91 1824 130 381

40 202 201 242 donibus
220 203 438 249 inunt-r,
471 203 607 251 quippe
636 213 719 240 cum
740 202 935 239 harmoniis
958 187 1201 249 delectentur,
1239 213 1305 239 seu
1334 202 1421 249 quia
1442 202 1513 239 Dei
1535 202 1726 249 imagines,
1763 212 1830 244 seu

40 254 127 300 quia
148 254 255 293 nodo
275 255 508 294 inenarrabili
530 254 806 293 transformatae
829 259 915 290 sunt
937 254 976 290 in
997 253 1123 299 cix-cmi
1146 254 1390 301 geometriam.

152 307 212 345 Ita
232 307 326 346 haec
347 307 554 344 harmonica
577 307 824 352 consonatio,
847 306 884 342 in
908 312 1082 352 quantum
1103 306 1322 352 harmonica,
1347 305 1556 344 Ptolemaeo
1572 307 1740 345 eoelestis
1757 312 1827 355 est,

39 358 124 396 mihi
146 361 344 406 munis,
373 366 447 397 tam
471 359 721 405 materialiter,
756 359 803 396 ob
826 359 979 405 angulos
1002 357 1199 396 radiorum.
1238 369 1345 403 qnam
1379 358 1593 406 formaliter,
1631 360 1679 396 ob
1702 370 1830 396 eorum

38 412 132 448 inter
154 421 196 449 sc
217 411 481 453 habitudinem,
505 423 600 459 quae
623 413 833 449 aestimauit
854 411 900 447 ab
924 410 1044 447 anima
1067 408 1261 446 sublunari.

152 464 411 509 Argumentum
442 464 554 502 affero
584 464 761 511 dogmatis
794 463 864 500 mei
894 462 1219 507 evidentissimum,
1255 463 1352 508 qnod
1386 464 1692 509 configurationes
1727 464 1829 506 istae,

39 525 131 560 qu-
158 526 227 553 nos
256 517 294 553 in
315 517 438 555 Terris
469 518 644 555 sentimus
665 516 841 554 efficaces
874 522 912 552 et
935 521 1128 562 operosas,
1166 525 1237 551 non
1263 515 1337 551 sint
1368 515 1461 552 inter
1483 516 1649 562 planetas
1672 517 1773 563 ipsos
1791 518 1830 554 in

37 566 151 613 coelo,
174 567 401 607 sed-unm
426 572 521 607 inter
543 571 707 607 binorum
730 570 850 606 radios
874 569 957 606 illos
980 568 1078 606 solos
1105 573 1142 605 et
1169 568 1314 611 unicos,
1351 569 1413 614 qui
1437 570 1472 605 in
1497 570 1647 606 Terram
1669 575 1830 607 nostran

38 620 217 667 incidunt3
241 621 312 668 hie,
337 624 494 669 inquam,
519 624 555 659 in
579 623 702 659 Terris
726 632 794 658 nec
818 622 958 667 uspiam
982 620 1068 657 alibi
1090 621 1129 658 in
1152 620 1288 657 mundo
1313 627 1399 657 sunt
1422 621 1492 657 hae
1515 620 1830 668 configurationes,

37 683 119 709 cun
141 679 237 717 ιιιιιι,
258 680 297 711 et
319 681 406 712 sunt
427 676 550 721 potius
574 677 612 711 in
636 685 813 712 concursu
837 673 1019 710 radiorum
1042 672 1214 718 punctuli,
1239 684 1347 719 quam
1370 673 1408 709 in
1431 673 1591 719 circulo,
1617 675 1830 711 aestimatur

37 728 179 763 ιιιιωιι
200 728 364 773 angulus,
388 739 460 773 qno
482 733 712 772 concurrunt,
736 726 988 773 imaginatione
1011 735 1117 763 arcus
1141 737 1187 762 ex
1212 736 1391 763 concursu
1413 701 1596 773 descripti,
1622 727 1828 773 cujusmodi

36 787 142 815 arcus
163 779 234 817 etsi
256 781 374 827 nobis,
397 781 460 828 qui
484 780 599 818 oculis
622 781 767 825 utimur,
789 779 998 826 suppeditas
1019 779 1188 815 zodiacus
1213 779 1374 823 sensilis,
1400 779 1720 817 innumerabih'bus
1744 780 1830 816 fixis

37 830 228 869 distinctus
251 839 289 869 et
311 833 418 879 quasi
440 833 576 870 divisus
601 832 843 877 subtilissime,
869 840 907 868 at
931 838 1062 869 natura
1084 832 1248 869 animalis
1271 830 1444 869 circulum
1468 831 1588 876 alium,
1616 833 1828 880 angulorum

37 880 165 920 hm
186 893 408 931 mensorem,
444 895 566 922 secum
588 886 668 932 ipsa
691 885 802 922 habet
826 886 934 921 intus.
984 885 1126 930 Cogitet
1146 884 1222 929 jam
1245 883 1486 930 philosophus
1509 884 1656 931 aliquis.
1691 886 1723 922 si
1746 897 1825 923 cor-

37 944 127 980 pora
146 935 320 975 coelestia
343 936 424 983 ipsa
446 937 662 984 principium
684 937 795 982 hujus
820 937 1005 974 efficaciae
1043 948 1107 983 per
1131 936 1434 982 configurationes
1464 935 1502 972 in
1532 947 1573 973 se
1600 937 1690 984 ipsis
1718 938 1829 975 habe-

37 991 119 1024 rent
140 995 395 1034 morer-eatque
418 988 509 1025 haec.
534 990 720 1032 iuferiora.
746 1001 834 1029 non,
861 996 900 1026 ut
923 1000 990 1035 ego
1016 990 1118 1034 volo,
1143 990 1339 1035 objective‚
1364 987 1428 1025 sed
1450 988 1583 1033 active,
1618 990 1759 1027 actione
1783 1001 1828 1027 ex

37 1038 125 1084 ipsis
149 1042 360 1087 corporibus
385 1040 565 1078 defluente
589 1043 635 1078 ad
661 1054 728 1077 nos
752 1053 832 1078 cum
857 1041 983 1088 radiis,
1014 1053 1087 1088 qua
1108 1041 1219 1088 igitur
1244 1042 1383 1077 ratione
1413 1040 1582 1087 planetae
1604 1052 1672 1087 per
1695 1052 1735 1079 se
1758 1043 1829 1080 sin-

36 1089 112 1136 guli
132 1098 282 1138 possent
304 1093 510 1139 resciscere,
536 1094 679 1138 quando
705 1094 762 1130 hic
787 1094 822 1129 in
848 1093 973 1130 ultima
997 1093 1120 1130 mundi
1136 1093 1221 1140 pila,
1246 1092 1432 1139 in‘Terris,
1456 1093 1552 1128 inter
1567 1102 1607 1129 se
1622 1092 1698 1129 bini
1721 1094 1831 1131 radiis

10 1164 13 1166 v
37 1142 113 1179 suia
134 1149 321 1190 aspectum
350 1146 562 1192 formarent,
595 1147 679 1193 quia
709 1152 879 1193 aspectus
910 1147 1052 1183 nonnisi
1084 1146 1249 1183 binorum
1280 1145 1506 1191 planetarum
1532 1150 1603 1185 est,
1640 1157 1713 1192 quo
1736 1159 1830 1185 com-

37 1196 168 1233 mercio
191 1197 267 1234 bini
290 1197 458 1244 planetae
481 1200 575 1236 inter
598 1211 638 1235 se
661 1199 868 1245 longissime
892 1199 1008 1235 dissiti
1033 1197 1184 1235 consilia
1201 1207 1268 1234 sua
1293 1197 1608 1244 communicarent,
1635 1199 1728 1236 vires
1745 1211 1829 1237 con·

37 1246 172 1286 ίατοιιι
204 1249 321 1296 adque
344 1250 492 1287 Terram
514 1257 552 1288 et
575 1251 611 1288 iu
635 1252 756 1288 radios
780 1262 867 1289 suos
892 1252 938 1289 ad
963 1257 1146 1288 momenta
1168 1256 1381 1297 aspectuum
1410 1250 1639 1288 demitterent
1670 1253 1831 1289 easdem·

39 1306 131 1346 que,
144 1301 299 1348 primun
321 1307 431 1349 atquc
456 1311 575 1341 cessat
597 1306 784 1350 aspectus,
823 1315 966 1341 cessare
990 1305 1164 1340 facerent.
1213 1304 1271 1339 An
1289 1314 1359 1339 non
1384 1302 1466 1349 plus
1488 1314 1596 1348 quam
1611 1305 1671 1341 Dii
1688 1306 1829 1342 essent?

0 1386 6 1393 ,
38 1351 91 1388 Et
112 1363 159 1390 ne
181 1354 303 1391 multis
327 1355 548 1401 argumentis
571 1357 619 1392 sit
642 1367 746 1403 opus,
772 1357 863 1393 serat
885 1358 945 1394 hic
969 1358 1046 1403 ipse
1071 1356 1380 1403 comparationum
1402 1355 1704 1394 Ptolemaicarum
1736 1369 1832 1396 cam·

37 1415 106 1451 pus
132 1405 271 1452 justum
301 1407 396 1444 inter
419 1418 476 1444 me
508 1414 546 1444 et
569 1408 814 1446 Ptolemaeum
845 1409 1032 1454 judicium.
1082 1410 1339 1456 Comparamus
1375 1409 1503 1445 merito
1541 1409 1716 1446 coelestia
1748 1420 1831 1446 cum

38 1456 273 1501 harmonicis,
305 1459 358 1496 ab·
375 1460 502 1497 eodem
526 1460 620 1496 euim
653 1461 752 1498 fonte
776 1462 959 1498 fluxerunt
990 1463 1026 1498 in
1052 1468 1244 1507 utrumqne
1275 1472 1391 1507 genus
1415 1472 1533 1497 rerum
1567 1461 1724 1507 rationes
1747 1462 1830 1499 bar·

40 1511 213 1548 nonime.
260 1512 354 1557 Quid
378 1513 487 1559 igitur
510 1520 583 1559 est,
620 1515 717 1560 quod
749 1516 901 1551 choreas
933 1521 1051 1550 movet
1082 1514 1127 1549 ad
1159 1513 1327 1549 cantum?
1375 1513 1467 1549 Num
1500 1512 1658 1550 chordae
1686 1514 1757 1550 hoc
1780 1513 1845 1554 ἧι,

39 1562 165 1598 ciunt?
212 1563 285 1600 Gur
305 1565 415 1610 igitur
446 1566 545 1602 surdi
570 1577 639 1603 ιιοιι
665 1572 852 1604 moventur
885 1567 931 1603 ad
956 1573 1083 1603 cantus
1117 1566 1261 1612 legens)
1307 1565 1437 1602 Nonne
1466 1565 1606 1610 species
1630 1576 1830 1603 consonan-

15 1644 17 1648 ,
39 1613 168 1658 tiaram
190 1614 228 1650 in
252 1625 357 1653 aures
381 1617 536 1654 influunt
560 1618 680 1663 ibique
711 1631 733 1655 a
756 1630 865 1656 sensu
898 1619 1079 1656 communi
1109 1629 1155 1655 ex
1179 1618 1350 1655 instinctu
1380 1617 1535 1654 naturali
1566 1628 1632 1663 pro
1660 1618 1830 1663 jucundis

39 1671 78 1701 et
99 1667 212 1712 gratis
236 1671 509 1716 approbantur?
556 1671 684 1707 Nonne
708 1673 829 1708 anima
851 1676 925 1717 est,
956 1681 1050 1715 quae
1085 1675 1258 1716 percepta
1288 1670 1467 1707 cantilena
1498 1679 1630 1715 corpus
1655 1680 1757 1706 suum
1783 1670 1829 1707 ad
1875 1694 1879 1696 -

0 1750 2 1769 ÷
40 1717 119 1763 eins
140 1719 239 1766 leges
263 1726 302 1758 et
322 1721 528 1768 rhythmum
551 1724 699 1759 movet?
725 1724 822 1769 qnod
846 1723 888 1759 fit
912 1734 983 1758 non
1008 1727 1146 1759 tantum
1170 1723 1207 1758 in
1230 1723 1432 1759 voluntario
1448 1728 1550 1758 motu
1566 1723 1738 1768 corporis
1763 1722 1827 1758 sed

39 1769 146 1807 m‘am
170 1773 208 1809 iu
232 1773 387 1810 naturali
411 1779 511 1811 motu
534 1774 799 1821 delectationis,
824 1777 871 1812 ob
888 1787 1016 1812 suaves
1034 1775 1299 1812 consonantias
1347 1775 1499 1812 Frustra
1509 1774 1568 1810 hic
1585 1780 1830 1821 contempera·

39 1822 172 1860 tionem
196 1835 366 1862 sonorum
391 1823 511 1871 ullam,
537 1827 604 1864 nisi
630 1828 842 1864 rationalem
868 1833 902 1863 et
929 1828 1005 1864 sola
1029 1834 1148 1864 mente
1173 1838 1237 1863 seu
1262 1838 1328 1872 per
1343 1826 1567 1872 disciplinam
1593 1837 1659 1864 seu
1682 1828 1828 1864 instinc-

21 1895 23 1897 ·
41 1878 117 1912 tum
138 1878 406 1924 perceptibilem
431 1880 589 1926 allegant
611 1880 967 1940 pseudophilosophi.

155 1929 205 1967 Et
226 1930 400 1967 hactenus
427 1932 570 1978 quidem
595 1934 639 1969 de
663 1933 811 1970 materia
836 1933 905 1969 mei
926 1933 1009 1969 libri
1032 1934 1172 1978 quarti,
1197 1933 1299 1979 cujus
1323 1933 1537 1979 subjectum,
1563 1932 1749 1968 harmonia
1773 1942 1829 1967 ra·

44 1976 255 2028 dictionum,
289 1994 386 2019 mere
418 1989 588 2020 terrestre
619 1990 686 2021 est.
735 1985 841 2022 Aliud
872 1985 1020 2031 aliquod
1052 1992 1220 2032 superest
1242 1996 1357 2032 genus
1379 1985 1607 2030 harmoniae,
1644 1983 1830 2020 verissime

45 2031 200 2069 mdeste
223 2045 288 2071 sen
310 2036 530 2073 mundanum
552 2038 693 2083 potius,
727 2038 773 2074 de
798 2049 869 2096 quo
893 2044 929 2074 et
952 2038 1182 2074 Ptolemaeus
1214 2038 1287 2083 agit
1318 2037 1498 2083 capitibus
1527 2034 1760 2082 sequentibus
1793 2040 1830 2070 et

43 2092 113 2129 ⁸2⁰
133 2084 225 2122 libro
248 2097 327 2124 meo
351 2089 476 2135 quinto
499 2090 556 2134 egi
580 2089 688 2135 idque
711 2090 946 2135 praecipuum
971 2101 1118 2135 scopum
1149 2090 1219 2126 feci
1241 2090 1355 2126 totins
1378 2089 1450 2125 mei
1474 2089 1592 2135 operis
1621 2087 1827 2145 harmonici.

35 2353 123 2421 {Ut
155 2367 299 2397 motus
333 2361 528 2399 siderum
565 2363 802 2401 secundum
838 2364 1132 2400 altitudinem
1167 2368 1451 2409 comparetur
1484 2362 1728 2408 generibus
1760 2363 1803 2397 in

46 2441 69 2473 ,Α
791 2421 1077 2463 harmonial).

45 2558 60 2568 v
159 2515 379 2556 Secundam
406 2521 582 2557 motuum
610 2518 780 2568 speciem
808 2516 1020 2557 secundum
1050 2500 1293 2556 altitudinem
1322 2517 1563 2556 inveniemus
1594 2515 1759 2555 similem
1789 2518 1827 2556 ei

46 2572 149 2630 'pm
174 2573 439 2623 harmonices,
476 2586 577 2624 quae
606 2587 749 2625 genera
790 2575 895 2615 dicta
923 2576 1055 2614 habet.
1113 2575 1223 2614 Sicut
1259 2577 1361 2614 enim
1401 2577 1441 2612 in
1471 2574 1545 2613 hac
1580 2585 1725 2623 genera
1751 2576 1828 2613 tria

48 2636 150 2681 qut,
179 2632 486 2679 enharmonium,
517 2632 812 2682 chromaticum,
843 2633 1103 2683 diatonicum,
1142 2634 1323 2672 distincta
1353 2632 1635 2682 quantitatibus
1664 2643 1829 2683 propor-

50 2684 197 2728 ἰὶαιιιιιιι
225 2691 265 2727 in
295 2689 548 2729 tetrachordis
565 2687 634 2738 11),
674 2692 730 2730 sic
760 2697 799 2730 et
827 2691 894 2730 illa
936 2696 1012 2730 tres
1042 2692 1186 2730 formas
1215 2690 1508 2729 intervallorum
1547 2690 1828 2740 complectitur,

50 2744 217 2796 mimi,
256 2748 372 2787 medii
411 2754 449 2786 et
477 2746 733 2796 maxim1111)
777 2761 877 2798 quae
913 2754 951 2788 et
980 2751 1088 2800 ipsae
1130 2750 1346 2799 quantitate
1381 2758 1563 2787 cursuum
1598 2758 1828 2791 mensuran-

46 2799 195 2852 ⁸¹7).
256 2806 447 2844 Accessus
477 2806 593 2855 igitur
622 2805 835 2844 mediorum
863 2807 1166 2854 intervallorum,
1198 2807 1265 2856 qui
1294 2805 1506 2844 mediocres
1536 2804 1708 2855 undique
1737 2816 1828 2845 cur·

52 2862 119 2900 -n
153 2861 316 2908 habent,
358 2874 475 2913 quam
515 2865 692 2912 proxime
726 2863 967 2903 chromaticis
1006 2866 1211 2914 generibus
1237 2864 1326 2912 jum
1357 2865 1443 2912 quis
1473 2871 1691 2914 comparet,
1733 2865 1827 2913 quia
1863 2860 1866 2861 ⁷

51 2916 170 2957 *m
197 2922 235 2957 in
266 2920 326 2957 his
355 2920 498 2959 lichani
528 2928 661 2958 secant
691 2920 818 2959 media
847 2922 1089 2960 tetrachorda
1109 2921 1171 2972 ν);
1210 2927 1250 2959 at
1279 2923 1346 2970 qui
1377 2922 1555 2959 minimos
1585 2932 1719 2959 cursus
1749 2921 1824 2960 ha-

206 2979 290 3015 sive
328 2978 352 3015 ii
396 2977 446 3016 ud
474 2977 680 3017 intervalla
707 2989 732 3015 a
761 2977 879 3018 Terra
918 2981 1086 3018 maxima
1123 2983 1408 3027 consequantur
1445 2980 1528 3016 sive
1568 2978 1619 3017 ad
1655 2979 1826 3028 minima,

193 3033 338 3075 debunt
377 3034 635 3075 enharmoniis
676 3035 902 3087 generibus,
941 3038 1033 3087 quia
1061 3038 1152 3076 bina
1189 3035 1421 3075 tetrachordi
1463 3035 1669 3077 intervalla
1712 3037 1830 3078 simul
