1988 3276
897 1022 1001 1062 AD

213 1127 561 1182 serenissimum
596 1136 644 1180 et
676 1132 1043 1179 Potentissimum
1079 1129 1334 1190 Principem
1370 1132 1419 1178 et
1452 1129 1692 1178 Dominum

697 1242 753 1304 Ι.
805 1240 1200 1312 Mennim,

118 1371 287 1424 Magne
315 1371 559 1421 Britanniae,
604 1371 812 1421 Franciae,
842 1371 1054 1411 Hiberniae
1081 1370 1249 1422 Regem,
1290 1369 1402 1411 Fidei
1431 1369 1685 1410 Defensorem
1711 1372 1783 1409 etc.

564 1451 775 1491 Dominum
804 1463 933 1492 meum
963 1450 1327 1493 clementissimum.

178 1578 257 1618 Cur
280 1579 356 1618 hos
384 1591 458 1629 ego
486 1579 740 1618 Harmonices
775 1578 896 1618 libros
924 1580 1023 1618 inter
1050 1577 1227 1617 homines
1255 1578 1487 1629 vulgandos,
1518 1590 1567 1618 ex
1593 1578 1841 1630 Imperatoris

64 1637 359 1687 Augustinimi,
399 1638 556 1676 Domini
590 1639 686 1683 mei,
723 1636 832 1684 aula,
873 1648 921 1675 ex
949 1637 1034 1686 ejus
1070 1636 1217 1686 Beguis
1247 1642 1285 1675 et
1322 1637 1539 1676 Provinciis
1575 1635 1842 1676 haereditariis

65 1695 301 1743 austrinum,
338 1706 387 1733 ex
424 1697 510 1745 ipsa
539 1694 705 1744 denique
734 1693 962 1738 Germania,
1001 1700 1107 1732 trans
1146 1705 1253 1732 mare
1293 1694 1515 1744 ablegarem
1553 1700 1718 1745 tuoque,
1756 1693 1842 1742 Rex

62 1752 225 1804 helym,
253 1754 476 1804 conspectui
504 1754 747 1792 serenissimo
775 1753 969 1791 sisterem:
1001 1763 1140 1791 causas
1168 1752 1288 1791 habui
1316 1754 1457 1804 partim
1484 1758 1720 1804 praesentes,
1750 1763 1842 1803 par-

65 1811 136 1849 tim
164 1811 358 1860 antiquas.
491 1835 496 1840 -

173 1867 346 1907 Pr'minm
373 1869 477 1906 enim
502 1868 578 1907 hoc
605 1879 685 1906 non
711 1867 882 1907 alienum
910 1879 936 1906 a
962 1879 1051 1907 meo
1078 1877 1237 1907 munere
1266 1869 1421 1919 putavi,
1459 1874 1504 1908 ut
1541 1870 1635 1919 quia
1665 1868 1843 1907 Caesaris

63 1926 103 1964 in
130 1937 172 1965 rc
198 1925 470 1965 mathematica
497 1925 690 1976 stipendia
715 1937 866 1974 mereo,
897 1925 1197 1965 demonstrarem
1225 1928 1342 1976 igitur
1370 1928 1487 1966 etiam
1516 1928 1682 1975 exteris,
1714 1937 1843 1976 quan-

62 1988 143 2022 tam
167 1990 318 2034 gereret
343 1983 629 2035 providentiam
657 1983 840 2035 Princeps
858 1983 970 2035 Reip-
991 1983 1232 2023 Christianae
1252 1984 1580 2024 divinissimorum
1608 1984 1842 2023 studiorum:

63 2045 109 2080 ut
133 2041 407 2092 intelligeretur
443 2054 491 2080 ex
519 2053 632 2080 cursu
661 2053 738 2080 nou
765 2043 1017 2081 interturbato
1045 2043 1154 2093 pacis
1184 2049 1493 2082 ornamentorum
1532 2054 1601 2094 per
1638 2043 1711 2081 has
1747 2054 1842 2093 pro-

64 2100 231 2149 vurcin,
269 2100 414 2138 famam
446 2101 617 2138 intestini
653 2099 745 2138 belli
773 2102 968 2139 sinistram
1005 2111 1093 2139 cum
1127 2102 1213 2152 ipsa
1248 2113 1289 2140 re
1318 2101 1453 2169 procul
1482 2101 1602 2140 dubio
1632 2101 1742 2140 brevi
1772 2113 1847 2140 ex-

65 2130 247 2195 stinctum
273 2159 340 2206 iri3
377 2156 733 2207 dissonantiamque
760 2157 861 2197 hanc
894 2158 1013 2209 paulo
1044 2158 1256 2205 duriorem,
1293 2166 1338 2197 ιιι
1365 2161 1405 2197 in
1434 2159 1633 2210 pathetica
1661 2158 1844 2204 melodia,

59 2213 145 2281 jam
167 2214 326 2264 jamque
353 2216 396 2253 in
422 2227 582 2254 suavem
614 2215 826 2254 clausulam
853 2216 1075 2255 desituram.
1135 2216 1261 2265 Quem
1289 2229 1383 2256 vero
1414 2218 1598 2256 bonitatis
1626 2216 1846 2267 Imperato-

6 2273 10 2298 ῑ
66 2273 148 2311 riae
175 2271 388 2320 digniorem
413 2275 700 2312 aestimatorem
726 2273 835 2323 Rege
864 2285 1027 2324 magno,
1069 2286 1186 2324 quem
1226 2276 1353 2326 operis
1384 2274 1431 2314 de
1462 2275 1659 2314 coelorum
1687 2274 1844 2312 harmo-

17 2343 22 2346 ·
66 2331 145 2377 nia,
174 2329 436 2380 Pythagoram
463 2330 671 2370 redolentis
702 2336 743 2370 et
768 2331 983 2380 Platonem,
1015 2334 1365 2371 convenientiorem
1398 2333 1611 2371 Pau-onum
1641 2332 1749 2381 Rege
1778 2331 1846 2369 illo

65 2385 256 2437 leghem,
286 2389 354 2437 qui
380 2387 604 2428 Platonicae
632 2390 845 2440 sapientiae
873 2390 1044 2428 studium
1074 2390 1295 2429 domesticis
1313 2392 1585 2442 monumentis,
1614 2401 1718 2439 quae
1746 2391 1844 2428 sub-

68 2443 233 2484 ditorum
263 2447 509 2485 veneratione
548 2448 665 2485 etiam
702 2447 859 2498 publica
894 2447 1104 2496 habemus,
1145 2453 1205 2487 est
1238 2447 1430 2487 testatus?
1467 2450 1533 2498 qui
1574 2449 1846 2487 astronomiam

0 2536 10 2556 Υ,
14 2493 266 2553 Tychouis
294 2502 456 2551 Brahci‚
491 2505 554 2542 cui
590 2516 687 2555 opus
723 2504 799 2542 hoc
835 2506 1026 2550 innititur,
1069 2517 1165 2557 puer
1192 2505 1320 2545 adhuc
1349 2508 1583 2545 ornamentis
1611 2508 1756 2555 ingenii
1785 2508 1846 2543 sui

13 2607 16 2612 .
69 2558 224 2610 dignam
252 2560 432 2600 censuit?
469 2563 537 2611 qni
566 2561 730 2612 denique
759 2564 820 2600 vir
846 2563 971 2601 factus
1003 2569 1042 2602 et
1068 2565 1179 2614 regni
1208 2563 1471 2614 gubernacula
1499 2570 1689 2611 tractans,
1721 2568 1848 2601 astro-

6 2613 23 2664 Ῐ
67 2616 237 2667 logicam
254 2620 467 2657 vanitatem
493 2619 652 2672 publica
681 2631 842 2659 censura
869 2621 1049 2659 notavit?
1078 2633 1179 2671 quae
1209 2633 1315 2669 sane,
1344 2622 1444 2660 libro
1474 2622 1590 2671 hujus
1626 2621 1751 2671 operis
1775 2620 1844 2657 IV.

8 2685 23 2727 ἢί
70 2673 229 2715 detectis
266 2678 367 2716 veris
401 2675 657 2715 fundamentis
698 2678 901 2716 effectuum
936 2678 1179 2728 sideralium,
1220 2679 1427 2718 clarissime
1457 2681 1641 2730 patescit.
1682 2684 1725 2716 ut
1753 2677 1848 2716 nulli

6 2733 31 2794 ζ
71 2730 229 2772 dubium
257 2745 342 2773 esse
370 2734 512 2784 possit,
542 2736 635 2784 quin
663 2736 783 2774 totius
810 2735 928 2786 hujus
957 2738 1084 2788 operis
1115 2739 1364 2787 omniumque
1394 2737 1479 2786 ejus
1508 2738 1674 2788 partium
1702 2737 1756 2774 sis
1784 2735 1848 2774 fn-

9 2824 34 2837 ,
70 2794 178 2829 huus
206 2791 590 2841 intelligentissimus.

7 2839 42 2918 ξ
186 2847 315 2898 Major
342 2861 435 2888 vero
464 2849 560 2887 mihi
588 2860 707 2888 causa.
740 2850 994 2891 dedicationis
1033 2864 1079 2891 ex
1115 2854 1275 2902 antiquo
1316 2857 1375 2890 est
1403 2853 1491 2890 ista.
1551 2852 1650 2890 Cum
1684 2852 1848 2902 primum

36 2958 39 2962 x
72 2909 162 2944 ante
189 2917 311 2944 annos
339 2907 457 2958 paulo
486 2908 612 2945 minus
639 2908 778 2957 viginti
796 2911 993 2949 materiam
1012 2912 1140 2961 operis
1166 2912 1293 2948 animo
1327 2911 1589 2960 concepissem
1617 2909 1847 2960 titulumque

17 2958 36 2967 ⁹*
73 2970 375 3016 nuncupassem‚
401 2964 572 3003 nondum
600 2966 764 3014 cognitis
790 2966 1030 3016 planetarum
1058 2969 1230 3006 motibus
1258 2968 1441 3018 propriis,
1479 2969 1519 3004 in
1548 2967 1691 3017 quibus
1719 2973 1847 3006 tamen

14 3027 38 3076 ‘f
74 3019 199 3060 inesse
226 3021 445 3061 harmonias
475 3024 676 3061 instinctus
695 3028 855 3062 naturae
874 3024 1065 3063 dictabat:
1092 3025 1175 3075 jam
1204 3032 1296 3063 tunc
1325 3035 1398 3074 ego
1429 3026 1684 3075 patrocinium
1709 3027 1847 3076 operis,

20 3092 37 3123 f
74 3077 108 3115 ni
137 3078 290 3128 quando
319 3079 361 3118 id
388 3080 610 3120 succederet
627 3080 923 3130 absolutumque
956 3090 1069 3131 esset,
1099 3083 1302 3132 Majestati
1331 3087 1422 3121 tuae
1450 3082 1667 3133 destinavi5
1696 3083 1848 3134 hocque

6 1738 30 1751 s
