1994 3276
694 76 702 81 ⁹
754 107 929 146 mcv.
953 107 1157 171 capetlv.
1765 81 1863 151 sak

98 231 530 283 'Rullimwigitur
530 230 830 270 lanetaeunius
869 227 1078 268 intervaua
1113 231 1286 268 extrema
1324 225 1851 275 adharmoniasallndunt,

60 294 212 341 praeter
238 289 376 330 nares
405 296 447 330 et
473 289 666 328 Mercurii.
685 284 748 341 ²¹)

98 367 101 371 ν
175 348 230 386 At
257 350 293 387 si
321 347 562 388 diversorum
590 346 834 399 planetarum
863 340 1069 384 intervalla
1108 348 1280 383 extrema
1309 345 1408 383 inter
1436 355 1479 384 se
1508 354 1732 394 compares,
1768 342 1852 393 jam

0 408 10 419 “
61 404 247 456 affulgere
281 407 419 458 incipit
455 406 590 455 aliqua
625 405 692 443 lux
730 403 985 442 harmonices.
1043 401 1144 441 Nam
1186 408 1359 441 extrema
1394 399 1422 452 Ῐ)
1462 407 1501 441 et
1540 401 1580 450 21.
1610 401 1853 468 divergentia

61 463 209 502 fatiunt
235 464 352 515 paulo
380 464 471 515 plns
501 475 618 514 quam
648 462 849 512 diapason,
879 461 1155 510 convergentia
1172 459 1345 499 medinm
1375 461 1475 501 inter
1502 467 1633 499 sextas
1661 459 1851 510 maJorem
1885 470 1892 474 ·

62 527 103 561 et
129 523 327 562 minorem.
385 522 453 562 Sic
481 527 653 561 extrema
681 521 723 569 ’λι
750 524 792 559 et
819 524 852 565 0*
872 519 1114 570 divergentia
1143 518 1450 569 complectuntur
1478 518 1557 557 fere
1587 516 1851 568 disdiapason,

62 582 336 634 eonvergentia
361 578 442 619 fere
470 580 651 629 diapente
681 589 768 617 cum
797 577 997 627 diapason.
1041 575 1210 615 Telluris
1238 588 1332 616 vero
1363 583 1404 615 et
1431 581 1464 622 (ς
1494 575 1735 626 divergentia
1763 575 1854 626 plus

62 637 264 689 aliquanto
313 643 405 677 sunt
440 637 641 688 complexa
687 647 804 686 quam
848 636 998 674 scitam
1037 636 1248 684 majorem,
1294 635 1571 685 convergcntia
1613 633 1853 673 diatessaron

63 694 279 736 abundans.
336 695 383 735 In
419 697 598 746 sequenti
635 693 777 746 copula
813 693 982 733 Telluris
1020 699 1060 732 et
1091 690 1127 745 ῼ
1156 705 1307 731 rursum
1353 695 1452 732 inter
1488 693 1765 742 convergentia
1793 698 1855 731 est

64 753 168 793 idem
195 753 437 794 diatessaron
465 752 689 800 abundans,
735 757 777 791 at
818 754 916 791 inter
955 751 1195 801 divergentia
1233 750 1477 790 destituimur
1505 750 1731 789 harmonica
1758 761 1853 800 pro-

64 813 260 862 portione:
297 814 423 852 minor
463 814 567 851 enim
602 817 662 850 est
698 822 814 860 quam
858 809 1151 860 hemidiapason
1191 807 1245 863 (si
1286 811 1341 848 ita
1370 809 1462 848 licet
1489 806 1644 861 loqui),
1682 808 1757 846 hoc
1796 814 1854 847 est

64 871 188 910 minor
215 882 335 920 quam
361 870 591 920 semidupla.
621 869 800 919 Denique
830 869 929 907 inter
958 865 993 920 Ω
1024 874 1063 907 et
1093 864 1128 920 Q
1159 867 1400 916 divergentia
1429 866 1548 919 paulo
1577 868 1704 905 minus
1734 867 1855 905 inter—

8 928 19 941 '
65 933 126 966 est
152 930 368 979 composita
396 939 445 967 ex
473 927 663 978 diapason
701 932 742 966 et
780 928 894 976 tertia
922 928 1095 975 minore;
1137 927 1236 965 inter
1271 927 1549 976 convergentia
1583 933 1644 964 est
1672 924 1853 975 diapente

7 1007 10 1011 ·
65 985 280 1036 abundans,
309 985 428 1037 paulo
456 985 559 1036 plus.

177 1044 261 1083 Etsi
288 1045 408 1095 igitur
425 1055 544 1082 unum
572 1041 819 1082 intervallum
848 1041 967 1092 paulo
997 1041 1151 1090 longius
1172 1042 1254 1079 abit
1275 1042 1325 1080 ab
1345 1041 1592 1086 harmonicis,
1622 1041 1695 1079 fuit
1724 1046 1854 1080 tamen

0 1097 2 1099 ’
64 1101 129 1140 hie
154 1113 356 1141 successus
384 1104 680 1141 invitamentum
709 1100 760 1139 ad
789 1099 1112 1150 progrediendum
1133 1099 1306 1138 ulterius.
1337 1099 1458 1138 Erant
1478 1106 1617 1138 antem·
1638 1099 1713 1138 bae
1743 1110 1853 1137 meae

11 1169 16 1171 ·
64 1161 392 1200 ratiocinationes.
450 1160 622 1199 Primum
664 1157 869 1197 intervalla
908 1158 1024 1206 baec,
1065 1160 1104 1195 in
1135 1164 1323 1207 quantum
1353 1164 1443 1196 sunt
1472 1157 1736 1207 longitudines
1766 1158 1850 1196 sine

0 1260 1 1265 ¹
65 1222 194 1266 motu,
238 1229 315 1257 non
344 1222 434 1269 apte
463 1217 514 1256 ad
554 1218 779 1257 harmonica
808 1218 1092 1262 examinantur,
1137 1218 1230 1265 quia
1270 1216 1481 1255 harmoniis
1509 1217 1637 1266 magis
1664 1215 1853 1262 familiare

66 1275 281 1326 subJectum
310 1282 369 1315 est
398 1282 546 1324 motus,
585 1286 705 1315 causa
743 1273 949 1314 celeritatis
991 1279 1031 1312 et
1071 1274 1274 1312 tarditatis.
1335 1273 1487 1313 Deinde
1529 1275 1568 1312 in
1612 1273 1773 1321 iisdem,
1814 1275 1852 1310 in

66 1339 252 1382 quantum
280 1340 372 1373 sunt
402 1334 578 1372 diametri
610 1333 772 1380 orbium,
803 1331 986 1371 credibile
1017 1338 1075 1371 est
1109 1333 1300 1382 potiorem
1343 1343 1429 1370 esse
1458 1331 1633 1371 habitam
1663 1333 1854 1370 rationem

0 1402 6 1428 :2
67 1401 269 1441 corporum
296 1392 530 1442 regularium
562 1393 734 1442 quinque
763 1401 811 1429 ex
831 1389 1035 1440 analogia,
1068 1392 1162 1439 quia
1192 1402 1292 1439 quae
1322 1392 1421 1429 ratio
1442 1396 1503 1429 est
1523 1401 1727 1440 corporum
1755 1401 1855 1440 geo-

0 1446 3 1453 '
65 1451 309 1489 metricorum
338 1449 551 1488 solidorum
578 1449 630 1487 ad
661 1448 850 1487 coelestes
881 1448 1005 1494 orbes,
1037 1448 1289 1498 undiquaque
1310 1448 1372 1486 vel
1394 1447 1547 1487 clausos
1576 1447 1736 1488 coelesti
1768 1459 1855 1486 ma-

66 1508 183 1556 teria,
227 1513 271 1546 ιιι
299 1507 385 1546 vult
413 1509 642 1557 antiquitas,
677 1506 741 1545 vel
782 1505 1019 1544 claudendos
1058 1508 1277 1544 successive
1315 1506 1566 1556 plurimarum
1604 1508 1855 1556 gyrationum

67 1564 417 1614 agglomeratione,
455 1566 590 1604 eadem
621 1569 683 1603 est
712 1569 751 1602 et
779 1564 983 1614 planarum
1012 1563 1232 1613 figurarum,
1265 1564 1408 1603 circulo
1439 1564 1708 1615 inscriptilium
1738 1563 1855 1616 (quae

68 1621 215 1672 figurae
242 1623 463 1662 harmonias
493 1619 692 1675 gignunt),
722 1621 773 1660 ad
803 1621 966 1660 circulos
986 1622 1175 1661 coelestes
1203 1629 1379 1660 motuum
1409 1629 1614 1672 ceteraque
1644 1624 1785 1673 spatia,
1815 1623 1853 1659 in

68 1680 210 1730 quibus
238 1681 338 1719 fiunt
366 1686 507 1720 motus.
557 1681 659 1730 Ergo
690 1680 724 1717 si
754 1681 977 1728 quaerimus
995 1679 1229 1728 harmonias,
1259 1692 1492 1730 quaeramus
1522 1692 1590 1719 eas
1617 1691 1695 1718 non
1725 1682 1765 1718 in
1794 1679 1856 1717 his

68 1737 299 1786 intervallis,
342 1743 387 1776 ut
415 1743 506 1776 sunt
535 1737 810 1777 semidiametri
840 1737 1010 1785 orbium,
1045 1738 1116 1776 sed
1146 1740 1186 1775 in
1216 1738 1311 1785 illis,
1342 1744 1386 1776 ut
1415 1746 1505 1776 sunt
1534 1749 1738 1777 mensurae
1767 1749 1856 1776 mo-

67 1800 189 1844 tuum,
219 1795 307 1835 hoe
324 1801 384 1834 est
412 1797 451 1833 in
481 1797 578 1846 ipsis
606 1797 737 1847 potins
766 1795 949 1834 motibus.
1009 1795 1112 1834 Sane
1142 1796 1349 1835 intervalla
1377 1807 1455 1835 non
1485 1797 1564 1835 alia
1592 1802 1757 1846 possunt
1786 1807 1855 1834 ac-

67 1854 144 1904 cipi
180 1865 252 1904 pro
289 1853 585 1893 semidiametris
621 1854 792 1901 orbium,
834 1865 949 1902 qnam
986 1852 1217 1902 mediocria,
1261 1865 1333 1892 nos
1364 1865 1456 1893 vero
1496 1854 1560 1892 hic
1597 1854 1646 1893 de
1676 1855 1856 1893 extremis

67 1913 219 1961 agimus
247 1912 475 1950 intervallis.
534 1911 622 1950 Non
652 1913 804 1961 agimus
834 1913 951 1961 igitur
980 1912 1030 1951 de
1058 1911 1274 1951 intervallis
1293 1917 1473 1963 respectu
1502 1924 1660 1952 suorum
1690 1913 1854 1960 orbium,

0 1969 12 2008 ,Σ
67 1968 138 2008 sed
165 1975 343 2020 respectu
371 1974 557 2008 motuum.

0 2019 20 2080 'f
168 2026 273 2066 His.
282 2029 401 2078 igitur
430 2027 478 2067 de
508 2028 637 2066 causis
668 2038 754 2065 cum
785 2026 834 2064 ad
865 2031 1039 2065 motuum
1070 2033 1325 2066 exn-emotum
1356 2030 1684 2080 comparationem
1713 2029 1856 2066 transi-

67 2081 235 2134 vineat,
277 2087 444 2135 primum
473 2085 698 2123 manserunt
726 2084 993 2134 magnitudine
1023 2085 1183 2124 eaedem
1213 2093 1388 2125 motuum
1417 2088 1710 2138 proportiones,
1755 2097 1855 2135 quae

2 2139 7 2177 'J
67 2144 174 2192 prins
203 2114 312 2181 erant
341 2143 656 2189 intervallorum,
688 2142 956 2181 tantummodo
987 2155 1170 2193 eversae;
1210 2156 1330 2194 quare
1360 2147 1477 2184 etiam
1508 2148 1607 2183 inter
1634 2151 1763 2182 motus
1793 2145 1855 2180 in-

14 2217 31 2246 5
67 2205 209 2239 ventae
230 2205 321 2238 sunt
338 2203 606 2251 proportiones
625 2200 792 2250 aliquae,
824 2206 866 2239 ιιι
886 2202 1004 2251 prius,
1035 2203 1288 2241 inconcinnae
1319 2210 1357 2241 et
1377 2204 1428 2242 ab
1459 2203 1668 2241 harmoniis
1690 2201 1855 2240 alienae.

30 2291 31 2294 ,
67 2257 116 2296 Id
143 2269 238 2297 vero
266 2270 418 2297 rursum
445 2265 554 2297 ratus
582 2271 669 2297 sum
698 2261 835 2298 merito
875 2259 968 2296 mibi
1000 2262 1175 2308 evenire,
1221 2263 1365 2310 qnippe
1402 2262 1469 2311 qui
1510 2272 1729 2310 comparem
1758 2260 1858 2298 inter
1924 2286 1926 2288 »

18 2324 37 2338 ’
68 2327 112 2354 se
140 2326 251 2354 arcus
280 2318 495 2368 eccene-ici,
525 2318 592 2367 qui
621 2329 747 2366 neque
776 2318 853 2355 sint
883 2320 1053 2367 expressi
1083 2323 1121 2356 et
1150 2321 1339 2357 numerati
1369 2330 1550 2358 mensura
1579 2316 1858 2368 magnitudinis

69 2373 264 2423 ejusdem,
302 2373 373 2412 sed
400 2380 645 2414 numerentur
674 2374 857 2425 gradibus
887 2380 926 2413 et
956 2377 1133 2422 minutis,
1176 2388 1276 2425 quae
1307 2383 1397 2414 sunt
1426 2378 1465 2414 in
1495 2376 1663 2425 planetis
1695 2375 1858 2413 diversis

10 2430 347 2481 ·'‘magnitudinis
376 2431 564 2481 diversae,
593 2444 719 2482 neque
739 2435 857 2471 etiam
876 2433 1022 2471 faciant
1041 2435 1307 2482 apparentiam
1338 2434 1449 2472 ullibi
1478 2439 1639 2482 tantam,
1670 2432 1858 2483 quantum

7 2488 18 2501 ”
35 2499 43 2507 -’
70 2488 166 2527 dicit
192 2500 375 2528 numerus
404 2490 603 2540 cujusque,
634 2492 709 2528 nisi
738 2496 887 2528 tantum
917 2492 957 2527 in
988 2498 1119 2529 centro
1150 2494 1350 2530 eccentrici
1382 2493 1581 2542 quusque,
1614 2491 1718 2541 quod
1748 2490 1857 2528 nullo

32 2549 39 2597 ᾖ
70 2557 230 2596 corpore
259 2552 318 2586 est
347 2547 557 2595 suffultum,
588 2560 634 2587 ac
662 2548 823 2598 proinde
854 2550 970 2587 etiam
1001 2548 1226 2587 incredibile
1256 2555 1327 2598 est,
1358 2561 1513 2588 sensum
1543 2550 1607 2588 vel
1637 2550 1859 2587 instinctum

19 2653 45 2661 „
70 2604 289 2644 naturalem
315 2606 354 2642 in
385 2604 453 2642 illo
481 2605 615 2643 muudi
644 2605 732 2644 loco
762 2605 883 2644 ullum
914 2617 1020 2654 esse,
1051 2608 1302 2657 apparentiae
1331 2607 1447 2657 hujus
1477 2619 1680 2658 capacem,
1712 2608 1789 2644 imo
1820 2610 1860 2645 et

42 2662 332 2712 impossibile,
380 2663 569 2712 siquidem
610 2665 881 2730 comparabam
918 2664 1157 2705 diversorum
1199 2665 1442 2715 planetarum
1481 2677 1592 2704 arcus
1624 2676 1736 2703 eccen
1741 2666 1858 2702 tricos

19 2731 20 2734 ’
47 2758 50 2759 ⁷
72 2730 194 2765 eausa
221 2731 315 2759 snae
344 2720 595 2771 apparentiae
625 2722 664 2758 in
694 2724 834 2760 centris
863 2724 957 2770 suis,
989 2734 1090 2772 quae
1121 2722 1265 2762 diversi
1295 2724 1471 2762 obtinent
1492 2723 1668 2771 diversa3
1699 2732 1861 2773 compa·

21 2815 24 2818 ,
73 2767 182 2816 ratae
210 2789 304 2817 vero
333 2777 512 2816 diversae
540 2783 769 2828 apparentes
811 2780 1096 2830 magnitudines
1126 2783 1165 2818 in
1193 2792 1271 2819 ιιιιο
1301 2781 1494 2819 debebant
1523 2781 1656 2819 mundi
1687 2779 1774 2818 loco
1803 2780 1861 2817 sic

20 2858 28 2890 J
55 2846 272 2885 apparere,
302 2841 348 2878 ιιι
374 2836 437 2884 id,
468 2835 571 2885 quod
601 2835 824 2875 facultatem
850 2838 970 2876 babet
999 2839 1246 2889 comparandi
1277 2838 1365 2885 illa,
1397 2840 1448 2876 sit
1477 2840 1516 2875 in
1547 2838 1615 2876 illo
1646 2838 1860 2876 communis

21 2904 25 2929 j
48 2892 327 2943 apparentiae
354 2893 443 2932 loco
474 2904 670 2944 praesens.
728 2893 809 2932 Aut
837 2896 955 2944 igitur
982 2896 1257 2936 removendam
1287 2907 1335 2934 ex
1365 2898 1494 2935 animo
1515 2897 1648 2934 censui
1667 2906 1859 2946 apparen-

19 2951 171 2988 attam
199 2950 339 2989 horum
368 2963 525 2990 arcuum
555 2952 862 3000 eccentricornm,
893 2958 961 2991 aut
980 2953 1092 2992 aliter
1111 2953 1402 2992 informandam.
1454 2952 1604 3002 Quodsi
1623 2965 1858 2992 removerem

16 3038 23 3055 2
52 3010 347 3061 jssapparentiam
375 3013 415 3047 et
441 3014 608 3048 mentem
647 3007 698 3046 ad
733 3009 820 3059 ipsa
849 3010 985 3049 diurna
1020 3012 1263 3061 planetarum
1300 3012 1440 3049 itinera
1477 3010 1735 3060 attenderem,
1777 3010 1860 3050 vidi

21 3089 24 3092 -
78 3065 263 3105 utendum
293 3077 380 3106 esse
407 3072 615 3117 praecepto
644 3065 724 3115 illo,
754 3067 860 3116 quod
887 3070 1074 3118 superiori
1105 3071 1231 3121 capite
1259 3080 1418 3108 numero
1441 3071 1478 3109 9.
1508 3068 1661 3108 tradidi.
1719 3068 1859 3109 Multi-

6 1959 12 1967 >
0 1916 12 1922 ι·
0 1734 21 1907 fifflwucwssma)
0 1643 11 1724 *tm-w
0 1609 8 1625 -v
0 1541 5 1570 ‘v'
