1994 3276
725 156 979 207 congruentia
1025 153 1137 192 Liber
1157 135 1206 192 ιι
1418 122 1422 126 ’
1784 156 1862 195 12⁶1

64 287 204 328 gonua-
244 278 284 320 7.
300 275 426 318 Stella
443 276 542 328 eJus.
582 277 623 318 8.
641 276 906 328 Pentagonus.
944 277 983 316 9.
1003 275 1130 316 Stella
1149 276 1247 326 eJus.
1293 276 1358 315 10.
1378 274 1626 326 Decagonus.
1659 274 1725 312 11.
1744 271 1866 312 Stella

69 335 168 386 ejus.
212 337 278 374 12.
295 334 537 386 Icosigouus.

4 432 8 433 ⁷
180 391 326 434 Omnes
352 392 455 433 aliae
483 393 632 443 figurae
668 398 760 432 sunt
794 394 1051 442 incongruae,
1092 392 1292 443 proximus
1334 397 1465 431 tamen
1503 390 1778 441 congruentiae
1807 393 1867 428 est

0 454 4 459 ’
50 450 498 503 venandae-gosna,
537 453 631 502 quia
668 452 804 502 incipit
839 461 1050 500 congruere
1091 461 1179 489 eum
1206 450 1296 489 aliis
1325 451 1365 487 in
1400 450 1539 500 plano:
1575 452 1618 488 at
1652 446 1866 487 excluditur

65 520 136 560 per
164 510 232 549 23.
262 521 342 561 quo
378 511 504 549 minus
533 515 578 548 ut
605 511 829 559 icosigonus
860 510 962 559 cingi
991 507 1163 559 undique
1191 507 1409 559 aequaliter
1437 508 1574 559 possit.
1632 505 1730 545 Post
1758 505 1866 544 illum

67 572 127 607 est
154 566 280 618 figura
310 569 362 607 16
390 567 557 607 laterum
586 573 625 607 et
653 567 824 619 similes,
863 578 965 617 quac
993 566 1108 619 plane
1146 578 1225 606 non
1266 572 1483 617 congruunt
1511 577 1600 604 cum
1627 562 1866 615 regularibus

0 651 2 654 ψ
65 625 167 675 aliis,
195 624 431 677 impediente
459 626 725 679 magnitudine
755 626 998 676 angulorum.
1036 626 1091 664 At
1120 624 1367 677 heptagonus
1397 630 1437 663 et
1466 622 1614 664 similes
1643 622 1761 673 longe
1789 621 1867 667 alia
1921 639 1924 641 ·

14 726 27 734 ,
66 684 216 723 ratione
242 688 335 723 sunt
363 680 609 734 incongruae
627 684 792 735 figurae,
833 685 926 735 quia
942 689 947 691 *
964 694 1036 722 nec
1075 684 1148 722 toti
1189 683 1324 734 anguli
1359 694 1431 722 nec
1467 687 1598 734 partes
1637 681 1867 733 angulorum

0 782 8 788 fl
66 740 279 792 aliquotae,
309 743 487 794 propriae
516 742 736 793 figurarum,
767 750 857 782 cum
885 740 975 782 aliis
1002 735 1247 792 regularibus
1276 747 1505 791 congruunt.

179 799 245 839 Ita
271 801 311 838 in
340 801 464 840 tribus
493 812 562 859 per
579 812 621 840 se
640 799 997 853 demonstrabilium
1018 799 1209 839 classibus
1229 799 1371 838 desinit
1390 798 1656 850 congruentia,
1687 799 1727 835 in
1757 802 1867 837 octo-

66 868 193 908 gono,
231 857 523 915 dodecagonog,
548 853 771 916 icusignn'o,
814 849 876 898 ai
900 862 1039 909 quarm
1075 858 1213 915 spurio
1253 869 1306 906 ue
1351 858 1496 910 incepit
1532 855 1701 908 quidem.
1760 855 1870 896 Haec

0 961 2 970 ξ
65 914 166 955 libro
194 914 265 954 IV.
295 917 337 954 in
366 916 519 956 delectu
548 922 776 968 aspectuum
805 928 919 956 suum
949 928 1061 955 usum
1090 912 1247 958 habent.

180 972 328 1015 XXX.
358 973 759 1025 Consectarium.
819 975 877 1014 Ex
906 976 967 1014 bis
995 976 1207 1026 genuinum
1237 974 1441 1014 discrimen
1478 979 1642 1026 apparet
1669 974 1770 1013 inter
1799 972 1869 1022 de·-

0 1074 3 1082 5
67 1020 387 1072 incuss-ationem
415 1036 455 1072 et
483 1034 774 1083 congruentiam
802 1033 1011 1083 figurarum
1041 1044 1161 1072 causa
1188 1029 1419 1072 latitudinis.

0 1088 2 1090 ’
179 1089 280 1129 Nam
322 1092 359 1130 1.
399 1090 739 1131 demonstrationis
775 1093 953 1143 propriae
992 1091 1138 1142 gradus
1175 1091 1280 1130 ultra
1315 1095 1572 1141 octogonum,
1613 1088 1868 1140 decagonum,

68 1146 361 1199 dodeeagouum
388 1150 429 1187 in
456 1149 601 1199 figuras
631 1149 835 1201 duplorum
865 1150 1029 1188 laterum
1058 1152 1096 1187 in
1127 1149 1318 1188 inlinitum
1347 1153 1574 1197 excurrunt3
1616 1149 1867 1198 congruentia

68 1207 108 1244 iu
136 1211 351 1257 octogono,
379 1208 603 1258 icosigouo·‚
641 1207 894 1258 dodeeagono
924 1209 1112 1246 subsistit.
1172 1209 1212 1246 2.
1243 1204 1495 1258 Pentagonus
1525 1218 1614 1246 cum
1641 1206 1757 1246 stella
1786 1218 1868 1256 sua,

67 1274 187 1303 cansa
213 1264 553 1305 demonstratimnis
581 1271 622 1305 et
648 1267 856 1314 scientiae,
893 1271 954 1305 est
983 1266 1193 1316 ignobilior
1233 1265 1508 1317 dodecagono:
1550 1275 1672 1304 causa
1700 1276 1869 1315 congru-

0 1346 2 1348 -
69 1323 198 1362 ennae
238 1322 435 1363 in·solido
473 1330 533 1363 est
571 1324 695 1363 multo
731 1325 909 1363 nobilior.
970 1326 1006 1362 3.
1050 1322 1277 1374 Octogonus
1306 1325 1362 1363 ibi
1389 1325 1566 1375 sequitur
1593 1327 1871 1375 pentagonum,

69 1378 133 1419 bie
161 1379 369 1421 antecedit.
427 1383 466 1420 4.
496 1380 886 1434 Hekkaedeeagonus
916 1382 970 1421 ibi
999 1388 1081 1422 erat
1110 1383 1261 1434 potiore
1291 1381 1391 1431 loco,
1423 1393 1542 1434 qnam
1557 1382 1801 1433 icosigonus:
1833 1388 1871 1422 et

70 1443 199 1479 tamen
227 1438 298 1479 illa
326 1443 387 1483 est
412 1438 539 1491 figura
567 1442 797 1492 incongrua,
837 1441 935 1480 haec
973 1452 1144 1490 congrua
1182 1440 1478 1491 quadamtenus.
1542 1440 1579 1479 5.
1618 1439 1675 1479 At
1702 1441 1743 1479 in
1772 1452 1871 1492 pen-

1 1520 3 1522 -
66 1496 386 1566 tekaedeeagono
416 1497 578 1549 pulchra
607 1504 667 1538 est
694 1501 751 1538 rei
781 1500 982 1550 utriusque
1011 1500 1296 1547 convenientia,
1327 1499 1552 1567 analogiam
1581 1510 1743 1538 servans
1774 1510 1871 1538 ean-

0 1550 13 1593 ῗ.
69 1553 174 1603 dem,
212 1556 309 1606 quia
345 1557 444 1594 inter
481 1555 827 1596 demonstrationes
866 1557 976 1596 nulla
1013 1557 1069 1595 illi
1101 1557 1261 1596 obvenit
1294 1550 1470 1609 propria,
1512 1556 1583 1596 sed
1612 1552 1870 1596 accidentaria

69 1611 238 1662 saltem3
257 1615 358 1652 inter
386 1625 479 1652 vero
510 1617 780 1664 congruentias
809 1615 918 1655 nulla
946 1621 1227 1667 consummata,
1256 1615 1325 1655 sed
1356 1615 1490 1666 aliqua
1519 1614 1659 1655 saltem
1689 1614 1872 1654 inchoata
1912 1650 1914 1652 ,

0 1672 15 1719 ξ
69 1675 294 1766 neettotam
308 1670 495 1767 dliguram
531 1683 736 1723 occupans.
798 1672 910 1713 Haec
948 1674 1047 1712 infra
1075 1674 1173 1713 libro
1204 1673 1277 1714 111.
1318 1675 1356 1712 in
1387 1680 1475 1713 ortu
1505 1679 1543 1714 et
1572 1685 1648 1713 usu
1676 1674 1869 1713 semitonii

69 1739 143 1767 sun
186 1734 306 1768 notan
334 1740 370 1768 a.

768 1928 911 1969 Finis
949 1927 1074 1969 libri
1115 1929 1170 1968 11.
