1994 3276
109 91 193 129 406
789 81 991 118 Ptolemaei
1014 81 1223 118 Harmonia

108 202 256 240 divisset
277 201 429 247 primam
453 199 612 236 omnium
638 198 677 234 in
692 197 920 244 planetarum
945 200 1139 244 systemate
1156 196 1339 233 ludentem
1356 196 1574 234 cantilenam
1590 195 1681 233 etin
1703 207 1770 234 3110
1795 201 1906 235 cantu

107 255 320 291 imitaretur.

223 313 352 357 Neque
376 321 461 346 vero
485 310 674 356 miremur,
707 313 782 345 tam
814 313 912 345 arcte
945 319 1138 355 expressas
1171 320 1252 346 esse
1276 309 1481 346 harmonias
1505 309 1543 346 in
1566 310 1724 346 motibus
1749 310 1907 348 siderum

108 366 270 411 easdem,
297 372 390 410 quae
414 364 450 399 in
476 363 620 399 chordis
645 362 856 406 audiuntur,
890 371 972 397 cum
996 361 1197 406 videamus,
1231 372 1339 406 quam
1364 366 1540 407 cognatae
1563 363 1635 398 sint
1661 363 1907 407 subjectorum

106 423 341 463 utrorumque
366 416 603 452 conditiones.
630 416 740 452 Stella
764 418 900 451 motum
925 414 1037 450 habet
1062 418 1098 449 et
1123 414 1258 449 chorda
1274 418 1411 449 motum
1434 413 1562 450 habet:
1585 416 1772 460 proportio
1799 427 1907 460 quae-

106 472 198 507 ritur
223 470 317 505 inter
342 468 546 504 celeritates
571 468 732 516 diversas
756 472 918 504 motuum
943 467 1165 507 coelestium,
1194 467 1378 510 quaeritur
1402 471 1438 502 et
1461 467 1555 510 inter
1578 467 1720 504 diversa
1744 466 1908 506 acumina

108 519 374 569 gravitatesque
400 519 627 565 chordarum,
654 531 735 556 cum
760 524 889 557 acutus
915 531 1026 555 sonus
1052 529 1096 554 ex
1122 519 1259 555 chorda
1283 520 1450 555 celeriter
1473 524 1571 557 mota
1594 520 1762 567 prodeat,
1789 521 1907 565 gravis

106 587 152 612 ex
176 574 311 610 tarda..
342 574 391 608 Et
415 572 568 608 chordas
594 573 738 618 quidem
763 573 961 618 aequaliter
985 576 1107 608 tensas
1133 573 1321 616 longitudo
1351 573 1474 609 tardas
1498 572 1599 619 facit,
1632 573 1790 610 brevitas
1815 574 1907 611 cele-

106 638 180 672 res3
210 631 348 662 motum
372 625 543 670 planetae
568 630 693 660 contra
717 626 869 662 tarditas
894 625 1039 660 brevem
1063 625 1166 671 facit,
1202 625 1368 661 celeritas
1403 626 1551 671 longum
1581 629 1617 662 et
1638 626 1837 672 prolixum,
1871 633 1908 665 et

106 682 183 717 vice
207 689 327 723 versa,
365 678 395 714 si
415 688 544 714 sumas
580 677 731 714 eandem
754 683 917 723 motuum
947 678 1227 723 longitudinem,
1263 679 1300 713 in
1325 689 1368 713 ea
1398 678 1564 714 celeritas
1589 676 1700 714 efficit
1724 678 1907 724 planetam

106 733 206 771 brevi
237 737 399 777 tempore
433 731 587 775 morari,
624 728 777 767 tarditas
802 732 923 776 longo.
971 731 1071 767 Nihil
1095 731 1204 775 igitur
1228 731 1378 776 impedit
1402 741 1615 778 responsum
1636 733 1908 777 proportionem

108 791 282 829 motuum,
307 783 404 844 quod
430 783 509 818 soni
530 783 676 828 quidem
700 783 908 829 audiuntur,
934 789 1053 819 motus
1080 793 1163 818 vero
1188 784 1245 819 vel
1271 784 1437 819 videntur
1461 786 1515 828 (ut
1539 792 1586 818 ex
1604 782 1698 822 Sole>
1724 784 1781 819 vel
1804 785 1908 820 intel-

106 845 264 885 guntur:
291 837 375 882 quia
398 846 517 881 neque
541 836 613 871 illis
639 841 789 881 propter
812 836 974 872 auditum
999 836 1123 871 insunt
1147 835 1368 881 harmoniae,
1394 846 1512 881 neque
1535 836 1593 871 his
1616 841 1766 881 propter
1781 837 1907 883 visum,

107 892 171 928 sed
194 890 358 935 utrisque
382 893 533 935 propter
555 889 817 932 longitudinem
841 894 878 924 et
902 889 1131 933 brevitatem,
1166 893 1203 924 et
1233 892 1382 934 propter
1412 888 1638 930 affectiones,
1671 898 1764 933 quae
1788 895 1909 926 motus

105 947 385 988 consequuntur,
409 946 558 986 propter
572 940 710 976 scilicet
727 941 1031 986 comparationem
1049 941 1189 985 horum,
1215 946 1256 976 ut
1278 942 1521 985 terminorum,
1547 951 1620 985 qua
1633 941 1675 976 fit
1689 940 1909 979 intellectus.

106 997 183 1033 Sed
194 995 274 1031 vide
292 994 475 1038 originem,
502 993 751 1029 distinctiones
768 998 954 1037 totamque
982 994 1176 1030 essentiam
1193 993 1481 1029 harmonicarum
1505 994 1779 1039 proportionum
1795 996 1910 1030 nostri

105 1050 225 1096 operis
250 1047 342 1088 libro
367 1047 428 1082 IV.
454 1056 532 1091 cap.
560 1046 649 1090 vl,-2,
677 1046 708 1088 3,
735 1051 772 1081 et
796 1056 873 1091 cap.
894 1047 928 1091 4,
954 1046 985 1082 6.
1011 1045 1202 1081 discrimen
1227 1046 1321 1081 inter
1344 1045 1452 1091 hujus
1476 1045 1547 1082 loci
1571 1046 1745 1082 coelestes
1768 1048 1909 1083 harmo-

108 1104 187 1140 nias
213 1106 249 1137 et
272 1101 366 1136 inter
389 1099 471 1135 illas
495 1098 624 1143 capitis
650 1100 682 1135 9.
707 1099 924 1144 Ptolemaei,
950 1108 1045 1144 quae
1068 1100 1166 1135 hisce
1197 1100 1233 1134 in
1258 1099 1496 1145 perfectione,
1532 1099 1720 1135 nobilitate
1746 1105 1784 1135 et
1805 1104 1908 1147 prae-

111 1153 245 1191 stantia
268 1162 496 1197 nequaquam
522 1154 607 1185 sunt
630 1153 906 1197 comparandae.
970 1149 973 1152 ’

223 1217 293 1252 Est
328 1216 440 1262 igitur
474 1214 567 1250 inter
602 1215 670 1251 hos
694 1216 872 1261 cujusque
908 1215 1077 1261 planetae
1115 1216 1218 1252 binos
1243 1220 1425 1252 extremos
1460 1220 1580 1253 motus
1610 1220 1909 1256 commensuratio

105 1270 278 1317 perfecta,
303 1271 345 1304 ut
368 1267 482 1313 probo
506 1272 584 1302 toto
608 1267 700 1304 libro
726 1269 768 1303 V.
795 1268 865 1303 mei
890 1268 1034 1313 operis;
1063 1274 1119 1304 est
1143 1269 1286 1303 illorum
1303 1272 1439 1304 certum
1465 1268 1610 1314 aliquod
1635 1274 1802 1315 systema,
1827 1278 1909 1307 con-

106 1329 206 1360 stans
231 1333 277 1357 611
303 1322 479 1367 diapason
505 1324 644 1365 septem
670 1326 706 1357 et
730 1321 902 1366 amplius;
928 1321 965 1356 in
991 1331 1033 1356 eo
1059 1326 1144 1356 sunt
1169 1330 1343 1365 expressa
1360 1321 1478 1356 omnia
1503 1322 1636 1358 usitata
1660 1322 1806 1359 musicis
1830 1323 1911 1360 loca

106 1388 171 1413 seu
194 1376 325 1420 claves,
351 1378 392 1409 ut
416 1374 516 1409 vides
541 1374 660 1418 capite
686 1375 718 1418 5,
744 1373 781 1408 in
806 1372 932 1408 eodem
957 1383 1129 1417 expressa
1155 1378 1239 1407 sunt
1255 1378 1298 1407 et
1324 1373 1394 1409 duo
1412 1379 1537 1410 cantus
1563 1385 1697 1419 genera
1719 1375 1910 1420 naturalia„

106 1429 236 1466 durum
267 1433 303 1464 et
334 1426 462 1471 molle,
494 1426 620 1476 eodem
652 1427 770 1471 capite
795 1428 827 1472 5,
853 1431 890 1461 et
917 1426 1149 1461 subtilissima
1181 1426 1325 1470 quidem
1356 1427 1586 1471 omniumque
1617 1427 1911 1463 artificiosissima

105 1481 264 1525 ratione3
291 1480 410 1525 capite
435 1479 466 1515 9.
492 1489 513 1514 a
535 1490 640 1524 prop.
654 1479 711 1515 20.
738 1478 774 1513 in
799 1479 854 1514 27.
881 1483 967 1514 sunt
992 1478 1214 1523 singulorum
1239 1479 1465 1523 planetarum
1491 1479 1623 1524 singuli
1647 1481 1910 1525 quodammodo

104 1532 201 1578 toni,
239 1534 357 1579 capite
383 1533 416 1569 6.
442 1535 526 1568 sunt
550 1532 759 1568 harmoniae
783 1531 1018 1577 particulares
1043 1531 1228 1578 binorum,
1256 1532 1429 1568 trinorum
1455 1538 1540 1576 etc,
1578 1538 1664 1569 sunt
1689 1533 1909 1570 universales

107 1587 264 1623 omnium
289 1597 354 1623 sex
393 1585 511 1630 capite
537 1589 576 1630 7,
615 1590 700 1621 sunt
730 1595 837 1620 voces
869 1585 977 1631 etiam
1007 1584 1170 1632 diversae
1201 1585 1319 1630 capite
1344 1585 1377 1621 8.
1427 1586 1477 1621 Et
1499 1586 1590 1622 haec
1615 1585 1804 1630 dispositio
1826 1586 1909 1621 har-

106 1639 249 1675 monica
286 1642 342 1674 est
372 1636 436 1673 ille
468 1636 705 1683 archetypus,
732 1637 786 1672 ad
819 1647 925 1682 quem
958 1636 1231 1681 exprimendum
1263 1637 1489 1682 planetarum
1514 1637 1799 1674 eccentricitates
1824 1647 1909 1674 suas

108 1691 271 1737 singulas
295 1699 484 1726 mensuras
509 1693 729 1734 acceperunt
753 1689 873 1733 capite
897 1689 929 1724 9.
978 1689 1143 1733 Denique
1181 1688 1374 1734 concludo,
1407 1689 1544 1726 nullam
1567 1693 1705 1735 partem
1729 1690 1910 1726 harmoni-

106 1754 184 1788 ces,
220 1747 261 1779 ut
285 1753 328 1778 ea
351 1742 457 1778 nobis
482 1747 518 1778 et
542 1749 628 1779 nota
653 1748 689 1779 et
712 1743 847 1778 usitata
871 1747 947 1787 est,
982 1743 1019 1777 in
1044 1742 1101 1777 his
1132 1742 1225 1778 binis
1251 1746 1288 1778 et
1321 1742 1414 1777 binis
1439 1742 1658 1786 singulorum
1682 1742 1909 1787 planetarum

106 1800 143 1831 et
173 1796 340 1831 binorum
373 1794 523 1839 singulis
566 1795 723 1831 motibus
771 1795 940 1831 extremis
974 1794 1173 1840 mediisque
1213 1794 1412 1839 interJectis
1449 1794 1586 1830 deesse.
1651 1795 1907 1838 Verumtamen,

107 1847 192 1893 quia
215 1858 327 1892 supra
352 1848 443 1893 (cap.
466 1848 498 1883 6.
525 1853 612 1883 nota
629 1848 675 1893 2.)
700 1846 913 1882 Ptolemaeo
951 1847 1167 1892 exprobravi
1204 1851 1343 1883 textum
1368 1858 1432 1883 seu
1457 1850 1706 1892 argumentum
1731 1846 1908 1882 melodiae

106 1899 284 1943 coelestis,
310 1909 389 1946 age,
419 1909 464 1935 116
490 1899 585 1936 forte
610 1905 647 1936 et
670 1901 707 1936 111
731 1898 817 1936 11160
838 1910 947 1944 opere
971 1900 1042 1936 hoc
1066 1900 1211 1935 unicum
1237 1900 1479 1944 desideretur,
1504 1899 1692 1934 audiamus
1717 1903 1754 1934 et
1775 1899 1821 1935 de
1843 1899 1907 1935 illo

106 1953 242 1996 Regem
265 1950 431 1986 Psalten:

224 2010 323 2047 Coeli
356 2014 534 2045 enarrant
568 2010 726 2056 yloriam
749 2009 824 2045 Dei
854 2014 888 2045 et
927 2020 1040 2055 opera
1068 2020 1243 2045 manuum
1279 2009 1357 2053 effus
1393 2009 1595 2044 annunciat
1628 2010 1904 2054 firmamentum.

104 2065 196 2100 Dies
233 2063 307 2099 diei
342 2066 481 2098 eructat
516 2063 663 2097 verbum
699 2066 734 2098 et
764 2073 839 2097 nox
869 2063 968 2097 noeti
991 2062 1133 2097 indicat
1155 2061 1355 2096 scientiam.
1404 2061 1541 2105 (Motus
1567 2072 1653 2097 sane
1677 2062 1905 2107 planetarum

104 2117 188 2152 illos
213 2115 455 2159 consideravi,
491 2115 552 2159 qui
577 2114 682 2149 unius
707 2113 779 2148 diei
809 2114 997 2158 noctisque
1023 2113 1140 2158 spatio
1166 2112 1383 2157 proveniunt
1408 2113 1586 2158 singulis.)
1634 2115 1724 2151 Non
1746 2121 1833 2152 sant
1855 2118 1905 2153 lo-

106 2170 232 2215 quelae
255 2177 368 2213 neque
391 2178 582 2212 sermones,
607 2178 762 2213 quorum
785 2177 860 2206 non
883 2167 1088 2202 audiantur
1111 2177 1213 2201 voces
1237 2176 1370 2201 eorum.
1419 2167 1471 2201 In
1495 2177 1634 2202 omnem
1661 2168 1812 2204 Terram
1832 2170 1919 2205 61112.

105 2223 158 2258 vit
181 2232 293 2257 sonus
317 2230 451 2263 eorum,
476 2223 510 2255 et
531 2220 572 2254 in
594 2219 685 2263 fines
709 2219 807 2255 orbis
831 2222 950 2254 terrae
974 2219 1084 2254 verba
1109 2229 1241 2253 eorum.
1288 2218 1318 2253 N
1325 2228 1372 2252 on
1387 2225 1442 2254 est
1459 2219 1641 2264 credibile,
1666 2219 1785 2255 locum
1809 2220 1906 2257 1111116

104 2274 142 2309 111
172 2283 279 2309 sensu
311 2271 446 2307 literali
475 2271 583 2317 plane
615 2282 694 2307 esse
727 2270 859 2306 nullius
892 2270 1083 2313 momenti,
1121 2271 1182 2315 qui
1212 2270 1248 2305 in
1283 2280 1393 2306 sensu
1427 2269 1620 2315 allegorico
1654 2272 1774 2307 divina
1802 2273 1907 2309 nobis

105 2325 294 2370 Evangelii
317 2325 445 2370 pandit
468 2325 650 2370 mysteria.
699 2324 1028 2360 Annunciaverunt
1060 2324 1150 2359 coeli
1177 2323 1366 2367 justitiam
1397 2322 1495 2367 effus,
1530 2328 1564 2359 et
1594 2324 1762 2361 viderunt
1785 2334 1908 2361 onmes

99 2380 231 2424 populi
251 2379 409 2425 yloriam
434 2377 521 2422 ejus.
570 2376 741 2412 Laudate
765 2376 870 2419 coeli,
904 2376 1077 2420 quoniam
1106 2375 1395 2410 misericordiam
1423 2376 1509 2419 fecit
1540 2377 1723 2421 dominus,
1749 2376 1907 2420 jubilate

104 2436 244 2468 montes
267 2430 490 2473 laudatione,
507 2429 692 2474 psalmum
716 2428 823 2464 dicite
847 2428 988 2464 nomini
1012 2427 1101 2471 ejus,
1127 2427 1211 2462 date
1233 2428 1388 2472 gloriam
1414 2428 1518 2462 laudi
1542 2427 1629 2471 ejus.
1675 2428 1797 2464 Dicite
1809 2429 1905 2473 Deo,

105 2495 213 2529 quam
235 2483 415 2519 terribilia
438 2487 523 2518 sunt
548 2492 658 2527 opera
690 2485 756 2516 tua
780 2481 935 2516 domine.
984 2480 1185 2516 Laetentur
1214 2480 1301 2515 coeli
1325 2484 1358 2514 et
1382 2481 1534 2516 eoesultet
1564 2485 1674 2516 terra.
1722 2482 1906 2518 Paratum

105 2546 167 2571 cor
189 2546 306 2570 meum
329 2534 448 2578 Deus,
476 2537 652 2578 paratum
676 2543 738 2568 cor
772 2544 908 2576 meum,
940 2534 1098 2568 cantabo
1124 2537 1157 2568 et
1180 2533 1363 2577 psalmum
1388 2533 1506 2568 dicam
1531 2534 1688 2570 domino.
1735 2534 1906 2581 Exswrye

102 2588 233 2633 floria,
259 2596 410 2631 eoesurye
420 2586 637 2631 psalterium
653 2595 768 2620 meum
794 2589 828 2620 et
851 2585 1018 2630 cythara,
1044 2594 1235 2629 eaesurqam
1260 2584 1428 2619 diluculo.
1461 2584 1566 2628 Quod
1588 2594 1675 2620 sane
1697 2585 1765 2621 suit
1788 2597 1903 2631 mane,

104 2640 140 2674 8.
162 2638 285 2674 Martii
309 2638 411 2673 1615.
463 2637 668 2682 Confitebor
697 2637 764 2672 tibi
798 2637 839 2671 in
868 2636 1018 2681 populis
1050 2635 1298 2679 (literatorum)
1331 2636 1475 2671 domine
1508 2641 1541 2676 et
1569 2638 1754 2682 psalmum
1786 2638 1904 2674 dicam

104 2692 172 2727 tibi
195 2691 236 2726 in
255 2690 422 2736 yentibus
458 2689 602 2734 (librum
628 2688 794 2731 scribam,
821 2688 881 2732 qui
907 2688 954 2722 sit
977 2687 1088 2722 veluti
1114 2697 1214 2723 sacer
1239 2688 1392 2733 hymnus
1420 2688 1572 2734 Galeni)‚
1608 2692 1782 2735 quoniam
1803 2702 1902 2737 may-

104 2745 256 2787 nifiicata
279 2746 331 2778 est
353 2752 465 2788 usque
488 2742 538 2778 ad
561 2742 677 2778 coelos
699 2741 950 2777 misericordia
981 2744 1047 2775 tua
1077 2744 1110 2775 et
1135 2751 1246 2786 usque
1270 2742 1318 2776 ad
1341 2743 1453 2777 nubes
1475 2743 1610 2777 veritas
1632 2746 1708 2777 tua.
1755 2743 1902 2789 Bonwm

105 2799 157 2830 est
181 2795 344 2839 confiteri
368 2794 516 2830 domino
542 2798 575 2830 et
593 2794 754 2838 psaltere
777 2793 919 2828 nomini
941 2796 1005 2828 tuo
1031 2793 1218 2836 altissimo,
1244 2794 1293 2828 ad
1317 2794 1615 2830 annunciandum
1638 2804 1742 2830 mane
1765 2795 1899 2830 miseri-

106 2847 269 2882 cordiam
298 2851 401 2882 tuam
431 2851 464 2882 et
494 2847 681 2882 veritatem
716 2851 819 2882 tuam
843 2856 914 2890 per
941 2849 1089 2880 noctem.
1137 2845 1188 2880 In
1221 2845 1446 2883 decachordo
1471 2846 1715 2889 (hexachordo
1739 2845 1899 2891 coelesti)

106 2903 139 2933 et
157 2899 334 2942 psalterio
358 2910 440 2934 cum
463 2899 607 2934 cantico
631 2899 671 2933 in
695 2898 860 2944 cythara.
895 2896 991 2942 Quia
1016 2897 1200 2932 delectasti
1222 2909 1277 2933 me
1302 2898 1446 2934 domine
1469 2899 1509 2933 in
1531 2899 1679 2942 factura
1702 2902 1777 2941 ma,
1803 2901 1837 2933 et
1859 2898 1900 2933 in

106 2951 272 2994 operibus
295 2962 468 2986 man-uum
484 2955 631 2986 tuarum
654 2951 854 2987 exsultabo.
890 2949 1006 2995 Quam
1029 2950 1264 2995 magnificata
1287 2955 1372 2986 sunt
1390 2961 1501 2996 opera
1524 2955 1589 2986 tua
1613 2950 1766 2993 domine,
1791 2949 1900 2985 nimis

98 3002 309 3045 profundae
331 3008 417 3039 sunt
438 3004 558 3048 factae
582 3005 819 3049 cogitationes
842 3007 935 3038 tuae.
969 3001 1034 3037 Vir
1050 3003 1225 3047 insipiens
1249 3014 1324 3038 non
1348 3007 1545 3047 coynoscct,
1572 3006 1606 3038 et
1627 3003 1757 3037 stultus
1784 3002 1897 3045 (igno-

104 3063 188 3091 rans
213 3058 250 3088 et
274 3054 427 3091 barbaro
452 3054 550 3093 fastu
568 3059 815 3105 *contemnens
849 3054 984 3099 literas)
1021 3065 1097 3090 non
1129 3055 1303 3099 intelliget
1334 3055 1432 3090 haec.
1484 3054 1572 3090 Cum
1609 3054 1725 3090 exorti
1759 3054 1898 3098 fuerint
