1988 3276
789 158 836 196 de
856 157 1063 196 nunonis.
1753 159 1807 199 ts

43 277 771 323 flammamtis-onesinum,
800 277 1007 319 notimest,
1039 272 1809 320 qusnutogomidumnmmmdo

45 327 191 361 doe-am.
237 326 393 367 Superest
420 326 536 368 igitur,
567 327 607 358 nt
625 323 764 364 mgulos
786 324 991 365 api-emur
1014 326 1048 355 et
1068 326 1108 354 ut
1126 323 1320 355 inveniatur
1341 322 1509 364 proportio
1541 320 1587 353 sd
1608 330 1645 353 ss
1667 322 1811 354 invicem

45 374 183 407 duorum
203 376 374 406 autorum
394 371 590 412 ungulorum
610 372 647 404 in
669 369 859 411 metangnlo
883 369 973 412 (mm
989 367 1231 412 obliquanguls
1252 367 1341 401 nihil
1361 378 1479 411 moror,
1504 368 1670 411 siquidem
1692 369 1729 400 in
1744 367 1811 400 dno

44 417 235 461 romule
255 417 355 451 heile
379 418 627 460 dispescuntur),
650 417 905 459 proportionem,
928 417 1076 459 inquam,
1099 414 1233 447 illorum
1248 419 1379 447 tantum
1398 415 1564 447 desidero:
1590 414 1709 447 exindo
1724 415 1814 446 enim

46 468 147 499 stin
167 465 338 509 quantitas
360 463 563 505 singulorum
585 473 644 505 per
665 462 812 503 regulam
834 462 885 494 De
907 462 964 495 'hi
986 461 1085 494 facile
1110 463 1263 505 sciretur,
1287 463 1445 504 quonism
1469 462 1568 493 ambo
1591 459 1690 493 simul
1713 461 1814 493 sumti

250 513 310 543 nni
332 515 430 544 recto.
477 510 574 543 Illam
595 511 717 542 num
741 509 799 541 diu
821 509 988 552 quaesivi3
1025 507 1157 550 espiuis
1179 510 1287 550 primo
1315 509 1380 540 huc
1402 508 1574 541 trahebam
1596 506 1815 549 penultimam

45 559 144 601 pri-1
166 556 323 600 Budidis,
346 561 439 590 ratus
462 558 616 600 duorum,
640 565 728 599 quse
749 560 874 588 rectum
897 554 1055 595 angulum
1076 554 1263 598 includunt,
1286 555 1524 598 quadratorum
1547 554 1592 586 sd
1615 563 1651 586 se
1673 555 1815 587 invicem

46 604 274 639 Uindium
294 605 357 638 hoe
381 605 568 647 quse-sitnm
591 604 673 635 milii
695 604 952 636 notitioemram.
994 602 1061 635 Sed
1083 611 1142 643 spe
1165 611 1241 635 mea
1262 601 1360 642 longe
1382 611 1435 634 me
1457 600 1580 633 falsum
1603 610 1675 633 esse
1699 601 1815 632 erasti-

46 660 109 684 nns
131 650 201 683 diss
224 650 381 694 doe-bat,
414 660 488 683 eum
510 650 554 682 sd
579 648 699 682 calculi
723 649 863 689 Lydium
886 649 983 691 quasi
1005 647 1153 690 lapidem
1176 649 1295 681 haecce
1318 649 1556 690 phantasmata
1578 647 1815 680 examinarem.

46 695 267 730 Nihilominus
289 700 401 729 nmen
424 695 553 740 sliquid
575 697 794 737 proportionis
826 696 959 727 subesse
989 695 1098 727 adhuc
1134 704 1199 727 non
1224 695 1371 736 despero.
1419 694 1547 735 Quodsi
1578 703 1667 725 rnna
1698 698 1732 726 et
1753 694 1816 725 im-

47 742 216 786 ponibilis
238 747 288 776 ot
309 743 392 776 me
414 752 489 775 mea
504 744 725 784 praesumtio,
761 746 793 774 et
813 741 928 774 forsan
951 750 1059 774 merae
1085 740 1296 774 irrationales
1318 743 1540 785 quantitstes:
1563 740 1618 772 sse
1641 744 1678 772 ut
1701 740 1815 780 seiam,

48 799 92 823 no
113 790 237 822 &nstra
257 790 346 822 hune
368 790 563 831 Aethiopem
584 788 700 822 lavare
719 798 864 830 pergam.
912 788 972 821 Sin
996 797 1072 820 voro
1096 792 1251 820 comtum
1274 797 1341 821 non
1363 797 1500 829 prorsus
1523 788 1654 819 irritum
1673 786 1817 829 judicus,

50 839 110 869 sut
129 837 202 878 ips·
216 837 305 868 vitm
319 837 419 879 nosti,
441 846 510 879 qus
532 834 584 868 vel
605 836 650 867 sd
672 837 876 877 ipsissimam
898 835 1070 867 veritatem
1091 834 1145 867 vel
1168 844 1270 878 qusm
1291 836 1440 876 proxime
1463 835 1508 867 sd
1531 835 1639 875 ipsam
1663 838 1697 865 st
1719 832 1819 866 simul

51 882 277 924 compendioso
301 886 409 926 estur,
442 892 568 925 quaeso
590 891 631 915 ne
654 891 705 914 me
738 881 831 914 celes.
876 881 1010 914 Discere
1034 891 1177 924 namque
1200 891 1222 913 ο
1244 882 1281 914 Ρ.
1306 881 1380 914 Tua
1403 886 1540 924 paratus
1564 890 1638 913 snm
1659 889 1721 913 nec
1742 878 1818 912 vul-

50 930 123 971 gari
144 929 227 962 nihi
247 929 365 961 honori
388 929 547 969 duoerem,
570 932 645 961 tuus
669 927 849 970 discipulus
872 928 998 961 audire.
1088 959 1091 963 ,

164 975 232 1009 sd
254 976 414 1017 abrumpo
438 974 622 1016 epistolum,
645 985 758 1007 vereor
779 977 882 1016 enim,
915 984 959 1006 n·
982 973 1175 1016 prolixitate
1197 984 1272 1007 msa
1295 974 1402 1007 Tuam
1424 974 1667 1006 Praestamism
1689 973 1819 1013 gravio—

51 1022 144 1055 ribus
165 1026 360 1064 occupet-m
383 1022 496 1054 statim
517 1023 626 1063 prima
648 1023 720 1054 viee
742 1023 791 1055 sic
813 1021 995 1065 offendam,
1019 1025 1058 1053 ut
1080 1022 1220 1062 posthae
1242 1023 1351 1054 minus
1374 1022 1555 1062 propitiam
1578 1021 1647 1053 tore
1671 1020 1821 1052 sentiam.

54 1067 224 1102 Gondonst
245 1069 308 1101 boe
329 1069 463 1101 affectui
485 1078 556 1101 meo
580 1072 614 1100 et
635 1077 736 1112 quam
758 1067 948 1101 felicissimo
970 1067 1094 1110 valeat,
1119 1077 1193 1100 eum
1218 1070 1371 1101 omnibus
1394 1068 1583 1101 domesticis
1605 1066 1720 1099 sitos
1741 1074 1824 1109 quo·

54 1123 120 1158 qus
140 1118 348 1156 peramanter
371 1117 405 1146 et
427 1115 572 1147 officiose
595 1113 752 1147 salum

191 1161 322 1194 Dabam
343 1161 514 1202 nntium
537 1161 684 1203 proprid.
708 1159 778 1194 Gal.
800 1160 877 1194 Jan.
901 1164 942 1195 st.
967 1170 999 1195 v.
1023 1158 1123 1196 1618.

1000 1207 1230 1245 Prosae-ntiae
1251 1208 1343 1241 'ruas
1366 1209 1675 1242 observantissimus

1166 1253 1325 1287 wilhelm
1346 1255 1537 1290 Sebieksrd.

169 1312 374 1354 Koplsrns
394 1313 579 1354 rospondit:

170 1379 415 1423 Venerabilis
450 1388 490 1423 et
530 1382 750 1423 doctissime
786 1382 870 1423 Vir.
928 1382 1079 1423 Litera‘s
1117 1382 1190 1423 111.
1222 1383 1305 1423 Cal.
1342 1383 1432 1424 Jan.
1474 1383 1525 1424 ad
1566 1395 1628 1424 me
1666 1384 1829 1436 scriptas

60 1442 194 1494 seeepi
221 1453 248 1482 a
274 1440 451 1492 Krugero
480 1442 565 1493 ipso
593 1440 653 1481 Id.
686 1441 801 1481 Mart.
830 1446 879 1480 st.
908 1453 967 1492 n.,
999 1453 1076 1492 quo
1098 1441 1234 1482 eodem
1252 1448 1424 1492 tempore
1454 1448 1494 1482 et
1521 1442 1592 1482 tibi
1611 1453 1720 1482 meas
1739 1441 1830 1481 red-

61 1498 184 1540 ditum
211 1499 258 1538 iri
284 1499 500 1551 sperabam.
559 1499 698 1550 Video,
728 1511 791 1540 me
818 1499 922 1540 bono
950 1502 1064 1552 genio
1093 1502 1133 1539 in
1161 1506 1200 1540 te
1229 1500 1428 1550 incidisse,
1460 1501 1527 1551 qni
1556 1511 1653 1550 non,
1682 1506 1727 1539 ut
1756 1509 1829 1551 ego

63 1556 184 1607 soleo,
212 1558 254 1597 in
279 1558 446 1609 negotiis
475 1559 662 1609 susceptis
690 1562 735 1597 ut
762 1569 848 1598 mus
878 1560 917 1596 in
945 1560 1031 1610 piee
1059 1559 1326 1600 adhaerentes.
1385 1558 1493 1599 Bene
1529 1560 1648 1598 etiam
1674 1559 1831 1607 factum,

65 1614 170 1666 quod
198 1625 224 1655 a
248 1627 368 1655 manu
395 1621 464 1655 tua
492 1617 693 1666 ingeniosa
722 1615 1000 1657 delineationes
1028 1622 1130 1666 sunt,
1159 1617 1357 1668 sculptura
1387 1617 1437 1656 sb
1458 1616 1537 1657 alio
1566 1617 1754 1665 banauso,
1783 1626 1833 1655 ne

70 1673 214 1713 cessar
241 1672 292 1713 ad
321 1675 411 1724 equi
428 1673 628 1714 Pontificis
658 1685 787 1714 curam
817 1674 1039 1714 descendat.
1098 1673 1222 1715 Crede
1248 1674 1356 1724 mihi,
1391 1686 1453 1714 me
1482 1686 1559 1714 non
1589 1676 1672 1714 sine
1702 1673 1834 1713 dolore

66 1731 138 1770 abs
165 1736 205 1771 te
232 1736 363 1783 petere
391 1733 564 1782 potuisse
592 1731 841 1783 sculpturam,
871 1743 958 1772 cum
987 1732 1114 1773 adhuc
1143 1732 1191 1773 de
1218 1733 1420 1772 voluntate
1450 1731 1608 1783 Crugeri
1635 1732 1730 1771 mihi
1757 1741 1836 1771 non

67 1793 259 1829 eonsuret
286 1800 435 1841 egoque
464 1789 727 1842 Tubingensia
754 1790 862 1842 prela
891 1795 960 1830 aut
987 1789 1192 1831 Lincensia
1221 1790 1386 1841 quidem,
1417 1790 1486 1830 sed
1516 1802 1603 1830 eum
1631 1791 1837 1830 renuncia-

67 1848 178 1887 tionev
199 1847 377 1899 Ungui,
419 1854 691 1899 exspectarem.
748 1848 879 1899 Nunc,
917 1848 1073 1899 quando
1101 1848 1295 1889 mordicus
1324 1849 1391 1888 ille
1430 1854 1538 1889 tenet
1563 1849 1628 1900 J‘us
1657 1860 1770 1888 suum
1798 1848 1839 1886 in

68 1904 237 1945 eurando
265 1916 399 1957 opere,
428 1905 633 1957 provideat
661 1907 779 1946 etiam
808 1906 857 1946 de
887 1908 1025 1957 operis.

179 1962 377 2004 sarcinam
414 1963 464 2003 ad
503 1963 560 2003 Te
600 1964 768 2004 delatam
803 1964 985 2016 Tubinga
1018 1964 1184 2016 gaudeo.
1252 1964 1533 2025 Existimabam
1577 1966 1679 2004 inter
1714 1969 1843 2004 cetera

69 2019 187 2060 hbe
222 2025 262 2061 et
288 2021 484 2072 exemplar
510 2022 708 2073 Epitomes
738 2023 1050 2072 Asu-onomieae,
1088 2035 1179 2063 nam
1215 2024 1371 2063 invenio
1405 2023 1446 2060 in
1475 2023 1708 2062 adversariis
1744 2023 1842 2061 meis

0 2139 5 2141 u
73 2077 319 2130 susciptum
377 2079 527 2129 Quodsi
555 2091 632 2120 non
660 2082 743 2132 ipse
772 2092 922 2120 mecum
951 2081 1168 2132 Nirtingam
1197 2081 1331 2130 attuli,
1372 2082 1524 2131 copiam
1566 2082 1638 2120 tibi
1677 2081 1778 2119 facio
1820 2090 1846 2118 a

72 2134 239 2186 (luigero
266 2137 423 2188 petendi
452 2135 670 2190 (scripsisse
698 2144 737 2178 te
765 2141 911 2190 gratias
940 2151 1010 2189 pro
1040 2144 1201 2190 accepto
1229 2139 1351 2188 libro,
1395 2139 1587 2190 significat
1617 2134 1843 2191 Crugerus).

72 2192 211 2232 Literis
239 2195 394 2245 quidem
424 2194 500 2234 tuis
529 2198 754 2246 gratissimis
783 2197 857 2236 hoe
885 2208 1004 2236 unum
1034 2197 1152 2246 deest,
1185 2197 1290 2248 quod
1318 2208 1395 2236 non
1425 2197 1621 2248 significas
1651 2196 1699 2236 de
1727 2195 1846 2235 Com-

72 2252 266 2291 mentariis
285 2251 433 2301 umis,
465 2265 564 2304 quae
593 2266 661 2305 per
691 2254 854 2294 eundem
883 2257 1056 2307 aurigam
1085 2267 1110 2295 a
1129 2255 1300 2306 Crugero
1329 2260 1462 2306 petere
1489 2267 1637 2306 proque
1661 2255 1708 2293 iis
1737 2260 1847 2292 trun-

75 2309 184 2349 enlos
211 2310 360 2361 ligneos
387 2317 602 2361 permutare
632 2312 821 2362 debuisti3
850 2314 906 2352 sic
935 2316 1037 2352 enim
1068 2319 1298 2353 convenerat
1327 2315 1425 2352 inter
1453 2324 1525 2352 nos
1555 2313 1769 2363 Augustae.

186 2368 249 2408 De
288 2369 553 2409 emendatione
589 2370 696 2420 globi
731 2373 955 2410 memoriam
994 2383 1181 2411 revocans
1220 2383 1362 2422 magna
1390 2383 1451 2410 me
1487 2370 1688 2421 voluptate
1716 2370 1849 2421 perfu-

0 2425 1 2488 ]
77 2424 177 2465 disti.
246 2423 404 2465 Utinam
444 2428 514 2466 tibi
558 2432 707 2467 tantum
749 2431 799 2467 sit
841 2431 930 2478 otii,
980 2435 1024 2468 ut
1066 2429 1129 2469 hic
1176 2441 1312 2480 operas
1355 2434 1442 2467 tuas
1486 2431 1582 2469 meis
1623 2428 1849 2479 conjungas,

77 2481 119 2521 id
146 2483 323 2534 equidem
352 2484 519 2524 futurum
548 2487 724 2525 existimo
762 2498 849 2526 cum
877 2486 1044 2527 utilitate
1073 2487 1242 2538 publiea.
1300 2487 1471 2525 Primum
1504 2492 1543 2526 te
1573 2487 1693 2526 velim
1721 2497 1851 2525 recor-

79 2539 173 2589 dari,
202 2541 307 2591 quod
335 2542 404 2580 tibi
434 2541 523 2591 dixi,
554 2555 614 2582 me
642 2544 757 2583 fidem
786 2544 1015 2585 haeredibus
1045 2545 1258 2584 Braheanis
1289 2546 1540 2584 obstrinxisse
1576 2540 1624 2584 de
1653 2556 1730 2584 non
1760 2543 1851 2582 vul-

79 2597 215 2648 gaudis
245 2600 576 2639 observationibus
603 2612 729 2652 neque
757 2602 901 2641 tabulis
932 2601 1116 2657 (quarum
1143 2615 1233 2654 pars
1252 2615 1394 2653 magna
1414 2608 1504 2641 sunt
1533 2603 1734 2653 catalogus
1753 2601 1853 2639 fixa-

79 2652 184 2710 rum)
213 2656 457 2706 excudendis,
488 2659 582 2708 ipsis
609 2670 687 2698 non
717 2659 912 2700 consultis.
947 2663 1026 2707 (cfr.
1048 2666 1075 2697 1.
1098 2662 1189 2708 370.)
1254 2659 1459 2711 oporteret
1476 2662 1593 2711 igitur
1622 2666 1661 2700 et
1689 2665 1727 2698 te
1758 2657 1853 2697 mihi

82 2723 166 2753 esse
195 2714 408 2766 obligatum
436 2714 485 2754 ad
515 2715 661 2765 eadem,
692 2719 748 2757 sic
775 2723 916 2767 tamen,
946 2723 991 2756 ut
1019 2729 1159 2757 nomen
1189 2723 1298 2757 tuum
1328 2720 1365 2756 in
1392 2718 1467 2757 hae
1496 2720 1623 2769 operis
1642 2722 1751 2769 parte
1779 2727 1854 2767 ap-

81 2777 257 2821 ponatur.
314 2772 464 2813 Deinde
494 2772 610 2812 velim
636 2779 676 2813 te
703 2775 779 2815 hoc
807 2777 905 2815 scire
917 2783 939 2824 ,⁸
966 2786 1044 2814 non
1075 2788 1160 2815 esse
1190 2778 1345 2815 omnino
1375 2782 1501 2815 tutum
1529 2776 1645 2816 fidere
1676 2773 1853 2824 catalogo

82 2827 242 2869 fixarum
269 2830 513 2881 Tychonico‚
544 2831 636 2880 quia
661 2831 751 2871 loca
777 2833 941 2872 fixarum
969 2845 1016 2872 ex
1046 2834 1379 2873 observationibus
1416 2839 1641 2884 computata
1670 2836 1762 2871 suut
1786 2842 1856 2883 per

0 2931 3 2943 s
82 2886 279 2927 mdiosos
306 2890 436 2927 varios
464 2889 784 2940 inveniuntur-que
812 2892 961 2941 passim
991 2891 1182 2930 errorculi.
1241 2892 1354 2931 Esset
1382 2893 1500 2941 igitur
1527 2896 1612 2930 tota
1638 2890 1856 2941 pragmatia

0 2969 11 3055 Α

15 3181 20 3269 t

80 2945 291 2995 repetenda
320 2957 345 2984 a
372 2945 629 2985 fundamentis
667 2958 735 2996 per
764 2947 976 2988 doctrinam
1006 2948 1294 3000 triangulorum.
1351 2947 1401 2987 Et
1435 2949 1543 2988 mille
1574 2947 1728 2998 quidem
1757 2948 1857 2987 fixa-

5 3052 10 3061 *
85 3004 171 3041 tum
197 3005 299 3043 senis
327 3003 497 3043 millibus
524 3003 885 3054 multiplicationum
923 3012 963 3046 et
1001 3006 1235 3046 divisionum
1264 3007 1607 3056 computandamm
1642 3005 1752 3046 labor
1781 3016 1858 3045 non

89 3058 186 3099 {deo
214 3066 274 3100 est
300 3063 497 3111 immanis3
535 3063 696 3101 utereris
726 3063 827 3101 enim
854 3065 958 3114 typis
990 3066 1255 3114 operationum
1294 3064 1628 3113 abbreviatarum,
1670 3075 1768 3116 quos
1797 3065 1860 3101 in-

91 3119 193 3167 gessi
227 3121 268 3156 in
302 3119 508 3169 Epitomeu
547 3119 870 3159 Astronomicam:
912 3125 952 3159 at
994 3122 1281 3161 observationes
1323 3121 1582 3174 exscribendi,
1626 3120 1858 3168 conferendi,

157 3189 280 3224 miei
298 3190 398 3224 epm
417 3190 454 3218 v.
1628 3194 1654 3231 4
