1994 3276
124 66 178 105 43
188 67 211 104 6
390 53 403 57 ”
753 61 972 108 Appendicis
997 42 1300 99 Harmonicorum

125 187 163 220 et
192 182 299 220 irrito
330 182 477 231 impetu
519 182 750 221 transvolas.
811 182 922 222 More
966 189 1165 233 receptum
1204 195 1289 222 esse
1326 185 1451 230 nosti,
1493 184 1526 234 si
1557 181 1701 233 dogma
1729 179 1926 232 quoddam

126 241 223 278 bene
253 240 469 278 stabilitum
501 247 571 287 est,
605 247 648 279 nt
678 252 765 279 cum
798 241 1084 290 obJectionibus
1116 247 1252 292 postea
1272 242 1487 280 levioribus
1509 243 1755 291 transigatur.
1808 240 1927 280 Cam—

124 309 272 347 panae,
304 300 455 347 inquis,
488 299 526 335 in
559 298 712 349 templis
743 300 899 338 minime
931 299 1046 338 silent
1075 295 1114 336 in
1145 302 1392 350 oppositione
1423 299 1558 341 Lunae
1589 311 1677 338 cum
1705 298 1926 347 malevolis,

123 363 236 406 peste
267 362 481 405 grassante.
543 356 585 394 Si
618 359 715 396 bene
746 357 924 407 conjicio,
957 364 999 395 tu
1030 361 1179 407 patriae
1210 365 1300 396 tune
1331 369 1478 396 morem
1509 358 1572 396 hic
1590 360 1732 408 tangis,
1765 358 1802 395 in
1835 368 1925 408 qua,

124 416 192 464 qui
223 420 313 452 sunt
342 416 382 451 in
414 427 541 464 agone
573 417 786 463 constituti,
819 418 846 453 ii
877 427 1091 467 campanae
1122 419 1233 467 signo
1254 419 1459 466 impetrato
1482 415 1661 467 publicas
1681 427 1815 466 preces
1844 415 1926 454 sol-

123 473 287 511 licitant.
347 472 433 511 Non
466 480 571 511 caret
600 474 699 513 haec
731 475 952 513 observatio
984 475 1099 513 laude
1131 486 1202 513 sua
1235 475 1460 524 diligentiae
1493 480 1530 513 et
1558 475 1926 524 circumspectionis.

122 530 228 569 Illud
259 532 376 570 etiam
406 531 630 583 philosophi
661 533 855 571 remittent
886 534 1058 571 moribus
1090 533 1349 582 astrologicae
1370 532 1611 600 disciplinae,
1642 533 1747 583 quod
1778 533 1829 570 ab
1851 532 1927 570 hoc

124 589 263 628 effectu
296 591 564 639 oppositiones
595 590 759 629 lethales
792 597 830 629 et
861 591 1054 629 violentas
1086 592 1274 642 appellaS,
1308 593 1381 631 etsi
1413 593 1481 642 qui
1511 602 1572 629 me
1598 591 1719 639 audit,
1750 589 1817 629 ille
1846 601 1925 628 non

123 650 251 697 magis
282 650 562 698 oppositiones,
594 660 711 698 quam
742 650 806 687 vel
837 650 1000 688 haustus
1032 656 1262 700 pur-,gantes
1296 650 1500 701 clystereS‚
1532 651 1738 688 vomitoria
1769 648 1832 687 vel
1864 649 1926 687 di—

124 707 360 745 minutiones
391 709 592 756 sanguinis
625 707 789 745 lethales
822 714 861 746 et
891 708 1086 746 violentas
1119 709 1232 746 dicct.

241 764 346 803 Vera
377 767 480 803 enim
511 770 602 803 sunt
633 765 806 815 epitheta
837 766 884 804 de
915 766 1215 816 particularibus
1245 765 1445 804 nonnullis
1475 766 1700 813 eventibus,
1737 763 1859 810 falsa,
1892 766 1924 803 si

125 823 190 861 vel
222 830 400 861 naturam
431 824 568 861 harum
600 835 736 872 rerum,
767 824 832 862 vel
863 826 1052 862 intentum
1084 826 1253 863 auctoris
1284 830 1449 875 spectes.
1507 823 1626 874 'Legis
1662 823 1723 860 his
1751 833 1926 861 consona

123 882 190 920 fol.
227 882 312 919 260
343 881 430 924 libri
462 884 535 920 mei
569 881 639 919 IV.
702 882 803 932 Ergo
835 888 874 920 tn
907 883 1006 920 hanc
1037 883 1295 933 antipathiam
1326 882 1523 934 appellas,
1559 881 1820 933 sympathiam
1853 893 1925 920 ne-

122 951 208 989 gas.
271 939 356 978 Imo
387 941 547 990 inquam
581 951 672 989 ego:
705 942 739 977 si
769 952 856 978 cum
887 941 1096 990 astrologis
1118 942 1324 991 loquimur,
1355 950 1462 979 mera
1490 941 1588 979 haec
1609 945 1669 979 est
1689 939 1923 991 sympathia,

122 999 179 1046 si,
227 1009 305 1047 quo
337 1004 510 1049 tempore
542 998 654 1036 Luna
695 1011 718 1036 a
749 998 937 1047 Saturno,
983 1011 1100 1049 aeger
1131 1006 1379 1050 oppugnatur
1411 1011 1434 1037 a
1462 999 1620 1047 morbo,
1661 999 1760 1046 nisi,
1803 1000 1924 1036 missa

122 1056 350 1095 coelestium
383 1063 421 1095 et
453 1057 720 1095 sublunariurn
752 1059 1063 1102 consociatione,
1104 1058 1232 1096 sidera
1261 1059 1421 1096 seorsim
1458 1057 1699 1103 consideres,
1744 1057 1817 1094 nisi
1850 1056 1924 1097 hoc

123 1115 323 1153 adscribas
354 1115 561 1153 radiationi
593 1128 640 1153 ex
671 1117 874 1165 opposito,
918 1117 1022 1166 quod
1060 1123 1151 1155 tunc
1182 1116 1380 1154 Saturnus·
1411 1121 1450 1154 et
1481 1115 1594 1154 Luna
1633 1117 1733 1154 inter
1765 1125 1807 1153 se
1840 1114 1923 1153 dis-

121 1172 286 1211 sideant.
347 1173 469 1222 Atqui
511 1185 557 1211 ne
588 1175 643 1211 sic
685 1173 840 1223 quidem
884 1176 1084 1226 oppositio
1116 1176 1282 1213 sustinet
1320 1175 1560 1226 antipathiae
1601 1174 1758 1212 crimen.
1819 1172 1921 1212 Nam

122 1231 221 1270 haec
251 1231 483 1281 antipathia,
515 1233 769 1271 sciscentibus
799 1232 1020 1281 astrologis,
1053 1245 1120 1284 per
1151 1239 1326 1271 naturam
1355 1234 1457 1271 inest
1487 1232 1692 1279 sideribus,
1725 1242 1771 1269 ac
1800 1241 1922 1282 prop-

122 1294 230 1328 terea
260 1301 337 1327 non
371 1291 408 1327 in
442 1292 687 1340 oppositione
718 1290 844 1328 solum
876 1297 999 1337 tenet,
1046 1291 1115 1329 sed
1146 1293 1263 1329 etiam
1295 1294 1332 1328 in
1364 1291 1621 1341 quadratura,
1660 1292 1699 1327 in
1732 1289 1923 1339 conjunc-

121 1349 240 1388 tione.
302 1348 359 1385 Ex
390 1347 556 1386 adverso
589 1348 639 1386 da
671 1348 884 1386 beneficum
914 1350 1122 1398 planetam,
1155 1350 1249 1387 nihil
1272 1351 1343 1388 erit
1374 1350 1412 1386 in
1443 1349 1528 1399 ejus
1557 1349 1808 1399 oppositione·
1834 1359 1921 1386 cum

122 1406 235 1444 Luna
266 1406 446 1455 periculi,
490 1417 567 1456 quo
600 1407 646 1444 de
679 1413 858 1445 moneant
891 1408 1093 1457 astrologi.
1159 1408 1244 1446 Non
1276 1413 1334 1446 est
1365 1419 1456 1457 ergo
1498 1409 1536 1444 in
1566 1408 1814 1456 oppositione
1844 1407 1921 1454 sita

122 1475 249 1514 neque
281 1465 503 1514 sympathia
533 1476 660 1514 neque
691 1465 920 1514 antipathia,
957 1465 1025 1503 sed
1058 1467 1159 1504 vires
1191 1466 1317 1504 solum
1350 1466 1592 1504 efficacitatis
1622 1464 1802 1514 maj0res.

241 1523 361 1571 Atqui
402 1523 477 1561 hoc
508 1525 633 1572 ipsum
667 1530 747 1571 est,
792 1523 897 1572 quod
939 1536 1024 1562 cum
1058 1527 1312 1563 consonantia
1353 1536 1493 1563 vocum
1535 1516 1751 1573 comparari
1790 1521 1918 1560 debet.

123 1580 239 1629 Quod
271 1583 371 1618 enim
405 1589 461 1620 est
493 1582 531 1618 in
563 1581 715 1630 angulis
756 1581 989 1633 efficacitas,
1021 1583 1095 1621 hoc
1126 1589 1185 1621 est
1224 1585 1261 1619 in
1293 1583 1456 1621 vocibus
1493 1581 1767 1629 consonantia,
1790 1579 1918 1630 ·quod

121 1638 202 1677 illic
247 1639 518 1685 inefficacitas,
564 1640 602 1677 id
643 1640 704 1677 hic
750 1647 808 1692 est
848 1640 1102 1679 dissonantia.
1161 1641 1261 1680 Nam
1297 1642 1369 1679 etsi
1410 1640 1624 1692 particulae
1665 1650 1740 1678 con
1779 1644 1818 1676 et
1859 1638 1920 1676 dis

119 1699 435 1736 contrarietatem
468 1699 689 1744 insinuant,
724 1710 800 1736 non
832 1703 891 1736 est
922 1706 1051 1737 tamen
1089 1711 1182 1738 vera
1213 1700 1465 1738 contrarietas
1495 1700 1594 1736 inter
1624 1697 1917 1736 consonantiam

123 1762 162 1794 et
199 1755 501 1803 dissonantiam,
542 1756 611 1794 sed
649 1758 844 1805 oppositio
884 1757 1048 1807 simplex
1079 1757 1399 1804 contradictoria,
1442 1768 1520 1795 non
1560 1758 1598 1794 in
1638 1755 1727 1794 idea
1766 1760 1918 1792 tantum

122 1816 222 1852 inter
266 1815 452 1862 angulum
492 1816 752 1862 geometricae
794 1814 1092 1864 pulchritudinis
1136 1818 1292 1854 unicum
1335 1818 1374 1853 et
1402 1815 1572 1853 infinitos
1613 1825 1689 1852 non
1720 1812 1917 1863 pulchros,

122 1872 192 1910 sed
234 1874 351 1910 etiam
389 1874 428 1909 in
469 1873 605 1910 effectu
645 1872 914 1911 delectationis
955 1881 993 1911 et
1025 1874 1247 1912 offensionis
1286 1875 1447 1911 aurium.
1507 1873 1608 1911 Nam
1652 1874 1684 1910 si
1715 1871 1918 1920 diligenter

123 1929 323 1977 attendas,
367 1932 452 1980 ipso
484 1942 673 1968 concursu
704 1942 901 1978 sonorum
927 1943 1002 1969 non
1033 1934 1159 1981 magis
1191 1931 1395 1970 offenditur
1436 1928 1607 1979 auditos,
1652 1932 1686 1968 si
1717 1931 1802 1967 soni
1833 1928 1915 1966 dis-

123 1989 274 2036 sonent,
307 2000 423 2037 qnam
454 1990 486 2026 si
518 1995 743 2036 consonent,
788 2001 859 2027 nec
889 1989 1008 2027 ullam
1039 2000 1062 2028 a
1094 1991 1334 2028 dissonantia
1366 1991 1584 2039 passionem
1614 1989 1781 2027 sustinet
1820 1998 1917 2025 con-

125 2048 279 2085 trariam
309 2047 583 2094 delectationi,
614 2047 682 2085 sed
713 2046 800 2084 ideo
832 2048 958 2085 solum
990 2047 1096 2086 dolet
1127 2049 1177 2086 ob
1209 2048 1489 2095 dissonantias,
1521 2049 1613 2097 quia
1644 2049 1917 2094 circumgestat

123 2109 311 2154 cognatas
342 2105 450 2143 ideas
481 2116 664 2143 sonorum
695 2108 1001 2153 consonantium,
1035 2117 1133 2155 quos
1163 2118 1248 2144 cum
1277 2106 1486 2152 desideret,
1519 2106 1662 2154 quippe
1687 2105 1771 2154 jam
1802 2108 1917 2141 antea

125 2162 364 2212 degustatos,
397 2162 484 2200 ideo
517 2165 691 2212 privatus
723 2164 770 2200 iis
801 2164 956 2201 tristitia
987 2164 1225 2202 contrahitur
1256 2167 1407 2202 animus
1438 2165 1617 2211 interior,
1651 2174 1727 2200 non
1758 2162 1915 2199 auditus

121 2223 160 2258 in
190 2223 330 2259 mentis
360 2222 490 2259 limine
521 2223 683 2270 positus.
747 2221 811 2259 Sic
843 2222 879 2258 in
911 2233 1029 2271 puero
1062 2222 1168 2260 aliud
1199 2228 1258 2261 est
1289 2222 1410 2260 fames
1441 2221 1503 2259 vel
1536 2223 1621 2259 sitis
1654 2229 1763 2267 vera,
1805 2218 1911 2258 aliud

123 2278 264 2328 cupido
298 2279 478 2318 vescendi
510 2279 556 2317 de
589 2280 730 2317 cerasis
763 2280 811 2316 ob
845 2279 979 2318 oculos
1010 2281 1164 2328 positis,
1205 2292 1305 2330 quae
1335 2281 1668 2318 nisimemoriam
1699 2277 1914 2316 dulcedinis

122 2337 268 2375 dudum
299 2337 525 2387 degustatae
558 2338 789 2377 refricarent.
822 2337 927 2375 nuda
957 2339 1017 2375 sui
1048 2338 1225 2376 absentia
1244 2348 1404 2388 puerum
1434 2349 1510 2375 non
1541 2343 1775 2387 torquerent.
1825 2334 1914 2373 Hoc

122 2397 240 2445 igitur
270 2396 449 2443 obtento,
494 2395 589 2433 nihil
629 2396 758 2449 obstat
801 2396 1078 2433 dissonantiam
1121 2395 1303 2447 copulare
1345 2407 1431 2434 cum
1462 2395 1752 2442 inefficacitate,
1799 2393 1914 2444 quasi

122 2466 223 2503 quae
255 2453 360 2491 nuda
389 2456 438 2491 sit
469 2455 638 2503 negatio,
670 2465 745 2491 non
779 2455 919 2503 positio
951 2455 1130 2492 contrarii
1161 2455 1282 2505 ipsius
1314 2454 1566 2492 efficacitatis.

238 2511 483 2561 Superfluum
515 2513 724 2559 existimas,
759 2512 887 2562 plures
909 2512 1114 2550 observare
1146 2518 1325 2562 aspectus
1354 2524 1469 2561 quam
1499 2514 1682 2561 quinque.
1742 2509 1914 2546 Primum

64 2582 66 2585 ’
122 2580 198 2607 non
231 2575 290 2607 est
305 2570 552 2620 superfluum,
586 2569 711 2607 dicere
743 2581 867 2607 rerum
898 2571 1167 2620 apparentium
1188 2582 1345 2618 causas;
1378 2576 1419 2608 ut
1449 2572 1493 2617 si,
1526 2581 1604 2620 quo
1625 2574 1796 2619 tempore
1814 2566 1914 2604 nulli

124 2633 215 2665 sunt
245 2633 424 2677 aspectus
456 2639 502 2666 ex
534 2629 716 2676 antiquis,
752 2627 903 2665 videam
934 2633 1111 2665 naturam
1132 2630 1337 2678 praecipue
1360 2630 1615 2678 commoveri,
1646 2627 1764 2676 digna
1783 2624 1914 2674 philo·-

123 2685 248 2735 sopho
280 2697 371 2724 cura
402 2691 461 2724 est
491 2697 686 2735 quaerere,
720 2696 837 2734 quam
868 2685 917 2723 ob
949 2697 1027 2723 rem
1059 2687 1301 2734 potissimum
1333 2687 1406 2724 hoc
1436 2688 1521 2737 ipso
1543 2687 1606 2724 die
1634 2691 1775 2723 natura
1805 2693 1913 2721 comv-

121 2749 350 2793 moveatur3
390 2744 508 2792 digna
537 2749 596 2782 est
626 2742 858 2792 philosopho
890 2745 1041 2792 opinio,
1086 2745 1119 2780 si
1151 2744 1304 2791 videat,
1349 2745 1415 2783 illo
1447 2744 1509 2783 die
1546 2754 1630 2782 esse
1660 2744 1759 2780 inter
1789 2741 1912 2779 bonos

124 2801 300 2850 planetas
331 2803 592 2848 semisextum,
624 2800 886 2850 recipiendum
916 2801 1091 2839 fortassis
1121 2804 1159 2839 in
1189 2814 1389 2840 numerum
1419 2807 1458 2841 et
1487 2803 1758 2848 semisextum,
1796 2798 1912 2846 digna

122 2858 355 2909 philosopho
396 2860 604 2908 sedulitas,
649 2858 846 2898 attendere
887 2858 937 2896 ad
978 2859 1123 2897 similes
1165 2862 1389 2899 occasiones
1431 2859 1564 2898 alias.‘
1603 2859 1652 2897 Et
1682 2860 1738 2896 ita
1766 2856 1910 2894 factum

125 2921 194 2953 est.
255 2917 355 2955 Nam
387 2918 433 2956 de
463 2918 581 2967 hujus
613 2923 792 2967 aspectus
823 2916 1051 2955 efficacitate
1081 2920 1211 2956 testati
1231 2924 1321 2956 sunt
1351 2919 1629 2968 meteoroscopi
1661 2921 1749 2954 ante
1771 2923 1910 2951 causas

123 2974 302 3012 inventas
333 2975 511 3024 adeoque
542 2988 601 3014 me
633 2987 708 3014 non
739 2974 980 3013 mediocriter
1020 2978 1188 3013 exercuit
1226 2976 1290 3014 hic
1319 2978 1567 3024 semisextus,
1613 2978 1820 3012 utcausas
1851 2971 1910 3008 sic

125 3033 397 3072 constituerem
427 3038 666 3084 aspectuum,
699 3039 742 3071 ut
772 3034 887 3072 etiam
917 3032 979 3071 hic
1009 3035 1128 3083 recipi
1158 3035 1196 3071 in
1217 3045 1416 3072 numerum
1442 3037 1586 3083 posset,
1619 3042 1705 3071 cum
1726 3028 1909 3078 viderem,
