1994 3276
862 78 1067 153 stoicam
1784 105 1866 157 (41

1080 174 1105 184 ο

80 221 234 262 Munus
249 221 402 263 molen
426 225 530 263 cirea
560 226 733 276 corporis
760 225 1153 276 exemimmobiiom,
1183 226 1308 267 oculis
1336 229 1458 277 patet,
1488 224 1562 268 aa
1587 215 1872 270 ”monich-

75 280 166 320 Ns·
191 283 406 320 *tanen-‘n
434 281 492 320 illi
522 288 651 323 metus
689 284 795 324 inest
831 284 885 337 ob
912 284 1091 334 luminis,
1133 297 1252 335 quam
1283 290 1327 324 tn
1355 284 1553 332 celebras,
1596 282 1869 331 mobilitatem,
1951 305 1954 307 >

75 339 175 378 nam
209 338 273 378 bic
293 343 436 379 :motus
459 339 615 380 luminis
645 346 704 381 est
743 344 829 382 sine
857 347 1050 394 tempore,
1096 345 1178 383 veri
1198 349 1336 395 *motus
1365 348 1457 382 sunt
1487 343 1529 382 in
1558 347 1743 392 tempore.
1806 339 1885 403 Ad,

75 401 226 435 noim
239 408 347 437 vno
376 400 514 438 esteris
544 398 710 448 planetis
741 400 991 440 inserendum
1021 412 1120 452 opus
1150 413 1240 441 esse
1260 401 1345 442 Soli
1374 406 1482 441 motu
1509 400 1656 452 proprii
1683 400 1868 450 corporis,

77 453 117 493 id
156 459 216 493 est
253 453 480 506 dogmatum
521 469 640 496 unum
678 457 807 499 dictae
853 459 1066 509 Epitomes.
1139 459 1286 500 Terrae
1323 464 1478 499 monam
1514 463 1561 500 tu
1589 458 1780 510 retinas&
1811 459 1869 498 ,ia
1944 458 1951 462 ”

71 512 239 564 physico
259 517 453 553 ‚badam
490 514 785 556 una-oomni?
857 518 907 556 At
948 518 1111 558 eundem
1149 529 1226 568 ego
1264 517 1407 558 Tenue
1445 522 1594 557 motum
1635 515 1789 556 defendi
1829 516 1868 555 in

75 570 261 621 Elpis-ms
281 570 484 612 destinae
512 573 738 624 sphaericae
756 574 967 625 diurnum,
1012 578 1052 615 in
1080 576 1181 616 libro
1212 580 1296 622 ejus
1326 575 1398 616 IV.
1428 574 1651 627 (doctrinae
1668 573 1866 619 theoricae
1914 634 1918 637 ἱ

74 627 213 681 primo)
242 640 426 670 annuum.
486 630 731 672 contendant
774 634 873 672 inter
910 646 952 674 se
982 635 1069 675 libri
1099 636 1240 683 nostri,
1282 634 1462 685 judicent
1487 645 1580 673 vero
1612 636 1866 683 spectatores,

73 687 114 726 id
142 687 406 727 antistitores.
465 689 632 729 Falleris
650 696 787 731 tamen·
808 693 850 732 si⁴
861 698 990 742 putas,
1021 698 1154 744 erepto
1174 693 1269 732 mibi
1289 692 1432 732 Terrae
1453 696 1556 731 motu
1582 691 1720 731 eadere
1738 701 1866 731 msam

73 744 351 795 Harmoniam3
392 745 542 786 scilicet
579 759 656 786 non
694 748 823 798 legisti
860 762 910 790 ne
940 752 1099 790 titulum
1129 750 1285 799 quidem
1323 750 1412 803 libri
1446 751 1590 800 quinti,
1635 749 1866 801 ubiaperta

73 813 226 851 mmo,
257 809 302 842 nt
330 808 372 843 et
400 815 486 855 cap.
518 806 557 844 3.
590 805 656 845 tol.
689 809 786 855 275,
814 813 945 848 stante
975 812 1093 849 etiam
1122 809 1267 849 Brabei
1295 810 1502 856 sententia,
1533 809 1598 848 cui
1624 806 1745 847 Terra
1771 811 1865 855 stat,

74 860 205 900 valere
234 861 477 901 harmonicas
508 863 867 913 demonstrationes,
900 878 997 917 quas
1028 867 1162 907 doceo.
1222 868 1336 918 Piget
1365 866 1522 906 tandem
1558 870 1617 906 tot
1645 864 1865 905 contradic-

74 921 224 957 tionum
253 920 528 960 faciendarum.
589 923 689 961 Nam
719 923 812 973 quid
843 926 1002 965 interest
1030 925 1141 977 (pag-
1158 924 1247 977 20),
1276 930 1464 976 quantum
1495 930 1542 964 tu
1556 925 1779 974 pon-copem
1808 923 1866 962 ad

70 978 177 1016 huss
198 989 331 1028 usque
358 978 476 1028 dian,
508 982 574 1029 qni
604 984 882 1021 astronomiam
912 985 1070 1034 insuper
1107 983 1261 1024 habere
1292 984 1427 1023 lateris
1462 984 1658 1032 etiamque
1688 987 1863 1021 contem·

72 1035 159 1074 sisti
187 1035 337 1086 supra?
392 1037 542 1076 Ternos
572 1038 736 1078 circulos
755 1047 926 1091 ego‘non
957 1044 1053 1093 ipsis
1082 1042 1253 1081 motibus
1281 1041 1508 1092 periodicis,
1537 1040 1608 1080 sed
1637 1039 1863 1090 regionibus

73 1095 253 1143 assigno,
282 1095 384 1133 intra
415 1105 513 1145 quas
542 1099 766 1137 coercentur
804 1104 944 1140 motus.
1004 1101 1107 1150 Ergo
1139 1112 1271 1140 verum
1304 1100 1375 1139 —bie
1405 1099 1536 1139 dixisti
1570 1109 1639 1149 per
1668 1098 1862 1146 accidens,

28 1164 33 1168 ·
74 1152 207 1213 orbipt
238 1151 420 1203 planetae
459 1155 635 1204 aequalis
674 1160 734 1195 est
774 1157 917 1196 circuio
953 1160 1122 1208 regionis
1152 1170 1247 1198 suae
1283 1157 1434 1206 medio,
1473 1157 1686 1206 eademqne
1715 1168 1742 1196 a
1770 1156 1862 1196 Sole

71 1215 133 1247 est
152 1213 390 1250 cosantriea.
447 1211 498 1250 Et
526 1214 619 1261 quia
643 1213 727 1263 jam
758 1218 951 1254 excusasti
982 1222 1091 1256 tuam
1121 1217 1172 1256 ab
1202 1218 1441 1257 astronomia
1467 1220 1602 1254 nostra
1636 1216 1862 1265 peregrina-

70 1268 226 1316 tionem,
257 1270 404 1319 quippe
433 1270 471 1306 in
502 1269 619 1309 aliam
649 1272 720 1310 tibi
752 1267 808 1311 sic¹
837 1273 980 1314 dictam
1011 1277 1300 1323 astronomiam,
1330 1280 1374 1314 ut
1393 1279 1525 1314 tamen
1554 1273 1636 1313 tela
1663 1273 1735 1313 tibi
1764 1285 1862 1323 snp-

69 1330 214 1375 petam,
232 1327 275 1363 in
304 1333 581 1376 astronomum,
612 1330 823 1379 transfugis
852 1333 970 1380 igitur
998 1333 1049 1372 ad
1079 1333 1305 1384 theologos,
1330 1333 1474 1383 jubens
1503 1344 1566 1372 ms
1596 1343 1643 1370 ex
1672 1332 1862 1381 scriptura

69 1384 246 1433 probare,
276 1384 382 1433 quod
415 1385 522 1424 Deus
553 1392 702 1426 creator
731 1389 924 1428 coelorum
966 1403 1166 1431 numerum
1205 1403 1250 1431 ex
1282 1393 1454 1442 quinque
1486 1390 1713 1441 corporibus
1741 1401 1861 1439 regu-

69 1442 215 1480 laribu
245 1441 497 1493 desumserit3
535 1446 610 1483 nisi
640 1446 801 1494 faciam,
833 1459 910 1486 non
940 1454 981 1487 tu
1012 1450 1108 1488 mibi
1138 1450 1271 1490 credes
1305 1449 1380 1489 hoc
1409 1449 1608 1489 asserenti.
1669 1448 1775 1498 Ego,
1803 1449 1859 1495 ,mi

53 1499 259 1551 ΗΒάκι-(0,
302 1502 337 1539 si
365 1506 404 1540 te
433 1503 596 1541 scissem
636 1515 685 1542 ex
724 1504 800 1544 hoc
828 1506 916 1545 loco
958 1514 1240 1558 pugnaturum,
1285 1506 1402 1559 plane
1437 1519 1513 1547 uon
1544 1507 1860 1556 comparuissem,

57 1557 186 1607 'quod
207 1569 287 1597 nno
316 1559 436 1598 verbo
467 1560 610 1599 dictum
640 1567 736 1601 esto.

180 1615 270 1655 Non
300 1616 444 1655 desinis
472 1630 534 1657 me
563 1630 737 1668 gravare,
766 1633 829 1660 me
859 1624 1131 1662 consonantias
1161 1623 1383 1662 harmoniae
1409 1634 1519 1662 meae
1547 1622 1728 1662 coelestis
1747 1621 1860 1661 aedi-

67 1673 184 1725 ficare
200 1685 319 1724 snper
337 1677 605 1725 proportiones
623 1677 759 1716 horum
780 1681 951 1729 quinque
971 1692 1185 1731 corporum.
1238 1683 1367 1731 Atque
1394 1681 1488 1719 nihil
1509 1680 1601 1720 illae
1621 1681 1750 1719 minus
1767 1686 1859 1719 sunt

69 1742 187 1781 quam
214 1731 472 1781 harmonicae,
504 1740 667 1785 excepta
695 1737 935 1777 tetraiSdrica.
996 1740 1238 1788 cognatione
1268 1739 1424 1789 quidem
1444 1739 1577 1788 aliqua
1601 1737 1690 1782 laxa
1721 1738 1858 1788 probo,

68 1789 170 1827 trabi
189 1795 314 1829 certas
334 1790 555 1830 harmonias
575 1804 600 1831 a
619 1795 732 1832 certis
750 1795 895 1844 figuris,
922 1796 1004 1845 jam
1025 1802 1140 1835 antea
1160 1798 1258 1836 inter
1277 1798 1390 1836 orbes
1410 1797 1658 1847 interpositis,
1681 1801 1721 1834 at
1740 1797 1856 1846 ipsis-

68 1849 167 1885 sima
197 1849 236 1886 in
265 1848 468 1889 individuo
497 1853 694 1900 proportio
724 1855 852 1891 causis
882 1855 1015 1893 nititur
1044 1854 1160 1904 longe
1189 1855 1379 1905 pluribus.
1437 1855 1527 1894 Non
1555 1854 1742 1900 attulisti,
1773 1854 1858 1892 Ro-

67 1906 199 1952 berte,
230 1910 380 1945 tantum
411 1908 636 1956 diligentiae
665 1910 716 1948 ad
746 1910 951 1960 legendum
980 1913 1120 1951 librum
1151 1925 1277 1952 meum
1309 1914 1357 1961 V,
1399 1918 1546 1963 quanta
1576 1913 1757 1951 convenit
1787 1911 1878 1961 illi‚‘

69 1964 137 2012 qui
178 1963 282 2004 hunc
311 1965 396 2004 vult
437 1967 679 2015 convellere3
722 1981 842 2018 qnare
886 1972 1144 2019 praestitisset
1185 1977 1223 2010 te
1260 1971 1308 2011 de
1338 1973 1481 2021 ignotis
1524 1971 1717 2019 tacuisse,
1763 1971 1857 2020 quia
1933 1983 1935 1987 ’

71 2020 199 2060 bonor
228 2034 307 2061 non
335 2035 462 2071 meus,
495 2024 563 2063 sed
593 2028 774 2064 creatoris
804 2030 943 2075 agitur.

186 2080 256 2118 Ad
287 2081 526 2132 Analysin
557 2082 673 2122 XIII.
734 2084 853 2123 Aliud
882 2091 1009 2125 textus
1040 2099 1148 2125 meus
1177 2088 1313 2132 texuit,
1347 2086 1452 2126 aliud
1481 2087 1654 2137 analysis
1674 2090 1742 2124 tua
1772 2085 1854 2124 dis-

69 2136 221 2176 solvere
263 2139 496 2188 aggreditur.
556 2140 680 2190 Super
720 2144 847 2181 causis
887 2146 1240 2192 consonantiarum,
1286 2156 1363 2183 non
1399 2144 1483 2194 jam
1511 2156 1628 2194 snper
1657 2144 1853 2183 concinnis

22 2208 25 2211 ’
70 2196 252 2243 miriimis,
284 2209 373 2235 cum
402 2199 599 2236 veteribus
629 2200 722 2238 mibi
754 2204 1038 2251 contentionem
1070 2215 1155 2242 esse
1186 2202 1283 2250 dixi,
1316 2202 1441 2252 deque
1470 2205 1519 2241 iis
1548 2208 1587 2241 te
1617 2214 1665 2241 ne
1696 2202 1853 2251 quidem

70 2253 251 2302 cogitare,
283 2254 543 2307 adeoxverum
574 2256 663 2304 dixi,
696 2263 739 2296 ut
768 2260 883 2297 etiam
914 2273 975 2299 me
1006 2261 1053 2299 de
1084 2262 1133 2299 iis
1163 2261 1265 2298 clare
1296 2261 1486 2300 dicentem
1514 2273 1563 2299 ne
1593 2260 1751 2310 quidem
1781 2268 1854 2297 ex-

69 2310 226 2358 audias,
253 2313 464 2361 respondes
482 2315 595 2352 „enim
625 2315 674 2354 de
702 2318 900 2355 concinnis
930 2318 1115 2366 dissonis,
1153 2330 1229 2356 non
1262 2319 1309 2357 de
1340 2320 1613 2357 consonantiis.
1675 2320 1759 2367 Age
1790 2323 1853 2355 ta-

69 2379 168 2416 men,
192 2371 435 2418 *pensitemns
464 2373 580 2411 etiam
610 2372 689 2422 illa,
722 2386 831 2424 quae*
850 2376 921 2414 abs
952 2382 990 2415 te
1021 2376 1070 2414 de
1100 2381 1186 2414 ortu
1217 2378 1489 2415 concinnorum
1519 2382 1610 2415 sunt
1638 2375 1754 2416 dicta.

179 2426 301 2466 Recte
335 2428 483 2467 formas
517 2442 643 2468 meam
686 2434 955 2481 negationem:
997 2434 1212 2472 intervallis
1251 2436 1431 2473 consonis
1460 2445 1536 2471 non
1565 2435 1736 2484 positam
1766 2444 1852 2473 csse

70 2494 310 2523 communem
340 2498 560 2525 mensuram
590 2490 839 2528 numeralem.
902 2492 955 2529 At
983 2493 1173 2530 rationem
1203 2494 1356 2530 unicam
1398 2505 1422 2530 a
1450 2503 1512 2529 me
1550 2492 1739 2541 prolatam
1782 2492 1852 2538 ais,

69 2552 170 2590 quae
198 2544 296 2581 ratio
326 2548 454 2582 tamen
483 2556 560 2583 non
593 2551 663 2584 est.
721 2547 809 2586 Hoc
839 2549 996 2587 voluisti
1029 2549 1166 2596 dicere,
1196 2555 1235 2588 te
1259 2555 1412 2600 praeter
1431 2550 1583 2587 unicam
1614 2549 1720 2588 illam
1741 2550 1852 2587 simi-

68 2598 287 2646 litudinem,
335 2600 382 2639 de
411 2603 639 2650 pusionibus
668 2605 860 2644 hominem
892 2608 1228 2657 componentibus,
1269 2608 1364 2645 nihil
1393 2606 1618 2656 intelligere.
1679 2607 1795 2645 Ratio
1827 2619 1851 2644 a

67 2667 131 2694 me
159 2656 263 2695 dicta
290 2657 390 2696 haec
418 2664 495 2697 est:
534 2664 802 2711 proportiones
832 2665 932 2703 inter
959 2677 1001 2704 se
1033 2677 1110 2704 non
1139 2665 1372 2716 multiplices
1403 2670 1494 2703 sunt
1522 2666 1852 2704 incommensura-

68 2713 186 2761 biles,
210 2715 416 2754 intervalla
446 2728 617 2756 consona
645 2725 736 2758 sunt
763 2725 1030 2770 proportiones
1068 2725 1167 2762 inter
1196 2736 1238 2761 se
1271 2735 1349 2762 non
1379 2723 1629 2771 multiplices,
1672 2729 1850 2773 praeter-

68 2783 186 2820 quam
217 2773 421 2811 intervalla
451 2774 661 2822 diapason,
705 2789 795 2827 ergo
827 2780 1030 2819 intervalla
1060 2792 1228 2820 consona
1269 2786 1421 2830 praeter
1450 2780 1638 2830 diapason
1668 2786 1759 2820 sunt
1787 2783 1850 2820 in·

0 2863 5 2867 ⁷.
69 2830 446 2868 commensurabilia.
505 2831 614 2870 Haec
644 2836 918 2876 ratio.invicta
946 2844 1026 2885 est,
1072 2851 1190 2888 quare
1220 2838 1314 2876 nihil
1346 2837 1504 2887 impedit
1546 2838 1607 2876 vel
1641 2840 1846 2886 „unicam“

0 2889 2 2892 '
69 2898 166 2925 eoee.
226 2887 363 2935 Neque
391 2893 520 2926 tamen
551 2890 640 2928 hinc
670 2891 795 2930 solum
824 2894 966 2944 infero,
990 2903 1167 2935 'consona
1198 2897 1393 2934 concinnis
1423 2906 1508 2933 csse
1538 2901 1681 2935 natura
1706 2899 1847 2946 priora.

68 2943 166 2982 Nam
197 2946 311 2983 etiam
343 2950 516 2984 veterum
547 2948 688 2996 aliqui,
729 2951 796 2998 qui
824 2955 1096 2992 consonantias
1136 2966 1220 2993 esse
1258 2954 1666 2992 incommensurabiles
1706 2967 1847 3004 negare

2 3014 6 3019 ⁵
65 3012 147 3039 non
175 3006 380 3053 poterant,
409 3006 596 3043 concinna
624 3011 763 3044 natura
791 3009 918 3057 priora
946 3011 1129 3050 fecerunt.
1189 3011 1266 3049 Sed
1295 3011 1392 3049 haec
1422 3014 1482 3049 est
1523 3011 1708 3050 illationis
1737 3025 1847 3053 meac

0 3076 3 3077 ⁷
70 3069 198 3108 msa,
230 3062 322 3109 quia
351 3072 532 3112 consona,
562 3067 605 3102 ut
633 3064 872 3103 diatessaron
903 3064 979 3121 ΒΛ,
1011 3069 1191 3118 diapente
1211 3066 1287 3122 ‘³s3‚
1319 3073 1579 3108 monstrantur
1605 3081 1675 3120 per
1702 3071 1846 3122 figuras
