1994 3276
140 108 224 156 ,136
250 135 253 138 ψ
462 156 465 158 ‚
735 102 739 104 ⁸
854 109 910 144 De
933 108 1232 155 Propertionibus
1285 112 1289 115 '

257 221 300 256 In
325 221 506 264 abstracto
532 222 584 258 sic
606 203 838 269 intelligatur,
864 225 959 271 quod
977 226 1133 262 circulus
1158 236 1240 262 cum
1263 230 1367 271 parte
1389 235 1457 260 sua
1481 225 1679 262 constituat
1694 223 1944 273 proportiones

143 277 260 309 certas
284 273 530 319 harmonicas,
554 285 677 320 quae,
711 276 747 320 in
773 278 1048 324 quibuscunque
1071 279 1300 315 inveniantur
1329 277 1490 313 terminis
1527 277 1621 322 aliis,
1654 287 1720 313 seu
1750 275 1848 312 sonis
1882 285 1948 313 seu

144 325 304 362 motibus
329 325 456 370 mutis,
483 336 626 372 semper
649 328 721 363 sint
744 329 986 366 harmonicae.
1468 349 1472 351 ’

262 377 416 413 Additur
440 383 563 413 autem
586 379 657 416 hoc
681 381 822 418 axioma
844 383 944 424 ideo,
982 383 1067 428 quia
1092 394 1165 419 non
1191 392 1314 418 omnes
1347 382 1599 428 proportiones
1634 382 1864 417 harmonicae
1888 391 1950 416 nn-

147 430 302 466 mediate
337 441 382 466 ex
406 430 486 475 ipso
513 430 646 467 circulo
681 434 845 470 oriuntur
867 435 982 479 prima
1006 436 1128 471 statim
1165 435 1243 480 ejus
1275 435 1435 471 sectione
1468 444 1533 480 per
1554 433 1707 480 figuram
1738 434 1950 480 regularem,

150 484 213 519 sed
239 483 416 519 accedunt
440 483 584 528 aliquae
609 495 654 520 ex
679 496 718 521 se
742 486 921 531 prioribus
948 493 1170 533 propagatae
1195 497 1311 533 usque
1337 487 1383 522 ad
1407 491 1541 523 certam
1563 492 1712 528 metam,
1746 491 1786 522 ut
1810 487 1847 522 in
1871 497 1952 532 pro-

148 535 388 582 positionibus
414 536 621 573 videbimus.
671 538 767 575 Usus
793 540 981 577 axiomatis
1008 546 1063 576 est
1086 541 1122 576 in
1147 549 1293 586 propos.
1319 541 1352 577 7.
1378 538 1408 576 8.

265 587 475 626 Axioma
507 586 576 625 VI.
638 588 737 627 Cum
768 588 864 629 duae
895 591 1062 630 chordae
1093 602 1210 629 sonos
1248 589 1436 629 ediderint
1465 589 1678 636 identicos,
1720 600 1800 627 vox
1828 590 1953 636 tertia,

149 655 367 683 consonans
398 657 528 684 earum
557 647 648 694 uni,
681 649 910 687 consonabit
940 655 978 688 et
1007 649 1136 697 alteri,
1170 649 1374 686 dissonans
1397 659 1489 687 vero
1521 648 1572 687 ab
1602 658 1700 695 una,
1743 647 1958 686 dissonabit

150 706 189 741 et
209 702 259 740 ab
290 702 423 750 altera,
455 702 791 755 qualibuscunque
823 707 986 745 diversis
1017 709 1134 746 etiam
1166 707 1429 745 consonantiis
1461 705 1524 745 vel
1555 705 1818 751 dissonantiis.

264 757 371 800 Nota,
396 757 433 792 iu
458 758 620 803 subjecto
645 761 731 804 poni
756 762 912 806 speciem
935 762 1140 808 identisoni,
1165 761 1203 797 in
1227 761 1435 806 praedicato
1462 770 1576 807 genus
1602 759 1774 805 consoni,
1804 764 1845 795 ut
1867 760 1957 795 haec

154 809 226 845 duo
250 809 509 854 intelligamus:
543 811 675 857 primo,
708 823 780 848 non
805 813 927 858 sequi:
963 814 1055 850 duae
1087 818 1288 850 consonant
1319 814 1636 859 qualitercunque,
1669 822 1753 857 ergo
1786 816 1823 852 et
1852 811 1959 848 tertia

153 867 329 898 consonat
353 863 514 908 utrique,
552 863 609 898 vel
634 864 797 900 dissonat
820 867 865 901 ab
891 872 1055 913 utraque.
1105 867 1184 902 Hoc
1209 867 1301 902 enim
1337 871 1392 902 est
1417 865 1548 902 falsum
1583 865 1627 901 de
1652 874 1801 910 genere,
1838 874 1959 901 verum

154 924 239 950 vero
265 915 309 951 de
333 916 455 961 specie
477 916 782 963 identisonorum3
810 919 938 957 deinde
961 916 1027 967 nec
1051 921 1121 956 hoc
1145 920 1330 965 sequitur:
1364 920 1395 954 si
1419 917 1527 954 tertia
1551 922 1726 952 consonat
1749 915 1810 952 uni
1834 915 1960 953 identi-

158 978 327 1004 sonorum
353 969 474 1014 aliqua
499 975 598 1005 certa
623 973 870 1017 consonantia,
896 972 1111 1009 consonabit
1136 977 1172 1008 et
1189 970 1293 1007 alteri
1319 970 1444 1006 eadem
1461 970 1582 1015 specie
1601 970 1867 1012 consonantiae,
1891 969 1961 1004 hoc

156 1020 248 1056 enim
274 1029 345 1057 non
371 1033 515 1068 semper
538 1034 660 1060 verum
687 1029 793 1066 esset,
819 1025 914 1068 quod
942 1024 1133 1060 declarabo
1159 1023 1336 1069 exemplo,
1362 1023 1446 1060 licet
1469 1035 1515 1059 ex
1531 1023 1750 1068 anticipato:
1775 1022 1848 1062 sint
1871 1021 1963 1056 duae

155 1083 273 1118 voces,
300 1074 476 1111 facientes
503 1076 675 1122 diapason
703 1077 735 1114 G'
760 1081 796 1112 et
817 1089 858 1123 9³
891 1077 939 1112 sit
961 1077 1068 1112 tertia
1092 1077 1132 1118 d,
1156 1076 1216 1111 illa
1239 1076 1327 1112 facit
1358 1087 1439 1111 cum
1466 1076 1498 1113 G
1523 1075 1708 1120 diapente,
1745 1084 1831 1119 ergo
1855 1073 1963 1109 etiam

155 1137 180 1172 9
203 1132 388 1185 consonat,
414 1132 452 1174 at
476 1139 547 1163 non
572 1140 637 1174 per
661 1130 839 1175 diapente,
866 1129 932 1165 sed
956 1140 1022 1175 per
1047 1129 1290 1166 diatessaron.
1335 1129 1431 1164 Usus
1458 1133 1580 1164 autem
1613 1127 1828 1174 praecipuus
1853 1126 1962 1171 hujus

159 1182 350 1213 axlomatls
377 1184 432 1214 est
452 1191 557 1226 prop.
585 1182 618 1216 4.

276 1227 495 1268 Axioma
528 1230 615 1269 VlI.
678 1231 776 1271 Cum
814 1232 915 1272 duae
946 1231 1113 1272 chordae
1144 1231 1208 1270 vel
1239 1242 1356 1270 voces
1388 1230 1579 1270 ediderint
1616 1241 1734 1268 sonos
1763 1228 1965 1276 identicos,

160 1296 237 1323 vox
258 1287 383 1335 tertia,
416 1290 692 1329 existens-cum
723 1291 876 1330 illarum
898 1302 976 1330 una
1006 1290 1237 1338 identisona,
1268 1291 1386 1328 etiam
1416 1300 1501 1328 cum
1522 1288 1671 1327 illarum
1702 1287 1826 1327 altera
1855 1286 1967 1326 iden-

160 1344 235 1382 tice
266 1346 504 1384 consonabit.

277 1398 382 1444 Quod
407 1400 443 1436 in
466 1401 576 1446 priori
601 1402 780 1438 axiomate
805 1402 1022 1447 generaliter
1045 1414 1119 1438 non
1142 1402 1262 1448 potuit
1278 1400 1460 1446 affirmari,
1489 1400 1526 1436 id
1545 1400 1623 1445 jam
1645 1400 1683 1435 in
1701 1401 1820 1467 specie
1846 1410 1967 1436 verum

162 1455 217 1487 est
241 1451 285 1487 de
307 1451 595 1490 identisouantia.
646 1455 740 1491 Usus
767 1461 821 1491 est
844 1457 879 1491 in
904 1468 1008 1502 prop.
1033 1458 1065 1493 3.

278 1502 338 1541 De
361 1502 419 1540 his
450 1505 568 1553 igitur
596 1507 868 1554 axiomatibus,
903 1508 1127 1557 praesertim
1158 1505 1206 1544 de
1237 1506 1406 1554 quinque
1436 1503 1637 1555 prioribus,
1669 1486 1880 1554 speculatio
1912 1507 1969 1541 est

163 1558 349 1607 sublimis,
383 1560 585 1601 Platonica
617 1563 782 1613 fideique
814 1564 1055 1604 Christianae
1087 1565 1268 1614 analoga,
1300 1562 1350 1601 ad
1381 1561 1688 1612 metaphysicam
1719 1560 1843 1610 adque
1875 1559 1970 1599 doc-

163 1619 304 1656 trinam
343 1618 390 1658 de
421 1622 550 1658 anima
594 1627 786 1672 spectans.
847 1622 1070 1662 Geometria
1110 1624 1233 1670 enim,
1281 1621 1389 1670 cujus
1428 1625 1576 1671 partem
1614 1617 1691 1658 huc
1732 1625 1970 1670 spectantem

165 1675 253 1714 libri
275 1675 348 1715 duo
381 1679 526 1727 priores
557 1686 648 1718 sunt
680 1681 888 1731 complexi,
933 1682 1019 1720 Deo
1063 1686 1270 1720 coaeterna
1310 1680 1423 1728 inque
1462 1683 1590 1725 mente
1621 1677 1754 1716 divina
1785 1676 1968 1724 relucens,

167 1734 344 1785 exempla
371 1735 456 1774 Deo
497 1738 781 1788 suppeditavit,
823 1746 862 1778 ut
902 1741 939 1777 in
977 1740 1094 1789 hujus
1117 1739 1223 1778 -libri
1263 1736 1514 1790 praeambulo
1554 1735 1718 1781 dictum,
1762 1735 1970 1774 exornandi

168 1792 313 1841 mundi,
346 1799 385 1832 ut
406 1795 436 1832 is
468 1794 576 1834 fieret
607 1798 775 1847 optimus
807 1803 845 1836 et
876 1798 1172 1849 pulcherrimus,
1206 1797 1370 1846 denique
1393 1795 1586 1833 Creatoris
1607 1794 1836 1833 simillimus.
1899 1793 1971 1832 Dei

167 1862 260 1890 vero
282 1850 474 1890 creatoris
506 1854 694 1902 imagines
725 1861 834 1907 sunt,
873 1862 1061 1906 quotquot
1090 1857 1265 1906 spiritus,
1307 1855 1481 1898 animae,
1513 1858 1660 1891 mentes
1690 1853 1769 1890 suis
1799 1851 1972 1901 singulae

169 1910 395 1958 corporibus
425 1916 514 1949 sunt
544 1912 773 1961 praefectae,
807 1919 850 1952 ut
880 1914 950 1953 illa
979 1915 1250 1965 gubernarent,
1282 1915 1495 1960 moverent,
1528 1915 1728 1961 augerent,
1760 1920 1971 1949 conserva·—

168 1973 253 2005 rent
283 1967 459 2017 adeoque
490 1975 528 2007 et
558 1977 830 2020 propagarent.

292 2024 388 2063 Cum
420 2027 535 2075 igitur
566 2034 699 2078 typum
732 2030 926 2078 quendam
957 2031 1161 2068 creationis
1191 2029 1268 2066 sint
1298 2026 1523 2076 complexae
1554 2026 1634 2064 suis
1664 2026 1829 2072 muniis,
1860 2024 1967 2073 leges

175 2083 290 2123 etiam
323 2094 407 2122 cum
439 2090 610 2124 creatore
642 2086 796 2125 easdem
819 2089 1028 2126 observant
1049 2089 1187 2137 operis,
1220 2098 1266 2124 ex
1287 2085 1500 2136 geometria
1528 2080 1738 2132 desumtas,
1765 2083 1960 2132 gaudent·—

177 2153 252 2193 que
282 2143 597 2192 proportionibus
629 2143 777 2192 iisdem,
811 2147 954 2195 quibus
986 2146 1094 2184 Deus
1125 2150 1184 2184 est
1215 2155 1332 2191 usus,
1373 2142 1595 2191 ubicunque
1626 2141 1714 2180 illas
1744 2142 1971 2189 invenerint,

157 2201 262 2238 ,sire
292 2200 397 2238 nuda
426 2201 712 2250 speculatione,
755 2204 839 2242 sive
870 2205 1108 2254 interpositis
1139 2202 1338 2250 sensibus,
1382 2201 1420 2238 in
1458 2201 1573 2239 rebus
1613 2201 1746 2238 sensui
1776 2199 1972 2249 subJectis,

179 2258 262 2296 sive
294 2259 409 2296 etiam
440 2260 522 2297 siue
554 2258 728 2298 discursu
759 2263 911 2309 mentis,
942 2273 1011 2312 per
1042 2260 1236 2299 occultum
1268 2265 1306 2298 et
1337 2263 1581 2297 concreatum
1612 2259 1858 2306 instinctum3
1888 2258 1974 2295 sive

180 2315 289 2354 Deus
320 2316 402 2366 ipse
432 2319 700 2367 proportiones
732 2318 849 2358 hasce
876 2322 917 2357 in
951 2320 1173 2369 corporibus
1219 2324 1256 2356 et
1291 2317 1461 2355 motibus
1492 2318 1722 2366 expresserit
1761 2315 1975 2354 invariabi-

183 2373 283 2421 liter,
315 2376 398 2413 sive
430 2375 597 2424 quadam
627 2379 861 2425 geometrica
898 2379 1129 2416 necessitate
1160 2377 1346 2415 materiae
1385 2377 1422 2412 in
1455 2373 1643 2412 infinitum
1675 2373 1857 2412 dividuae
1887 2372 1975 2411 mo-

184 2437 386 2481 tuumque'
409 2445 477 2482 per
509 2435 692 2472 materiae
725 2437 979 2484 quantitatem
1018 2436 1117 2474 inter
1147 2434 1317 2472 infinitas
1347 2434 1618 2484 proportiones
1657 2443 1734 2470 non
1778 2431 1974 2470 harmoni-

183 2501 248 2528 cas
289 2492 519 2529 occurrerint
557 2493 672 2530 etiam
702 2492 948 2533 harmonicae
988 2494 1085 2532 istae
1116 2495 1197 2531 suis
1228 2492 1486 2542 temporibus,
1533 2496 1571 2529 et
1591 2492 1646 2528 sic
1677 2501 1752 2528 non
1786 2491 1823 2527 in
1856 2499 1974 2532 esse,

182 2547 252 2587 sed
283 2549 320 2585 in
352 2548 477 2588 fieri
508 2551 731 2588 consistant.
791 2551 871 2590 Nec
902 2557 1049 2590 tantum
1080 2551 1249 2600 gaudent
1280 2555 1440 2596 menits
1474 2549 1548 2587 Dei
1580 2550 1780 2595 imagines,
1813 2557 1976 2598 propor-

184 2607 356 2644 tionibus
388 2608 453 2654 iis,
498 2607 565 2645 sed
597 2614 755 2646 utuntur
795 2611 910 2647 etiam
942 2609 1077 2647 iisdem
1110 2620 1176 2659 pro
1210 2608 1361 2656 legibus
1398 2606 1447 2645 ad
1488 2605 1708 2657 peragenda
1744 2617 1815 2644 sua
1844 2605 1976 2643 munia

186 2666 533 2715 proportionesque
575 2665 729 2704 easdem
762 2668 800 2704 in
831 2669 1001 2706 motibus
1032 2678 1187 2705 suorum
1230 2677 1453 2715 corporum,
1498 2676 1575 2714 qua
1605 2665 1713 2709 iicet,
1756 2665 1975 2713 exprimen-

190 2722 272 2761 das.
333 2722 522 2773 Exempla
552 2723 752 2763 luculenta
784 2725 860 2763 duo
891 2726 1084 2774 proferent
1114 2724 1199 2762 libri
1221 2729 1441 2773 sequentes,
1473 2734 1590 2760 unum
1618 2723 1740 2770 ipsius
1761 2721 1833 2760 Dei
1856 2720 1976 2758 Crea—

185 2781 301 2828 toris,
345 2782 411 2831 qui
441 2783 753 2832 proportionibus
784 2783 1015 2821 harmonicis
1048 2782 1271 2831 dispertitus
1311 2787 1369 2819 est
1399 2779 1770 2825 motuscoelorum,
1814 2778 1976 2817 alterum

190 2840 341 2877 animae
372 2838 496 2887 illius,
540 2851 656 2889 quam
687 2846 863 2880 naturam
895 2841 1142 2879 sublunarem
1174 2840 1298 2878 dicere
1329 2838 1522 2884 solemus,
1560 2838 1695 2876 cientis
1725 2842 1896 2875 met‘eora
1926 2835 1974 2873 ad

190 2898 469 2947 praescriptum
501 2900 811 2948 proportionum,
855 2911 954 2949 quae
986 2903 1187 2937 occurrunt
1229 2899 1265 2934 in
1297 2897 1575 2935 radiationibus
1618 2899 1819 2932 astrorum.
1878 2893 1976 2932 Ter-

192 2955 287 2991 tium
318 2956 435 3003 igitur
466 2961 504 2994 et
533 2956 648 3006 huJus
679 2957 765 2996 libri
798 2959 992 3007 proprium
1025 2956 1241 3006 exemplum
1281 2961 1363 2994 esto
1396 2957 1548 2993 animae
1578 2952 1769 2990 hnmanae
1801 2949 1975 3000 adeoque

191 3016 230 3049 et
267 3012 466 3060 pecudum
503 3015 797 3064 quadamtenus,
857 3015 953 3054 Illae
996 3016 1096 3053 enim
1134 3015 1326 3064 perceptis
1365 3011 1677 3063 proportionibus
1716 3021 1854 3048 vocum
1882 3008 1976 3047 har-

193 3071 355 3111 monicis
385 3071 567 3122 gaudent,
597 3085 675 3113 non
705 3074 937 3114 harmonicis
967 3074 1202 3121 tristantur,
1231 3084 1255 3111 a
1286 3072 1425 3122 quibus
1464 3071 1615 3109 animae
1654 3068 1855 3108 affectibus
1883 3065 1975 3106 illae
