1994 3276
97 31 179 74 346
641 27 645 31 ”
784 33 982 72 Ptolemaei
1003 34 1207 72 Harmonia.

93 146 322 186 harmonicas
346 148 391 186 ab
416 149 495 186 aliis
521 146 708 197 creaturis,
734 161 838 198 quae,
863 152 994 189 mentis
1019 158 1217 200 compotes,
1241 152 1322 190 illas
1345 154 1531 201 percipere
1545 159 1630 192 sunt
1644 158 1763 201 aptae.
1800 156 1892 193 Vide

91 199 173 236 libri
196 201 266 238 mei
288 203 408 248 quarti
431 202 549 249 capite
572 203 689 240 tertio.
1447 235 1462 245 .

118 304 126 312 ι
159 305 166 312 ⁸
210 253 306 290 Nota
329 255 392 292 IV.
440 257 492 293 In
515 258 613 302 solis,
639 257 699 302 ait,
724 259 782 304 iis,
807 270 899 305 quae
921 271 959 296 se
977 260 1100 306 primo
1125 265 1267 297 movent
1302 271 1462 306 quaeque
1490 264 1576 298 aunt
1598 263 1756 300 rationis
1772 265 1892 310 parti·

92 315 200 351 mpm,
227 307 408 344 evidenter
431 309 592 355 conspici
612 314 785 347 naturam
800 312 1062 350 harmonicam.
1109 313 1201 348 Nam
1220 313 1346 357 omnia
1361 312 1506 358 quidem
1530 313 1604 351 suis
1622 320 1787 352 constare
1810 328 1892 363 pro-

92 357 340 404 portionibus,
365 361 401 396 in
428 361 484 396 his
509 363 685 399 contineri
711 363 877 403 salutem,
915 365 948 399 in
976 365 1164 402 contrariis
1189 365 1390 410 interitum,
1417 362 1481 402 sed
1505 363 1640 403 id‘non
1663 367 1703 404 in
1727 363 1892 407 o‘mnibus

93 419 174 445 esse
199 412 452 457 conspicuum,
492 425 565 450 non
589 419 687 451 certe
722 416 758 451 in
789 419 961 453 materiae
993 418 1287 465 alterationibus3
1324 429 1418 464 quae
1451 418 1626 464 subjectio
1663 419 1818 457 refertur
1847 422 1893 458 ad

92 463 372 521 praemissorum
395 468 594 503 membrum
619 468 788 512 alterum,
820 471 917 516 quod
943 471 1103 518 dixerat,
1137 474 1254 508 omnia
1280 474 1354 510 suis
1390 479 1556 512 constare
1588 473 1892 519 proportionibus,

94 518 202 573 etiam
226 517 422 554 secundum
448 525 602 559 motum,
627 521 697 557 hoc
721 526 777 557 est
801 523 921 559 omnia
945 524 1042 569 gigni
1065 526 1229 569 tandem,
1263 527 1294 562 si
1319 531 1439 563 certae
1464 528 1717 565 a-lterationum
1741 537 1890 573 propor-

93 571 211 604 nones
234 573 519 618 praecesserint3
551 574 608 626 vel
633 575 663 609 si
687 579 807 610 certae
833 576 904 612 sint
938 577 973 612 in
998 587 1037 613 re
1060 579 1140 623 ipsa
1164 580 1416 625 proportiones
1450 581 1664 626 qualitatum
1689 585 1726 616 et
1751 580 1892 625 quanti-

93 624 218 667 tatum,
244 627 320 658 tum
345 635 557 669 permanere
581 627 632 662 rei
659 638 760 664 suam
784 628 951 673 formam;
980 631 1010 666 si
1035 642 1119 666 vero
1144 632 1338 668 turbentur
1360 633 1455 679 illae,
1480 633 1608 679 perire.
1657 634 1737 669 Hoc
1758 633 1894 668 Aristo-

94 671 203 718 teles,
228 679 336 734 puto,
367 680 490 715 crasin
515 679 674 725 appellat
699 681 967 718 elementorum.
1015 684 1145 729 Neque
1170 691 1293 720 tamen
1317 685 1398 722 ideo
1430 686 1521 723 haec
1543 687 1753 723 harmonica
1775 696 1898 725 rerum

94 731 280 771 proportio
305 741 371 774 pro
395 730 574 768 efficiente
599 743 708 769 causa
735 735 983 781 constituitur3
1010 737 1048 772 in
1066 737 1200 772 talibus
1218 738 1414 774 materiatis
1445 743 1482 774 et
1504 739 1729 776 naturalibus
1753 737 1896 780 sufficit,

94 782 135 813 ut
159 790 269 816 causa
295 782 351 828 sit,
378 784 454 819 sine
480 794 551 829 qua
574 795 657 820 non.
708 786 870 822 Observa
896 798 978 823 vero
1003 788 1062 824 hic
1083 789 1229 825 modum
1253 789 1440 834 loquendi:
1469 791 1720 828 »meonica
1740 791 1838 828 ratio
1862 795 1896 827 et

87 842 158 890 per
183 834 306 892 omma
330 840 364 872 et
388 838 655 874 accuratissime
680 843 802 883 tuetur
824 840 865 876 in
881 841 1049 887 subiectis
1073 844 1181 879 rebus
1199 844 1458 889 proportiones
1472 844 1736 881 harmonicas«
1783 839 1895 887 Quasi

95 887 142 918 sit
159 883 287 944 'ahqua
313 898 438 934 causa,
477 901 584 935 quam
609 891 782 927 rationem
810 893 986 939 appellat,
1022 894 1104 930 fusa
1129 904 1194 939 per
1217 905 1274 930 res
1300 895 1488 932 universas
1524 900 1560 931 et
1585 899 1753 940 separata
1777 905 1799 930 a
1823 895 1894 931 sin-

95 936 199 982 gulis,
224 938 433 978 harmoniae
458 942 494 993 in
518 942 590 977 illis
615 948 750 979 auctor.
800 946 843 982 In
869 957 1006 983 summa
1030 947 1111 992 ipsa
1134 947 1186 982 rei
1210 947 1388 982 evidentia
1405 947 1614 985 Ptolemaeo
1653 952 1689 983 et
1709 948 1892 992 ignoranti

96 999 219 1025 vocem
234 992 341 1044 ,illam
367 995 598 1039 Virgilianam
623 999 806 1042 exprimit:
841 1000 957 1036 Deum
983 1001 1035 1035 ire
1059 1010 1125 1044 per
1149 1011 1274 1036 omnes
1303 997 1418 1037 terras
1441 1005 1654 1045 tractusque
1682 1001 1791 1037 maris
1817 1011 1896 1037 coe-

94 1041 240 1090 lumque
263 1048 493 1091 profundum.
1410 1057 1413 1064 '

213 1099 345 1145 Itaque
369 1106 531 1149 agnoscit
557 1106 662 1143 aliam
688 1108 864 1143 rationem
889 1106 1134 1150 sublunarem,
1168 1117 1261 1152 quae
1286 1106 1392 1142 etiam
1418 1110 1572 1142 mentem
1606 1106 1761 1142 hominis
1787 1106 1896 1142 ratio-

96 1160 249 1196 nemque
274 1154 365 1198 (ejus
390 1157 598 1196 facultatem
623 1162 744 1206 unam)
770 1161 805 1196 in
830 1160 1077 1196 harmonicum
1103 1163 1268 1194 ornatum
1292 1159 1495 1205 descripsit.

182 1256 189 1264 .
213 1205 310 1243 Nota
333 1208 375 1245 V.
427 1211 592 1258 Causam,
618 1225 682 1250 cur
706 1225 777 1250 non
802 1213 1132 1250 animadvertantur
1156 1212 1407 1258 proportiones
1431 1212 1468 1249 in
1492 1213 1662 1257 materia,
1688 1213 1822 1259 allegat
1839 1213 1897 1248 in-

98 1255 332 1315 stabilitatem
355 1262 445 1307 ejuS.
495 1266 574 1309 Hoc
599 1266 719 1302 multis
744 1267 858 1302 modis
883 1265 1034 1310 intelligi
1058 1272 1192 1311 potest.
1242 1265 1310 1301 Vel
1336 1266 1449 1308 enim,
1474 1265 1571 1311 quod
1596 1270 1681 1301 sunt
1708 1266 1898 1302 materiata

97 1318 135 1343 m
160 1311 331 1348 continuo
356 1323 549 1361 augmento
575 1323 637 1353 aut
663 1319 908 1361 decremento,
933 1323 972 1354 ut
995 1319 1031 1354 in
1058 1319 1202 1355 animali
1219 1314 1354 1354 sanitas
1379 1323 1416 1353 et
1431 1319 1578 1354 morbus
1605 1318 1896 1356 instabilissimas

98 1359 232 1420 habent
257 1368 517 1412 successiones,
543 1374 583 1405 ut
608 1371 740 1407 animal
766 1370 840 1405 fere
867 1382 1049 1415 nunquam
1074 1372 1130 1407 vel
1154 1382 1245 1417 pure
1270 1381 1394 1406 sanum
1420 1370 1467 1405 sit
1490 1369 1547 1406 vel
1572 1381 1663 1415 pure
1679 1369 1896 1410 morbidum;

96 1411 207 1458 ldque
232 1421 305 1453 tam
329 1422 525 1458 secundum
551 1423 690 1468 copiam
714 1424 904 1460 humorum
929 1424 1022 1459 inter
1040 1434 1078 1459 se
1105 1425 1338 1468 diversorum,
1362 1435 1469 1469 quam
1487 1423 1684 1460 secundum
1701 1423 1895 1469 qualitates

100 1470 261 1524 corporis
285 1482 330 1507 ex
356 1473 433 1509 aliis
459 1477 578 1512 causis
604 1477 811 1512 existentes.
862 1476 996 1520 Quodsi
1029 1476 1105 1511 fere
1131 1486 1315 1520 nunquam
1340 1476 1462 1511 existit
1485 1476 1521 1511 in
1546 1475 1690 1512 animali
1713 1476 1766 1522 id,
1803 1476 1899 1522 quod

95 1526 238 1561 Justum
273 1529 310 1560 et
334 1526 535 1563 dimensum
568 1533 640 1574 est,
678 1539 763 1574 ergo
789 1529 895 1564 etiam
921 1529 1132 1574 principium
1170 1539 1241 1563 non
1273 1529 1380 1564 datur
1414 1529 1744 1574 comprehensionis
1777 1529 1899 1574 justae

99 1576 359 1623 proportionis,
398 1580 484 1624 quia
515 1580 575 1616 hic
600 1580 716 1618 locum
741 1581 852 1617 habet
885 1582 974 1617 illud
999 1581 1158 1616 axioma:
1197 1580 1293 1625 quod
1329 1581 1417 1617 nihil
1442 1582 1563 1618 veniat
1598 1583 1634 1618 in
1664 1581 1898 1624 intellectum,

101 1627 196 1672 quod
220 1638 294 1665 non
317 1631 417 1675 prius
448 1634 558 1670 fuerit
581 1636 619 1670 in
644 1646 762 1671 sensu.
811 1635 912 1670 Haec
938 1639 1058 1670 autem
1088 1639 1175 1670 tunc
1201 1634 1424 1670 solummodo
1458 1635 1577 1670 locum
1602 1635 1758 1679 habent,
1793 1636 1824 1670 si
1846 1636 1899 1670 in-

99 1677 268 1718 tellectus
292 1695 366 1721 non
388 1685 497 1723 fuerit
521 1689 574 1723 rei
598 1686 870 1733 cognoscendae
894 1687 1129 1731 architectus,
1163 1697 1280 1731 neque
1304 1686 1421 1722 ideam
1453 1697 1520 1723 nec
1549 1688 1783 1732 archetypum
1817 1688 1897 1731 ejus

102 1746 225 1771 secum
247 1739 348 1775 intus
373 1739 644 1785 circumgestet‚
669 1741 785 1786 qualis
810 1741 871 1776 ille
897 1750 977 1776 esse
1001 1740 1143 1776 debeat.
1192 1740 1285 1774 Nam
1309 1739 1378 1775 hoc
1404 1740 1434 1775 si
1458 1745 1574 1785 esset,
1604 1745 1645 1776 ut
1669 1744 1726 1776 est
1749 1739 1787 1776 in
1812 1740 1899 1776 divi-

101 1790 156 1844 nis
180 1791 343 1837 adeoque
368 1792 475 1828 etiam
501 1793 535 1828 in
559 1794 726 1829 humanis
744 1794 926 1838 operibus,
951 1798 1039 1829 tunc
1055 1792 1145 1828 nihil
1161 1791 1352 1836 impediret
1368 1792 1420 1826 rei
1435 1791 1664 1836 instabilitas,
1691 1803 1763 1837 quo
1782 1792 1899 1829 minus

100 1841 144 1876 lis
168 1845 369 1888 momentis,
415 1845 545 1890 quibus
570 1850 688 1882 motus
712 1847 748 1882 in
771 1846 1057 1892 proportionalia
1082 1846 1196 1889 venit,
1234 1844 1421 1889 proportio
1452 1849 1688 1889 agnoscatur,
1724 1844 1899 1889 siquidem

101 1894 308 1939 intellectus
332 1896 392 1931 ille
418 1897 629 1933 facultatem
653 1898 787 1935 habeat
810 1898 1063 1943 percipiendae
1093 1897 1147 1932 rei
1172 1902 1276 1932 extra
1301 1907 1339 1932 se
1374 1893 1603 1932 constitutae.
1653 1896 1732 1941 Quo
1757 1896 1900 1940 nomine

101 1946 242 1983 videtur
265 1959 339 1982 non
364 1948 582 1985 instabilitas
609 1951 833 1996 accusanda,
872 1951 936 1987 sed
963 1950 1123 1987 defectus
1148 1949 1333 1986 facultatis
1357 1949 1579 1995 percipiendi
1603 1959 1660 1994 ea,
1690 1959 1786 1994 quae
1808 1949 1900 1987 finnt

103 2000 139 2035 in
165 2000 345 2036 continuis
370 2002 540 2037 materiae
566 2002 838 2038 alterationibus
863 2003 1061 2041 secundum
1087 2008 1260 2047 quantum
1287 2007 1324 2037 et
1348 2002 1463 2048 quale.
1510 2002 1610 2037 Nihil
1641 2013 1728 2038 sane
1752 2001 1901 2047 impedit

104 2052 220 2087 Deum
243 2053 462 2090 instabilitas
479 2052 650 2091 'motuum
674 2056 971 2100 planetariorum,
1011 2066 1082 2100 quo
1108 2055 1225 2091 minus
1251 2054 1446 2090 tardissimi
1479 2055 1524 2090 ad
1549 2054 1793 2090 velocissimos
1818 2065 1899 2099 pro-

103 2106 372 2153 portionentur,
408 2109 570 2153 quamvis
594 2110 776 2144 rarissime
809 2109 977 2154 planetae
1002 2108 1093 2144 fiant
1129 2108 1220 2145 alter
1245 2107 1512 2150 velocissimus,
1550 2106 1642 2142 alter
1675 2107 1902 2143 tardissimus

106 2158 211 2194 simul
244 2161 371 2196 eodem
401 2167 574 2207 tempore.
622 2161 723 2198 Nihil
756 2161 906 2206 impedit
938 2164 1103 2195 naturam
1137 2160 1367 2195 sublunarem
1378 2176 1381 2188 ν
1406 2164 1584 2204 perpetua
1616 2163 1652 2194 et
1685 2169 1828 2204 semper
1850 2159 1902 2193 in·

105 2211 267 2256 aequalis
291 2214 466 2259 digressio
491 2214 718 2259 planetarum
741 2214 835 2250 inter
860 2224 916 2257 se,
958 2224 1029 2259 qua
1053 2213 1223 2248 distantia
1248 2211 1409 2256 ipsorum
1447 2221 1590 2256 semper
1613 2211 1792 2256 variatur,
1831 2222 1902 2256 quo

107 2262 223 2300 minus
247 2266 342 2303 hanc
367 2267 429 2302 illa
453 2267 736 2313 comprehendat
762 2272 798 2303 et
821 2267 1030 2302 harmonica
1054 2267 1098 2302 ab
1122 2266 1346 2301 inconcinnis
1365 2265 1556 2308 discernat,
1582 2264 1716 2310 quippe
1731 2265 1903 2310 temporis

106 2315 220 2360 ipsius
249 2318 406 2355 discreta
435 2320 653 2356 evolutione.
705 2320 804 2356 Nihil
838 2319 988 2365 impedit
1015 2319 1176 2354 auditum
1202 2320 1372 2354 continua
1395 2321 1432 2353 et
1463 2317 1642 2354 instabilis
1665 2318 1820 2353 intensio
1849 2315 1904 2354 vel

105 2370 267 2406 remissio
295 2371 448 2418 alicujus
473 2373 649 2418 chordae,
686 2373 734 2408 ad
759 2372 865 2408 aliam
890 2372 1063 2416 collatae,
1101 2382 1172 2416 quo
1203 2371 1320 2406 minus
1355 2370 1622 2415 deprehendat,
1659 2370 1790 2415 quibus
1819 2371 1902 2412 illae

105 2426 294 2461 momentis
320 2431 531 2470 consonent,
556 2426 687 2471 quibus
713 2425 910 2461 dissonent.
961 2426 1009 2460 At
1034 2424 1227 2470 qualitates
1252 2425 1406 2469 primae,
1433 2423 1607 2468 calidum,
1633 2423 1812 2468 frigidum,
1837 2423 1902 2459 hu-

106 2477 251 2524 midum,
278 2480 423 2523 siccum,
449 2483 557 2523 atque
585 2480 692 2514 etiam
719 2479 872 2525 qualitas
898 2478 1160 2523 quadamtenus
1186 2487 1249 2512 seu
1274 2477 1377 2512 molis
1404 2487 1467 2512 seu
1485 2475 1666 2521 ponderis,
1691 2475 1805 2512 tactui
1821 2478 1904 2512 sunt

108 2530 271 2574 objecta,
305 2535 424 2567 tactus
450 2541 533 2566 vero
560 2532 621 2575 (sc⁴
649 2532 728 2576 ipso
755 2531 963 2568 Ptolemaeo
989 2531 1153 2575 doctore,
1192 2528 1422 2574 praecedenti
1448 2528 1586 2574 capite)
1620 2527 1745 2573 rudior
1775 2537 1904 2564 sensus

108 2589 164 2617 est
193 2588 228 2618 et
257 2583 484 2628 obliviosior,
511 2588 587 2619 tum
613 2583 835 2628 percipiendi
861 2582 1114 2628 proportiones
1142 2582 1366 2625 objectorum
1391 2592 1536 2617 suorum
1562 2591 1632 2615 non
1657 2581 1779 2616 habet.
1828 2579 1908 2616 Etsi

108 2634 202 2669 enim
227 2635 389 2670 animans
413 2640 514 2671 tactu
537 2635 706 2681 percipit,
743 2635 830 2680 quid
855 2635 922 2670 sibi
948 2634 1075 2679 quovis
1108 2637 1270 2678 tempore
1295 2634 1502 2675 conveniat,
1538 2633 1575 2668 id
1599 2636 1717 2668 tamen
1753 2632 1905 2677 percipit

109 2700 182 2723 non
207 2687 404 2724 secundum
430 2700 616 2725 numerum
642 2688 840 2733 specierum
866 2687 1102 2727 diversarum,
1141 2690 1181 2720 ut
1206 2691 1290 2720 sunt
1324 2686 1359 2719 in
1385 2685 1601 2721 harmonicis
1637 2685 1799 2720 diversae
1821 2695 1903 2720 con-

109 2741 313 2785 sonantiae,
346 2742 410 2778 sed
435 2746 575 2778 tantum
607 2741 802 2777 secundum
829 2740 1001 2775 unitatem
1028 2739 1296 2774 convenientiae
1324 2749 1430 2782 suae,
1466 2743 1505 2773 ut
1531 2738 1560 2773 si
1586 2737 1682 2772 auris
1714 2738 1750 2772 in
1775 2744 1903 2780 genere

111 2804 270 2830 consona
294 2794 485 2839 percipiat,
523 2805 545 2830 a
569 2793 725 2830 dissonis
748 2792 923 2828 laedatur.
972 2791 1055 2826 Non
1081 2796 1136 2825 est
1159 2791 1268 2834 igitur
1300 2791 1390 2826 haec
1423 2790 1606 2835 perceptio
1642 2789 1786 2834 proprie
1810 2797 1902 2823 com-

111 2848 284 2891 parativa,
310 2847 394 2893 qnia
410 2846 669 2882 numerositate
687 2850 796 2888 caret,
813 2854 884 2879 non
902 2843 1011 2888 igitur
1027 2847 1110 2887 apta
1127 2842 1431 2887 proportionibus,
1457 2852 1549 2887 quae
1566 2841 1724 2877 numeris
1746 2844 1903 2876 utuntur.

113 2897 268 2942 Deinde,
295 2900 362 2935 etsi
387 2900 438 2936 sic
463 2899 761 2945 qualitercunque
786 2896 940 2943 percipit
965 2895 1127 2930 animans
1154 2905 1210 2938 ea,
1246 2905 1338 2940 quae
1364 2899 1448 2930 sunt
1472 2893 1529 2928 vel
1552 2893 1647 2929 intra
1671 2903 1728 2938 se,
1753 2892 1808 2927 vel
1833 2893 1902 2926 vim

111 2950 268 2987 inferunt
293 2953 432 2998 corpori
459 2964 543 2996 suo,
577 2958 613 2987 at
638 2961 711 2987 non
735 2947 941 2985 extenditur
966 2947 1011 2982 ad
1037 2957 1094 2991 ea,
1134 2957 1225 2993 quae
1263 2951 1491 2989 suntextra,
1529 2950 1570 2980 ut
1607 2944 1753 2980 auditus
1787 2942 1903 2977 fertur

114 3002 220 3037 etiam
244 3005 288 3039 ad
314 3016 421 3043 sonos
448 3010 640 3041 extraneos
700 3003 817 3039 Causa
843 3004 915 3042 est,
943 2999 1026 3045 quia
1051 2998 1244 3035 visibilium
1282 3003 1317 3035 et
1340 2997 1548 3034 audibilium
1581 2995 1719 3042 species
1750 3004 1814 3031 seu
1839 2993 1900 3029 de-

1991 2540 1994 2567 ι

1989 2700 1994 2732 Ι

1979 2943 1990 3165 ἶ

1979 3184 1994 3219 ἔς

1977 3220 1994 3276 il
