1988 3276
793 140 839 178 «ιο
860 139 1067 179 numm
1146 123 1152 136 '
1305 135 1319 149 ⁸
1771 144 1822 184 6¹1

46 259 230 293 nmati-
252 259 379 302 taust,
402 263 577 303 postqum
597 258 703 293 nescit
726 258 856 300 placide
879 262 912 292 et
933 255 1142 292 urb-nstin..
1180 259 1324 292 Proinde
1346 258 1533 292 mirandum
1554 268 1623 292 non
1646 262 1713 301 est,
1737 259 1767 291 si
1791 260 1825 291 et

47 306 205 348 temporis
226 309 263 348 et
281 305 406 341 laberis
429 307 480 338 vel
504 307 642 340 insnum
662 305 832 348 bucusque
855 309 913 338 aut
934 307 1036 338 etiam
1058 304 1213 346 deinceps
1235 306 1424 338 insumendi
1452 307 1488 338 in
1510 306 1599 338 huuc
1619 303 1824 349 τεραλογον,

125 390 135 399 O
213 391 218 395 ,
273 361 315 384 ac
337 353 538 385 cervicosum
559 352 725 385 bominem
747 353 928 396 poeniteat,
961 353 1020 395 qui
1043 352 1129 384 nihil
1150 356 1275 384 rectum
1298 356 1393 394 putat
1416 356 1449 384 et
1471 361 1604 396 verum,
1644 352 1710 384 nisi
1734 351 1826 394 quod

47 396 221 442 witino,
243 398 330 443 imo,
353 407 396 430 ue
418 400 575 442 mentiar,
598 407 664 431 uon
688 398 759 430 scit.

157 441 321 488 Equidem
344 447 383 476 ut
404 445 456 477 his
482 445 611 477 duobus
633 445 818 476 molestiam
841 444 905 476 tibi
929 453 1050 485 ereem,
1081 454 1148 477 nou
1171 448 1222 477 est
1250 444 1441 477 verendum.
1490 446 1619 477 Veritas
1642 443 1726 477 milii
1747 453 1822 476 sco·

45 498 108 532 pu
129 493 191 535 eet,
213 491 306 523 omni
327 490 543 523 delectatione
565 491 685 534 potior,
709 494 997 533 quantuncunque
1020 490 1214 532 polliceatur
1235 491 1368 523 tandem
1384 495 1571 523 monstrosa
1586 491 1735 534 novitas3
1755 491 1824 523 im·

44 537 160 578 pri*
195 540 285 569 totus
316 537 442 569 alienus
475 547 548 570 sum
578 547 600 569 a
627 537 895 570 mutuationibus
927 542 961 569 et
984 538 1218 571 obstinatione.
1263 537 1302 570 Si
1324 538 1505 569 mouendus
1533 538 1673 580 aliquis,
1707 545 1825 570 moneo

46 583 188 627 breviter
210 586 246 616 et
267 583 397 627 blande,
421 587 546 616 remota
567 585 745 617 acerbitate
769 587 802 615 ot
825 583 1024 623 contumelia
1046 585 1231 626 verborum,
1255 587 1419 627 quantum
1442 586 1513 624 ejus
1531 584 1715 625 perspicere
1728 592 1826 626 queo.

45 628 104 663 Sin
125 637 197 662 nou
219 629 348 670 obedit,
381 631 411 662 si
434 633 593 672 repugnat
622 635 656 662 et
678 639 782 670 nugas
804 630 890 671 agit,
921 629 1040 662 omitto
1068 631 1105 663 iu
1129 635 1295 672 posterum
1317 632 1460 671 penitus.
1506 629 1601 662 Haec
1623 639 1734 670 mens,
1770 629 1826 663 lue

47 676 185 708 mnu·
206 675 299 708 mihi.
316 692 359 699 —
375 675 454 708 Jam
477 687 512 709 se
530 686 700 720 acusam,
724 676 814 719 quod
838 686 873 708 se
895 677 1110 709 immiscuerit
1131 675 1248 709 litibus
1265 674 1465 719 Nageliauis,
1488 677 1614 717 pergit:
1638 676 1694 708 Sic
1717 680 1826 708 tecum

44 721 161 766 enfin,
184 731 252 766 quo
275 723 422 764 apertius
446 723 654 755 mendacium
676 727 709 755 et
733 722 900 755 stoliditas
923 724 1104 766 insignior,
1132 724 1195 755 hoc
1216 724 1324 763 magis
1346 721 1561 756 inclarescere
1585 723 1770 762 veritatem,
1793 725 1827 761 et

43 767 168 800 umam
188 769 380 805 iimocenter
402 771 542 811 appetiti
564 771 630 802 sibi
653 770 719 810 ipsi
741 769 907 810 praesidio
931 770 1013 803 fleri.
1062 770 1150 802 Hine
1174 779 1280 812 neque
1303 779 1362 810 ego
1387 769 1428 802 de
1452 769 1617 809 dignitate
1640 772 1827 800 nostrarum

44 814 165 847 artium
186 813 326 847 multum
348 816 383 847 iu
408 816 632 849 adversarium
655 816 820 848 effundere
843 816 946 848 volui.
995 817 1056 849 Est
1079 818 1166 848 euim
1191 818 1312 859 major,
1348 825 1450 858 quarn
1473 819 1511 847 ut
1538 824 1611 859 eam
1635 814 1688 846 vel
1712 816 1826 846 couvi·

45 860 163 893 ciando
186 859 387 893 labetactare
410 862 504 902 alter,
527 866 586 894 aut
610 871 669 902 ego
694 861 900 894 defendendo
916 862 1119 904 amplificare
1142 871 1274 906 queam.
1321 862 1406 903 Ergo
1423 866 1462 894 ut
1485 862 1522 893 in
1545 862 1596 893 bis
1619 862 1718 893 rebus
1745 861 1826 893 satis

45 906 107 939 sim
130 906 300 940 dissimilia
323 907 468 951 haberti,
491 908 622 949 Nagelii
644 912 678 940 et
700 910 939 952 socieuuorum,
962 914 1072 942 tameu
1098 913 1147 942 est
1169 909 1263 941 aliud
1286 909 1455 951 quoddam
1470 917 1643 941 commune
1668 917 1742 940 eum
1767 908 1826 939 iis-

45 951 119 987 ἀεὶ
140 951 282 996 (fatebor
303 955 392 986 enim
415 958 448 986 et
470 964 522 989 me
544 958 651 987 totum
674 955 821 996 aperiam
844 956 924 995 tibi;
955 956 1031 988 vide
1062 960 1100 989 ut
1130 957 1193 991 sim
1224 954 1419 999 candidus);
1454 964 1493 986 eo
1522 963 1564 986 ne
1589 954 1767 986 offendaris
1791 958 1824 985 et

44 1007 98 1031 me
118 1002 266 1040 segreges
287 1009 311 1032 a
331 1003 366 1032 te
387 1001 507 1033 iterum
530 1002 631 1034 etiam
653 1005 753 1044 atque
776 1003 877 1034 etiam
900 1006 1021 1034 metuo.
1069 1002 1158 1043 Quid
1183 1012 1258 1034 vero
1281 1002 1388 1034 illud?
1435 1000 1615 1044 Imperitia,
1638 1001 1822 1043 puerilitas,

12 1067 14 1069 -
43 1046 179 1078 inscitia
206 1047 243 1078 in
266 1047 325 1079 ‘his
356 1048 473 1089 rebus,
507 1057 591 1091 quas
623 1049 778 1090 profiteor
807 1052 839 1080 et
869 1049 985 1088 ignoro
1020 1053 1148 1092 tameu;
1184 1058 1233 1080 res
1270 1058 1310 1080 ea
1342 1058 1408 1080 uon
1431 1056 1511 1079 rara
1536 1047 1672 1090 quidem
1704 1051 1736 1078 et
1768 1047 1821 1078 iu-

46 1092 206 1135 !requens,
228 1092 377 1126 insolens
401 1097 524 1136 tamen,
548 1094 671 1137 audax,
694 1095 788 1127 mira.
837 1094 1044 1127 Constitutus
1068 1105 1140 1127 sum
1164 1094 1329 1137 professor
1351 1095 1536 1127 matheseos
1566 1094 1679 1125 aliena
1701 1094 1823 1134 potius,

44 1143 145 1181 quem
166 1147 241 1173 mea
262 1139 443 1180 voluntate,
468 1144 638 1173 consumto
655 1142 730 1182 jam
753 1142 874 1173 aetatis
898 1140 977 1173 flore
1001 1143 1138 1185 acieque
1160 1138 1280 1173 mentis
1303 1142 1411 1173 fracta
1431 1142 1468 1173 in
1491 1141 1588 1180 longe
1605 1140 1754 1183 diversis,
1778 1139 1824 1170 ad

44 1183 132 1226 quae
153 1185 355 1229 aspirabam,
379 1190 412 1218 et
435 1187 464 1218 si
485 1186 604 1220 fuisset
626 1188 752 1230 absque
768 1188 836 1219 fato
853 1191 1032 1229 perpetuae
1047 1187 1283 1220 invaletudinis
1300 1187 1569 1230 supervenientia,
1594 1187 1734 1218 fortasse
1750 1195 1822 1227 per-

42 1233 201 1263 vennam
223 1240 313 1264 erem
335 1233 424 1265 hono
448 1242 521 1265 cum
544 1234 627 1268 Deo.
675 1235 807 1266 Accessi
828 1230 1073 1273 αὖτοδιδακτος
1096 1246 1151 1268 και
1173 1232 1367 1275 σ’ψιμαθης,
1393 1234 1569 1266 destitutus
1592 1234 1671 1264 viva
1688 1242 1767 1264 voce
1791 1236 1824 1264 et

44 1277 298 1315 manuductione
320 1279 514 1311 idoneorum
536 1284 782 1321 praeceptorum
806 1283 987 1323 ceterisque
1010 1281 1221 1314 adminiculis
1245 1286 1277 1313 et
1300 1281 1434 1324 mediis,
1466 1289 1553 1323 quae
1588 1279 1632 1311 ad
1658 1280 1822 1311 excelleu-

44 1323 129 1355 tim
148 1322 260 1357 ferum
281 1323 604 1369 aliquam.1taque
629 1328 873 1359 observationes
897 1332 930 1359 et
952 1329 1159 1360 inventiones
1190 1337 1213 1359 a
1234 1337 1287 1359 me
1310 1328 1421 1359 nullas
1444 1328 1551 1359 habeo
1580 1330 1714 1367 petove:
1744 1325 1822 1368 dux,

45 1370 349 1415 nummarium,
371 1373 521 1413 impensa
544 1373 651 1417 deest,
683 1374 771 1405 nitor
794 1372 906 1406 aliena
929 1374 1005 1417 fide,
1038 1373 1143 1407 oculis
1165 1383 1233 1406 nou
1256 1375 1339 1406 meis
1363 1382 1478 1416 cerno,
1510 1373 1643 1405 interim
1665 1373 1728 1404 boc
1750 1373 1823 1413 ipso

46 1416 202 1456 opinione
223 1427 298 1450 mea
318 1418 410 1461 felix,
435 1419 464 1450 si
486 1427 573 1462 quae
596 1424 682 1452 recte
705 1423 738 1451 et
761 1419 914 1452 viderunt
938 1424 971 1452 et
993 1425 1089 1453 acute
1111 1421 1318 1453 tradidemnt
1341 1421 1412 1457 alii„
1436 1429 1494 1460 ego
1519 1428 1586 1451 nou
1610 1419 1718 1450 minus
1744 1418 1823 1450 dex-

45 1464 104 1505 Cn,
128 1464 340 1504 vestigiorum
362 1466 458 1504 signa
482 1466 607 1508 legens,
640 1475 799 1508 assequar
821 1470 854 1498 et
876 1467 1048 1508 discipulis
1072 1472 1318 1509 proponam-et
1341 1468 1460 1499 saltem
1482 1467 1599 1508 aliqua
1627 1474 1760 1506 prosum
1783 1466 1820 1496 iu

44 1508 127 1553 Q
149 1511 180 1542 d
201 1519 268 1543 uon
292 1511 391 1543 datur
411 1511 508 1544 ultra.
555 1513 606 1544 Ac
628 1514 693 1545 nisi
716 1521 767 1544 rue
791 1513 879 1545 bono
901 1515 998 1554 genio
1023 1515 1057 1545 in
1081 1518 1141 1545 tua
1163 1514 1372 1555 potissimum
1394 1513 1551 1545 incidisse
1571 1513 1689 1554 fatear,
1713 1513 1823 1551 iugra-

48 1557 103 1588 ωε
124 1556 213 1597 eim,
243 1557 388 1590 mendax
410 1561 443 1589 et
466 1558 606 1598 injurius
627 1560 776 1602 utrique,
809 1561 973 1602 siquidem
1003 1560 1047 1592 ad
1069 1569 1178 1592 rerum
1209 1562 1381 1592 veritatem
1404 1555 1581 1601 ἆιριβειαν
1611 1562 1645 1590 et
1667 1558 1824 1590 selectum

48 1600 187 1634 adhibes
206 1604 380 1637 yerborum
402 1604 524 1648 lumen,
548 1606 678 1645 pondus
700 1610 733 1638 et
756 1608 1000 1648 proprietatem,
1026 1608 1055 1638 si
1078 1608 1153 1649 quis
1178 1610 1254 1648 post
1269 1606 1486 1647 Copernicum
1508 1606 1607 1638 alius.
1652 1604 1738 1636 Nam
1759 1604 1823 1644 Ty-

49 1647 164 1679 chunis
182 1646 404 1689 linguamihi
426 1651 570 1690 protecto
594 1653 703 1684 nescio
726 1661 795 1694 qua
817 1654 1011 1692 garrulitate
1034 1658 1066 1684 et
1089 1654 1303 1697 μακρολογιᾳ
1325 1652 1477 1684 taediosa
1493 1655 1554 1692 est,
1576 1651 1639 1682 etsi
1655 1660 1706 1681 res
1730 1651 1825 1690 ipsae

49 1693 118 1735 Sitit
138 1695 294 1735 epum-e.
338 1695 432 1728 Unde
450 1697 485 1728 si
508 1697 589 1738 quid
613 1699 693 1729 boui
715 1699 797 1729 meis
819 1699 922 1741 inest,
958 1699 1047 1741 qnod
1078 1701 1200 1742 sentio,
1234 1708 1336 1740 quam
1360 1699 1403 1730 sit
1437 1702 1552 1739 tenue,
1590 1695 1751 1739 quicquid
1775 1699 1825 1728 est

49 1740 121 1780 ejus
141 1743 265 1785 mum,
286 1745 381 1774 tumn
402 1745 462 1785 est,
486 1752 554 1774 nou
576 1753 695 1785 meum,
719 1745 749 1775 si
771 1753 838 1775 uon
862 1749 940 1776 actu
962 1745 1105 1777 secundo
1130 1748 1179 1778 (ut
1200 1745 1436 1786 philosopher),
1455 1747 1492 1775 at
1513 1745 1619 1784 primo
1643 1747 1764 1786 tamen,
1787 1742 1825 1774 id

49 1785 140 1830 quod
162 1787 216 1819 vel
237 1797 280 1820 ex
301 1789 434 1830 nuperis
457 1790 596 1829 pagellis
619 1799 794 1830 agnoscere
818 1795 910 1831 potes
941 1795 974 1824 et
995 1792 1031 1823 ui
1054 1792 1153 1823 fallor
1181 1792 1344 1831 agnoscis.
1392 1791 1512 1822 Videre
1535 1790 1641 1829 gestio
1665 1788 1826 1830 Gleopam

48 1834 143 1867 tuum
172 1831 340 1877 (Oenones
368 1835 524 1868 Pueriles.
576 1835 642 1870 Cir.
673 1835 737 1870 vol.
762 1837 818 1868 1v.
848 1846 882 1878 p.
911 1836 985 1872 173.
1016 1836 1119 1882 483),
1154 1847 1221 1871 non
1252 1838 1322 1870 vidi
1354 1840 1484 1881 tamen,
1518 1837 1605 1868 alias
1639 1836 1830 1876 symbolam

163 1927 273 1970 Atque
295 1928 377 1960 baec
400 1938 474 1960 eum
496 1930 547 1960 ita
569 1938 603 1960 se
626 1929 781 1972 habeant,
807 1929 902 1961 doleo
918 1932 1040 1967 tamen,
1064 1940 1117 1963 me
1138 1940 1204 1963 nou
1221 1940 1349 1972 semper
1363 1929 1579 1970 intelligendo
1603 1932 1734 1961 tanturn
1750 1938 1828 1970 pro-

48 1971 140 2012 gndi
159 1973 199 2005 in
220 1975 300 2017 tuis,
322 1978 485 2017 quantum
508 1975 612 2007 debeo
636 1980 669 2007 et
693 1977 788 2016 cupio
813 1985 892 2007 sane
928 1985 995 2008 nou
1027 1980 1088 2008 tua
1110 1978 1229 2022 culpa,
1266 1979 1325 2020 qui
1349 1975 1400 2019 (ut
1429 1977 1556 2008 alicubi
1578 1977 1771 2017 protestaris
1796 1979 1829 2008 et

48 2027 109 2058 qe,
131 2021 291 2052 maenti
324 2021 420 2053 credo
443 2026 604 2064 tauquam
625 2023 714 2057 bono
740 2020 824 2064 viro)
848 2026 919 2054 toto
955 2027 1087 2063 pectore
1111 2025 1273 2056 aversaris
1298 2024 1384 2056 illud
1407 2034 1445 2055 ro
1469 2033 1645 2056 σιοτοινου
1669 2022 1829 2054 Heracliti

49 2064 215 2110 velleeque
237 2070 275 2098 ut
296 2070 386 2099 totus
409 2069 549 2100 muudus
574 2072 720 2112 caperet,
755 2069 813 2100 sed
842 2078 917 2100 mea
939 2071 1050 2110 potius
1080 2071 1287 2110 ignoratione
1318 2071 1468 2110 illorum,
1502 2078 1590 2112 quae
1622 2068 1666 2100 ad
1690 2069 1830 2109 legenda

50 2113 111 2142 tua
132 2112 240 2144 afferri
262 2122 322 2154 par
346 2117 431 2153 erat3
457 2115 570 2155 qualia
594 2118 670 2146 suut
692 2116 882 2155 logarithmi
905 2115 1039 2156 Neperi,
1063 2117 1269 2149 Archimedis
1294 2121 1326 2149 et
1349 2117 1521 2158 Apollonii
1544 2115 1729 2159 quaedam,
1755 2124 1828 2147 cos-

5 2190 15 2196 „
51 2157 123 2188 sict
143 2161 178 2189 et
197 2159 324 2191 musica
345 2165 522 2201 praecepta
544 2165 578 2192 et
601 2162 759 2200 imprimis
784 2162 868 2192 liber
891 2162 933 2193 X.
958 2163 1104 2194 Euclidis
1129 2165 1217 2205 (uam
1241 2167 1349 2196 cetera
1372 2166 1443 2203 ejus
1466 2163 1628 2205 auctoris,
1652 2166 1691 2193 ut
1714 2165 1747 2194 et
1769 2162 1829 2193 tri-

50 2205 288 2242 gemmantem
309 2206 411 2238 calleo
434 2208 655 2248 mediocriter,
680 2209 746 2239 imo
769 2211 803 2239 et
826 2208 943 2250 doceo,
968 2210 997 2240 si
1023 2209 1115 2249 digni
1138 2210 1249 2242 adsint
1272 2207 1464 2251 auditores).
1511 2210 1551 2240 In
1575 2209 1627 2240 his
1650 2212 1683 2239 et
1708 2207 1828 2239 simili-

51 2249 115 2281 bus
137 2250 219 2292 quia
250 2254 288 2292 tu
309 2252 387 2284 binc
408 2253 487 2285 iude
523 2254 838 2287 demonstrationum
871 2258 969 2296 atque
993 2256 1250 2296 explicatiouum
1278 2260 1411 2288 tuarum
1434 2255 1650 2287 fundamenta
1683 2258 1716 2285 et
1738 2255 1828 2294 prin·

53 2296 142 2345 cipia
163 2298 353 2339 constituis,
386 2301 576 2339 pracsertim
607 2301 643 2331 in
666 2299 845 2332 Commeat.
869 2300 986 2332 Martis
1010 2306 1041 2333 et
1064 2302 1290 2337 Harmonicis.
1325 2305 1363 2334 fit
1394 2303 1569 2345 quominus
1596 2301 1830 2341 trausspiciam

19 2374 22 2377 ,
53 2348 113 2382 03⁰
134 2351 240 2384 usque
261 2344 297 2374 in
319 2345 438 2376 intima
460 2347 644 2386 penetralia
667 2346 771 2378 Divae
794 2351 890 2390 tuae,
925 2357 1120 2388 pernoscens
1143 2350 1237 2380 illam
1261 2351 1351 2381 intus
1376 2354 1409 2381 et
1431 2350 1468 2380 in
1491 2352 1566 2380 cute
1589 2347 1738 2389 adeoque
1761 2356 1829 2379 uon

29 2408 31 2410 -
53 2389 153 2421 smel
175 2390 327 2430 optarim,
351 2393 384 2421 te
405 2394 549 2423 stantem
571 2393 607 2423 in
630 2393 690 2424 hac
715 2393 871 2424 cathedra
894 2402 966 2425 meo
984 2394 1055 2425 loco
1072 2395 1196 2426 mederi
1219 2395 1350 2427 Mulieri
1372 2397 1424 2426 tui
1448 2393 1594 2436 caligini,
1619 2394 1774 2425 coecitati
1796 2398 1830 2426 et

53 2435 204 2469 “diris-
251 2436 370 2478 Itaque
391 2445 444 2468 me
467 2439 652 2478 provocasti
675 2439 719 2470 ad
743 2440 946 2482 colloquium
969 2440 1152 2473 literarium
1176 2442 1238 2473 hoc
1262 2443 1415 2484 consilio,
1452 2445 1490 2472 ut
1513 2443 1615 2483 esset,
1643 2449 1743 2483 quem
1766 2440 1827 2472 do-

53 2483 750 2575 m⁰5202⁰2¹312¹ffnit⁰320¹230322¹2⁸5³12
765 2487 915 2574 233&
925 2489 1471 2574 t?13⁰‘1?3v3?„m3.?2“t2¹¹31g‘31'2?12⁰?⁰
1480 2486 1703 2576 ζέὲίῗῗῑῑυῗ
1705 2495 1827 2575 *31:33

7 2586 33 2623 Ι·
55 2581 114 2612 σεο
135 2582 203 2606 uon
226 2583 298 2606 sum
323 2574 423 2614 domi,
445 2585 505 2607 nec
528 2578 595 2608 scio
618 2581 757 2609 noctuas
780 2579 935 2622 Athenas.
986 2578 1299 2612 condescensionem
1329 2584 1438 2623 tuam,
1463 2584 1500 2612 ut
1523 2589 1632 2621 vocas,
1657 2589 1722 2610 nou
1748 2587 1828 2610 sane

55 2627 193 2668 wo,
227 2625 278 2652 est
300 2622 389 2652 euim
411 2622 552 2653 finitima
581 2624 874 2664 anthropopathiae
897 2625 1138 2668 theologorum,
1173 2631 1205 2658 et
1228 2628 1329 2658 habet
1361 2629 1524 2667 scriptura
1547 2626 1712 2666 exempla,
1750 2634 1772 2656 a
1795 2629 1828 2656 te

56 2665 128 2706 ipo
149 2667 311 2707 producta
333 2668 370 2698 in
392 2668 520 2707 egregio
543 2672 602 2700 tuo
618 2670 702 2701 libro
726 2670 767 2701 de
782 2668 887 2702 Stella
905 2671 1009 2714 Nova,
1034 2673 1091 2714 qui
1107 2673 1188 2704 mihi
1202 2674 1400 2714 principium
1416 2674 1490 2715 fuit,
1517 2674 1629 2704 oculos
1645 2671 1827 2714 aliquando

26 2731 28 2733 >
55 2711 131 2753 plna
154 2713 232 2744 aliis
254 2713 425 2754 aperiendi
454 2714 490 2744 in
522 2714 745 2755 philosophia,
778 2718 840 2748 etsi
872 2717 930 2748 diu
958 2719 1020 2749 sim
1051 2719 1193 2750 luctatus
1224 2729 1297 2751 cum
1332 2721 1578 2759 praeconceptis
1603 2719 1827 2762 opinionibus,

10 2760 243 2799 ’Μαι
266 2761 351 2791 circa
373 2760 441 2791 vim
467 2771 613 2802 κριτικην
635 2762 822 2794 sublunaris
845 2763 971 2795 mundi.
1017 2765 1151 2796 Interim
1175 2770 1296 2807 tamen,
1322 2766 1410 2807 quod
1434 2766 1532 2805 vulgo
1556 2765 1624 2796 dici
1649 2765 1742 2806 solet,
1766 2765 1827 2797 he-

17 2829 24 2845 3
57 2802 150 2836 fflea
171 2804 259 2837 facta
281 2814 349 2837 nou
373 2815 443 2837 esse
465 2809 584 2837 temere
607 2807 765 2839 trahenda
786 2809 822 2839 in
846 2812 1120 2851 consequentiam,
1149 2811 1186 2843 id
1210 2813 1308 2842 etiam
1333 2812 1394 2842 hoc
1417 2812 1489 2842 loco
1513 2810 1750 2843 attendendum
1769 2812 1825 2851 Ju-

26 2866 29 2867 ⁷
58 2848 149 2892 dieo,
177 2859 219 2882 ne
241 2851 326 2883 forte
349 2852 580 2884 condescensio
604 2853 667 2883 illa
688 2863 746 2885 seu
768 2856 879 2894 potius
902 2856 1096 2888 indiscretus
1120 2867 1214 2888 amor
1238 2862 1270 2888 et
1294 2855 1415 2888 stolida
1442 2866 1482 2888 ac
1504 2861 1713 2898 praepostera
1734 2855 1826 2890 illius

57 2895 238 2939 maeno,
269 2907 335 2929 uno
365 2899 495 2930 nomine
529 2899 699 2930 curiositas
731 2904 823 2932 exeat
853 2902 894 2933 ad
925 2903 1116 2934 tentandum
1146 2904 1265 2936 Deum.
1312 2904 1381 2934 Rex
1413 2907 1549 2945 uterque
1581 2904 1763 2944 Aegyptius
1792 2907 1826 2936 et

58 2938 243 2997 §.idaeus
265 2942 429 2998 ‘illiusque
462 2945 614 2976 officiarii
639 2944 762 2985 Joseph
793 2951 826 2978 et
845 2948 963 2979 Daniel
991 2951 1115 2987 jactare
1146 2953 1310 2991 poterant,
1344 2950 1450 2981 Deum
1478 2951 1543 2981 sibi
1568 2949 1826 2983 condescendere

36 3002 38 3007 =
58 2994 102 3035 {je
119 2997 189 3020 esee
211 2998 354 3021 visiones
378 2995 410 3021 et
432 2992 562 3022 somnia
584 3000 643 3022 sua
666 3000 842 3035 eorumque
863 2994 1149 3035 interpretationes
1172 2998 1377 3034 θεοπεμπτα
1407 2996 1548 3038 ideoque
1579 2996 1748 3036 indulgere
1771 2997 1826 3028 his

60 3023 94 3064 d
112 3032 176 3065 atti
197 3036 422 3080 probabiliter,
445 3038 512 3068 imo
538 3036 753 3068 confidenter:
778 3043 868 3070 eraut
890 3041 978 3072 enim
1001 3043 1182 3073 conformia
1204 3042 1370 3073 vocationi
1386 3051 1462 3073 suae
1482 3043 1521 3073 de
1538 3042 1589 3074 his
1606 3044 1712 3086 rebus,
1737 3052 1825 3085 quae

61 3077 103 3110 ed
123 3081 270 3120 ipsorum
295 3091 405 3113 curam
428 3084 637 3123 pertinebant
662 3086 724 3117 etc.
771 3082 1076 3127 calendariographi
1099 3091 1206 3120 autem
1230 3097 1273 3119 an
1297 3087 1340 3118 ad
1361 3087 1423 3120 hoc
1446 3088 1533 3119 idem
1558 3094 1615 3121 aut
1636 3090 1743 3122 vocati
1759 3090 1827 3123 siut

1562 3158 1619 3196 δῦ
