1994 3276
650 88 763 126 mu
780 87 848 126 m.
869 86 1056 134 mmo
1077 86 1235 134 passa
1473 53 1483 124 ¹.
1756 89 1841 130 las.

53 179 292 264 metrica
317 210 516 262 proportio
546 210 600 248 sit
626 209 744 248 etiam
773 206 1018 255 harmonica,
1049 211 1093 244 ot
1125 208 1171 253 1,
1203 209 1249 254 2,
1282 207 1328 255 4,
1370 208 1474 246 sicut
1501 206 1587 246 hic
1595 205 1841 246 commodum

55 276 137 320 est,
174 274 219 309 ιιι
246 279 430 320 procerus
458 267 616 318 longam
643 271 796 305 reatem
823 263 990 306 habeat.
1026 263 1217 303 interdum
1248 275 1340 303 vero
1369 265 1613 305 arithmetica
1638 267 1838 316 proportio

55 333 117 374 est
137 329 264 367 etiam
288 327 523 374 harmonica,
554 330 599 364 ut
619 326 657 371 2,
688 324 727 372 3,
758 323 804 369 4,
834 323 939 361 sicut
963 307 1029 361 liic
1047 321 1293 361 commodum
1310 328 1382 369 est,
1411 328 1456 362 ut
1475 333 1679 374 possessor
1697 320 1838 373 longae

53 387 175 426 venia
196 384 371 437 „nilus
398 385 566 423 retineat
594 381 748 433 quidem
778 390 903 427 suum,
933 379 1002 419 sed
1032 381 1073 417 in
1090 382 1297 430 pecuniam
1325 387 1620 433 commutatum,
1640 391 1726 432 qua
1752 391 1845 420 ree-.

54 446 133 484 tius
159 445 221 482 ιιιὶ
246 447 396 494 potest,
428 453 546 492 quam
574 439 769 490 superfluo
799 439 933 477 vestis.

92 521 105 542 ·.
170 501 246 542 m.
262 500 375 540 eum
403 498 645 551 gubernandi
672 498 843 536 rationes
873 506 1006 535 omues
1035 495 1239 546 complexa
1267 497 1319 535 sit
1345 496 1516 546 justitia,
1548 508 1597 536 ex
1626 495 1840 535 Affitotele

53 559 200 609 allegat
226 563 356 609 parts·
384 558 470 608 ejus
500 557 619 605 duas,
649 555 964 594 commutativam
995 555 1032 591 in
1062 553 1300 604 aequalitate
1331 554 1575 594 arithmetica
1605 557 1838 602 versantem,

54 617 336 656 d’ntributitam
365 618 404 654 in
433 615 684 654 similitudine
711 613 963 663 geometrica,
1002 618 1085 661 ipse
1115 614 1268 651 tertiam
1296 613 1466 663 speciem
1491 613 1670 662 justitiae
1698 611 1840 651 suadet

53 687 102 715 ex
130 680 295 725 utraque
330 675 500 725 priorum
531 672 756 718 conflatam,
776 681 894 720 quae
935 675 976 709 et
1004 681 1129 708 rerum
1161 671 1314 720 copiam
1355 672 1469 710 certis
1498 671 1676 722 personis
1711 669 1841 709 viliori

53 734 179 785 pretio
208 732 323 771 vendi
354 732 438 770 vult
467 743 585 780 quam
615 731 751 769 ceteris
790 733 830 766 et
858 738 935 767 non
967 739 1121 778 semper
1149 729 1301 778 maguis
1331 740 1473 779 magua
1509 727 1686 767 distribui
1716 732 1756 767 et
1782 729 1841 767 sic

55 797 259 840 utrumque
287 801 410 840 genus
443 789 541 839 justi
571 787 707 827 violari
745 785 1049 836 quadamtenus,
1092 787 1124 824 si
1156 786 1262 825 salus
1291 788 1559 825 universorum
1599 785 1640 823 id
1669 784 1842 835 postulet

55 853 125 888 aut
151 850 186 887 ai
216 847 459 887 commodum
490 846 579 885 inde
608 845 806 896 publicum
836 851 1021 894 emergat.
1081 844 1167 883 Non
1207 845 1305 884 bene
1335 845 1523 884 conflatur
1562 845 1761 894 proportio
1791 854 1839 883 ex

57 906 261 957 mciebus
289 905 442 944 duabus
471 904 571 953 aliis,
600 906 650 944 ai-
665 909 868 952 utramque
896 904 1105 952 peremit.
1128 902 1199 941 Est
1228 905 1345 953 igitur
1374 901 1587 954 applicatio
1615 901 1714 940 haec
1742 902 1840 941 meis

56 963 329 1003 medietatibus
358 964 591 1002 harmonicis
621 962 758 1012 aptior.
819 958 869 999 Ut
901 962 938 998 in
968 961 1137 999 numeris
1168 962 1215 1008 2,
1255 962 1302 1008 3,
1343 963 1366 998 5
1405 971 1477 999 nec
1506 959 1749 998 arithmetica
1778 964 1838 999 est

55 1033 283 1062 exeaesuum
301 1022 531 1072 aequalitas,
562 1032 634 1059 nec
656 1019 892 1070 geometrica
913 1020 1144 1068 progressio,
1166 1024 1227 1057 est
1246 1025 1374 1058 tamen
1396 1021 1495 1057 inter
1513 1028 1581 1056 eos
1598 1017 1837 1056 harmonica.

169 1079 258 1118 Huc
284 1081 324 1117 in
355 1080 432 1119 tine
461 1080 547 1118 libri
589 1081 726 1128 poetas
755 1076 1042 1123 accommodat,
1083 1078 1149 1126 qui
1179 1076 1380 1116 Themidis
1409 1074 1533 1130 (quae
1559 1075 1715 1125 justitia
1756 1073 1839 1129 est)

56 1143 135 1191 tres
161 1137 311 1188 fingunt
329 1136 431 1176 filias
452 1135 639 1184 εὖνομιατ,
670 1134 883 1182 intuamur,
914 1134 1078 1186 εἰρηιηπ
1116 1134 1234 1184 leges,
1265 1136 1513 1185 aequitatem,
1544 1144 1694 1183 pacem,
1725 1136 1838 1183 quasi

56 1197 172 1234 trium
200 1197 492 1246 proportionum
523 1193 729 1240 tutelares,
761 1193 1048 1238 arithmeticae,
1078 1195 1355 1242 geometricae,
1386 1191 1646 1231 harmonicae.

94 1275 99 1280 ·
174 1253 245 1292 lv,
278 1253 403 1303 Leges
422 1254 714 1299 connubiorum,
745 1252 993 1301 praecipuum
1015 1251 1186 1289 civitatis
1207 1250 1414 1293 vinculum,
1444 1249 1684 1289 luculentum
1705 1261 1842 1289 exem-

61 1311 170 1361 plum
203 1311 494 1350 mbministrant
523 1313 638 1353 trium
667 1311 969 1359 proportionum.
1030 1308 1072 1346 Si
1101 1310 1251 1358 patricii
1281 1309 1463 1358 patricias
1493 1308 1634 1347 ducere
1666 1308 1841 1358 jubean-

58 1377 141 1417 tur,
170 1368 315 1419 plebeji
343 1369 543 1421 phbejas,
574 1369 808 1417 geometrica
837 1366 1050 1406 similitudo
1080 1372 1149 1405 est.
1208 1365 1275 1404 Sin
1302 1366 1370 1415 jus
1400 1367 1591 1414 omnibus,
1623 1367 1843 1418 promiscue

57 1427 251 1466 connubia
280 1428 345 1466 vel
374 1432 479 1469 sorte
510 1437 693 1476 quaerere
723 1424 787 1463 vel
817 1424 961 1472 sorma,
990 1425 1143 1475 opibus.
1174 1425 1327 1472 virtute,
1357 1425 1441 1462 sine
1470 1425 1622 1474 generis
1651 1429 1842 1475 respectu,

57 1485 290 1524 contendere
324 1491 514 1535 quantum
554 1485 705 1534 possis,
743 1494 815 1521 nec
854 1482 933 1521 ulla
976 1482 1144 1521 conditio
1181 1483 1326 1529 vetita,
1369 1482 1467 1520 haec
1507 1484 1580 1520 erit
1623 1482 1842 1532 aequalitas

57 1543 311 1582 arithmetica.
373 1543 515 1581 Verum
545 1543 599 1580 ibi
629 1543 772 1580 civium
803 1542 920 1578 animi
952 1540 1187 1579 divelluntur
1217 1541 1256 1577 in
1282 1540 1483 1588 sactiones,
1515 1540 1578 1578 hic
1597 1540 1844 1579 confundun-

60 1605 122 1638 tur
151 1601 325 1647 ordines,
356 1608 560 1650 utrumque
589 1601 847 1649 perniciosum
879 1598 1125 1648 reipublicae.
1187 1597 1333 1636 Suadet
1363 1599 1483 1646 igitur
1500 1597 1689 1646 Bodinus,
1718 1601 1843 1649 patri-

59 1659 131 1706 ciis
159 1657 399 1697 tenuioribus
427 1658 619 1697 interdum
648 1658 867 1707 permittere
897 1656 1089 1695 connubia
1117 1654 1275 1704 plebsja
1305 1654 1513 1705 opulenta,
1541 1655 1707 1706 plebejis
1739 1656 1844 1694 divi-

60 1717 164 1755 tibus
192 1717 375 1766 patricias
405 1717 551 1766 inopes.
611 1715 699 1752 Hoc
738 1715 837 1752 enim
870 1715 1020 1761 utrique
1052 1712 1174 1750 ordini
1215 1713 1483 1760 commodum,
1523 1713 1723 1753 nobilibus
1753 1715 1844 1764 qui-

60 1773 160 1820 dem,
176 1779 234 1812 -ut
261 1776 365 1812 aucti
397 1775 541 1823 opibus
568 1778 748 1811 tueantur
776 1771 903 1810 locum
933 1781 1048 1820 quem
1079 1770 1266 1818 obtinent,
1298 1774 1337 1809 ct
1364 1771 1530 1810 feminae
1551 1771 1669 1820 hujus
1697 1772 1843 1811 ordinis

60 1833 307 1879 maritantur3
347 1831 451 1882 plebi
484 1842 596 1877 vero,
638 1837 680 1868 ut
715 1829 907 1880 patefacto
947 1828 997 1866 ad
1030 1828 1195 1867 honores
1233 1828 1341 1867 aditu
1383 1830 1518 1866 virtuti
1549 1828 1642 1868 dent
1671 1841 1841 1881 operam,

62 1889 229 1939 denique
256 1891 350 1939 reip.
381 1891 473 1940 ipsi,
506 1895 549 1927 ut
578 1888 731 1926 ordines
761 1892 893 1924 mutua
923 1897 1009 1925 sese
1039 1886 1228 1925 charitate
1258 1886 1576 1936 complectantur.

175 1947 342 1986 Rursum
382 1948 444 1985 hic
481 1948 642 1996 peremit
681 1945 950 1992 geometricam
988 1943 1228 1994 analogiam,
1278 1950 1321 1982 ut
1358 1944 1622 1984 harmonicam
1660 1944 1841 1994 efficeret,

65 2016 190 2054 neque
220 2011 346 2044 tamen
386 2017 470 2044 eam
501 2005 551 2042 ad
582 2016 725 2042 meram
755 2002 1030 2051 aequalitatem
1065 1998 1329 2040 arithmeticae
1360 2004 1640 2053 progressionis
1679 2002 1841 2052 redegit

66 2061 120 2101 Ut
148 2064 190 2100 si
217 2065 256 2109 1,
268 2064 324 2117 3,
356 2063 393 2109 9,
425 2064 669 2112 geometrica,
700 2062 918 2111 perimatur,
957 2060 1102 2109 fiatque
1137 2062 1170 2107 1,
1205 2062 1242 2104 3,
1266 2061 1306 2111 8,
1344 2067 1532 2109 quantum
1561 2061 1624 2099 hic
1652 2072 1844 2099 recessum

68 2127 129 2159 est
157 2121 208 2158 ab
245 2123 278 2166 l,
309 2122 348 2168 3,
380 2122 417 2167 9,
448 2125 597 2158 tautum
627 2120 707 2157 illic
737 2119 963 2166 derogatum
983 2120 1168 2167 patriciis,
1201 2123 1240 2157 et
1259 2124 1446 2168 quantum
1466 2120 1505 2155 in
1531 2121 1567 2166 1,
1601 2119 1638 2166 3,
1672 2119 1711 2165 8,
1741 2130 1843 2168 quo-

66 2189 153 2215 rnm
184 2188 362 2217 excessus
392 2180 439 2224 2,
480 2179 505 2217 5
536 2175 645 2230 (cum
674 2178 779 2228 prius
816 2182 946 2215 essent
984 2180 1030 2222 2,
1069 2173 1137 2228 6),
1180 2178 1412 2215 accessimus
1451 2176 1501 2214 ad
1535 2178 1844 2226 progressionem

67 2235 345 2275 arithmeticam
382 2238 423 2281 l,
466 2237 511 2283 3,
552 2237 576 2274 5
609 2232 722 2287 (quia
752 2234 887 2272 horum
928 2245 1109 2272 excessus
1141 2236 1188 2281 2,
1231 2237 1254 2271 2
1295 2231 1527 2287 aequales),
1567 2239 1718 2272 tantum
1743 2233 1841 2279 &illic

69 2293 200 2331 datum
229 2293 352 2343 plebi,
382 2299 426 2331 ut
453 2295 491 2330 in
523 2295 690 2331 numeris
719 2292 877 2342 quidem
906 2291 1177 2330 concordantia
1207 2294 1503 2330 constitueretur
1530 2293 1628 2329 inter
1661 2294 1702 2339 1,
1733 2292 1772 2339 3,
1804 2292 1843 2340 8,
1892 2300 1896 2305 ’

24 2397 31 2408 .
67 2353 107 2388 iu
137 2362 217 2400 rep.
249 2361 341 2388 vero
370 2351 641 2389 concordantia
680 2351 779 2387 inter
805 2351 990 2399 patricios
1027 2355 1066 2387 et
1100 2349 1272 2399 plebem,
1309 2354 1492 2388 manente
1521 2354 1651 2387 tamen
1681 2348 1844 2387 distinc-

30 2459 34 2462 .
66 2410 172 2464 tione
202 2408 390 2446 ordinum.
449 2408 558 2447 Haec
586 2410 835 2446 commutatio
870 2410 915 2454 l,
952 2408 976 2444 9
1009 2408 1046 2443 in
1083 2409 1127 2454 l,
1169 2408 1193 2443 8
1234 2412 1407 2446 occurret
1437 2407 1536 2445 libro
1567 2405 1617 2444 V.
1657 2408 1774 2445 etiam
1803 2399 1843 2444 iu

9 2511 18 2517 ‚
67 2465 174 2505 coelo
204 2468 302 2516 ipso.

44 2526 46 2528 '
182 2524 229 2561 V.
262 2524 398 2572 Inepta
435 2527 494 2560 est
523 2523 764 2561 arithmetica
792 2521 1008 2571 aequalitas
1043 2523 1083 2558 in
1113 2522 1342 2572 symposiis,
1383 2522 1417 2559 si
1453 2522 1671 2572 promiscue
1711 2532 1843 2560 omnes

66 2582 315 2625 accumbant,
352 2579 459 2617 nulla
487 2591 624 2626 sexus,
665 2581 913 2627 conditionis,
951 2581 1092 2623 aetatis
1122 2579 1257 2618 habita
1285 2580 1454 2628 ratione3
1496 2579 1644 2617 insulsa
1673 2580 1843 2617 vicissim
1899 2620 1906 2629 ¹

66 2650 172 2676 mera
208 2638 420 2676 similitudo
458 2639 701 2686 geometrica.
760 2638 860 2676 Nam
897 2639 929 2675 si
970 2637 1073 2675 docti
1118 2643 1265 2675 tantum
1309 2637 1433 2675 doctis
1470 2637 1704 2687 jungantur,
1748 2635 1844 2686 quid

66 2695 275 2746 proderunt
304 2694 517 2745 imperitis?
547 2697 579 2732 si
608 2695 775 2733 feminae
802 2697 897 2734 solis
927 2695 1089 2741 feminis,
1122 2707 1223 2744 quae
1253 2695 1465 2744 voluptas?
1508 2696 1541 2733 si
1571 2694 1730 2732 clamosi
1760 2694 1843 2733 cla-

67 2755 208 2801 mosis,
247 2755 333 2803 quis
363 2758 497 2791 auctor
526 2753 573 2790 iis
600 2753 847 2791 modestiae?
907 2754 959 2790 At
989 2754 1021 2790 si
1052 2764 1177 2802 neque
1210 2764 1366 2791 caecam
1395 2752 1672 2801 aequalitatem
1701 2751 1843 2791 admit-

68 2816 150 2855 tas,
188 2822 313 2860 neque
342 2821 534 2848 morosam
563 2810 869 2858 similitudinem,
910 2810 979 2849 sed
1008 2812 1172 2849 misceas
1202 2816 1425 2859 utramque,
1466 2808 1615 2848 modice
1644 2814 1774 2849 tamen
1802 2817 1843 2850 et

7 2915 15 2920 ό
182 2869 328 2918 judicio
357 2869 529 2914 rationis,
560 2868 755 2916 proportio
786 2869 857 2906 erit
886 2868 1118 2906 harmonica.
1178 2867 1331 2906 Efficies
1361 2868 1483 2914 enim,
1513 2872 1558 2905 ut
1586 2877 1700 2906 senes
1722 2868 1842 2918 Juve-

75 2937 186 2973 num,
226 2927 300 2963 viri
327 2926 553 2964 feminarum
594 2929 752 2973 aspectu
789 2925 1006 2974 gaudeant,
1043 2926 1208 2975 juvenes
1247 2924 1452 2974 prudentia
1480 2935 1635 2973 senum,
1675 2925 1840 2966 feminae

79 2984 248 3022 virorum
277 2985 504 3022 auctoritate
534 2987 724 3032 regantur,
753 2984 908 3021 tetricos
938 2984 1073 3022 urbani
1104 2984 1269 3021 excitent
1297 2982 1544 3031 vicissimque
1569 2987 1609 3021 et
1626 2988 1840 3034 vereantur,
