1994 3276
115 134 200 174 276
636 119 693 156 De
718 116 880 155 Motibus
903 100 1137 152 Planetarum
1159 111 1398 149 Harmonicis.

474 244 546 277 ως.
568 242 612 272 45.
1027 233 1134 280 simi,
1174 233 1215 269 in
1256 233 1436 283 opposita
1473 232 1646 282 proxime
1681 229 1811 270 Solem
1848 241 1919 268 ve-

1028 292 1149 329 niant.
1209 289 1255 328 Iu
1275 289 1429 340 adjecto
1449 290 1645 329 schemate
1665 300 1735 340 pro
1756 287 1920 338 singulis

1029 348 1196 399 planetis
1227 348 1321 386 faeti
1351 355 1442 387 sunt
1460 348 1593 387 circuli
1613 349 1724 396 terni,
1757 357 1922 397 quorum

1030 406 1160 446 nullus
1191 406 1336 445 indicat
1366 407 1471 458 viam
1492 409 1616 458 ipsam
1645 406 1826 458 planetae
1857 415 1923 443 ec-

1032 466 1257 514 centricam,
1300 465 1370 503 sed
1406 465 1557 504 medius
1592 464 1768 516 quidem,
1812 467 1855 501 ut
1883 463 1924 499 in

1030 523 1158 562 Marte
1188 524 1274 571 BE,
1311 527 1370 562 est
1400 523 1578 574 aequalis
1609 524 1759 562 orbitae
1786 532 1924 560 eccen-

1032 583 1164 630 tricae,
1190 581 1321 631 quoad
1340 581 1554 632 longiorem
1575 582 1661 632 eJus
1675 581 1924 628 diametrum,

1034 641 1161 679 orbita
1203 651 1295 678 vero
1332 642 1436 692 ipsa,
1479 646 1522 679 ut
1553 639 1650 689 AD,
1692 640 1819 689 tangit
1855 636 1925 676 AF

1033 699 1274 750 superiorem
1304 710 1352 736 ex
1381 699 1504 738 tribus
1540 699 1591 737 ab
1621 710 1700 737 una
1728 694 1849 749 plaga
1878 697 1926 743 A,

1034 757 1253 795 inferiorem
1285 755 1353 795 CD
1388 769 1436 795 ex
1468 757 1650 807 opposita
1680 756 1731 796 D.
1792 748 1928 794 Circu-

1034 815 1096 853 lus
1116 813 1204 863 GH,
1236 816 1389 865 punctis
1412 816 1665 855 abumbratus
1694 819 1732 853 et
1749 825 1818 865 per
1837 824 1929 852 cen-

1035 878 1136 911 trum
1157 873 1260 912 Solis
1284 873 1510 924 descriptus,
1538 873 1684 912 indicat
1703 874 1808 911 viam
1828 870 1931 910 Solis

1038 931 1144 982 apud
1184 931 1411 982 Tychonem
1443 932 1593 982 Brahe3
1640 932 1705 981 qui
1753 932 1785 969 si
1827 930 1928 968 hanc

1038 991 1143 1028 viam
1186 995 1384 1038 movetur,
1424 993 1555 1030 omnia
1594 991 1750 1029 omnino
1786 992 1932 1039 puncta

1037 1049 1158 1086 totius
1189 1050 1414 1098 systematis
1443 1049 1661 1100 planetarii,
1691 1045 1933 1098 hie'depicti,

1038 1108 1145 1144 viam
1174 1106 1359 1145 incedunt
1385 1107 1602 1157 aequalem,
1636 1106 1801 1157 quilibet
1821 1116 1932 1143 suam

1037 1165 1246 1216 propriam.
1305 1164 1356 1204 Et
1385 1177 1462 1204 uno
1493 1167 1578 1216 eJus
1599 1168 1755 1217 puncto,
1787 1162 1935 1202 seilicet

1040 1229 1171 1261 centro
1201 1222 1325 1271 Solis,
1367 1225 1406 1261 in
1448 1236 1524 1263 una
1562 1226 1623 1263 sui
1654 1221 1785 1262 circuli
1823 1219 1933 1273 parte

1038 1286 1186 1330 stante,
1220 1286 1262 1319 ut
1293 1281 1356 1320 hic
1387 1284 1425 1319 in
1455 1282 1598 1331 infima,
1631 1282 1762 1320 omnia
1779 1281 1934 1319 omnino

1039 1344 1184 1391 puncta
1215 1342 1439 1390 systematis
1469 1341 1627 1379 stabunt
1657 1341 1696 1377 in
1727 1339 1814 1377 imis
1844 1349 1935 1389 par-

1040 1398 1144 1436 tibus
1174 1409 1334 1436 suorum
1355 1398 1538 1448 quodque
1563 1397 1802 1436 circulorum.
1851 1396 1935 1434 Ve-

1040 1458 1142 1494 neris
1176 1457 1293 1494 etiam
1333 1461 1411 1495 tres
1451 1456 1582 1496 circuli
1620 1460 1773 1507 propter
1810 1464 1936 1504 angu-

1041 1514 1157 1552 stiam
1195 1515 1312 1564 spatii
1344 1518 1519 1554 coierunt
1556 1516 1597 1553 in
1627 1526 1746 1553 unum
1785 1517 1938 1564 praeter

1041 1571 1296 1611 voluntatem.

1157 1630 1289 1669 Tertio
1326 1635 1478 1682 repetat
1511 1630 1634 1670 lector
1671 1642 1719 1669 ex
1749 1629 1937 1680 Mysterio

1041 1699 1128 1726 meo
1167 1688 1519 1740 Cosmographico,
1560 1688 1665 1739 quod
1706 1688 1809 1727 edidi
1847 1691 1938 1726 ante

1044 1748 1096 1783 22
1141 1758 1286 1785 annos:
1338 1759 1539 1786 numerum
1581 1747 1826 1797 planetarum
1867 1755 1937 1783 seu
1983 1775 1987 1777 s

1042 1805 1320 1843 curriculorum
1343 1808 1445 1844 circa
1460 1805 1591 1844 Solem
1611 1805 1832 1844 desumtum
1854 1814 1938 1841 esse

1042 1874 1066 1900 a
1102 1865 1391 1912 sapientissimo
1429 1863 1637 1903 Conditore
1680 1875 1727 1902 ex
1766 1864 1938 1913 quinque

1040 1920 1174 1970 figuris
1215 1922 1457 1972 regularibus
1499 1922 1656 1969 solidis,
1706 1921 1752 1960 de
1798 1920 1939 1970 quibus

1040 1978 1224 2018 Euclides
1266 1980 1349 2030 jam
1395 1985 1484 2019 ante
1528 1985 1587 2018 tot
1625 1979 1757 2019 secula
1797 1979 1938 2017 librum

1041 2039 1215 2086 scripsit,
1259 2040 1326 2087 qui
1357 2037 1644 2076 Elementorum
1687 2037 1847 2086 dicitur,
1892 2047 1938 2074 eo

1041 2095 1146 2143 quod
1186 2108 1233 2134 ex
1274 2098 1583 2146 propositionum
1623 2097 1720 2135 serie
1759 2096 1809 2133 sit
1845 2105 1939 2133 con·
1983 2129 1987 2133 .

1039 2157 1220 2192 structus⁴
1290 2153 1404 2202 Quod
1448 2159 1577 2193 autem
1621 2154 1734 2204 plura
1774 2163 1935 2204 corpora

1038 2211 1234 2259 regularia
1264 2217 1462 2261 nequeant
1491 2224 1590 2261 esse,
1621 2212 1697 2251 hoc
1728 2218 1798 2261 est,
1831 2209 1935 2261 quod
1982 2256 1986 2268 X

1038 2267 1185 2317 figurae
1216 2269 1357 2319 planae
1388 2271 1588 2320 regulares
1619 2274 1816 2320 nequeant
1844 2280 1935 2307 sae-

1036 2327 1126 2375 pius
1167 2339 1285 2377 quam
1317 2329 1524 2379 quinquies
1566 2331 1605 2367 in
1638 2328 1807 2373 solidum
1841 2338 1936 2366 con-

1038 2395 1196 2434 gruere,
1243 2386 1283 2424 id
1314 2387 1414 2426 libro
1446 2387 1618 2426 secundo
1657 2387 1775 2437 hujus
1807 2385 1938 2437 operis

1037 2444 1177 2492 patuit.
1662 2488 1671 2502 Ι
1760 2449 1762 2452 ’

1155 2500 1319 2551 Quarto,
1352 2503 1459 2553 quod
1491 2505 1630 2542 attinet
1650 2503 1939 2555 proportionem

1038 2559 1252 2598 orbitarum
1296 2560 1623 2611 planetariarum,
1671 2560 1739 2599 illa
1783 2559 1957 2610 quidem,

1039 2617 1140 2654 inter
1177 2617 1290 2657 binas
1333 2620 1479 2658 orbitas
1510 2622 1659 2659 vicinas
1702 2630 1852 2669 semper
1882 2621 1942 2655 est

1035 2677 1158 2722 tanta,
1191 2680 1234 2714 ut
1253 2676 1368 2717 facile
1390 2683 1588 2730 appareat,
1619 2679 1948 2727 unamquamque
1980 2715 1983 2717 a

1036 2732 1190 2770 illarum
1213 2738 1526 2786 appropinquare
1543 2737 1783 2788 proportioni
1798 2735 1937 2772 unicae

1038 2790 1189 2828 orbium
1221 2795 1336 2832 unius
1369 2807 1417 2834 ex
1438 2797 1610 2845 quinque
1629 2793 1765 2832 solidis
1790 2792 1935 2842 figuris,

1043 2847 1190 2887 scilicet
1222 2852 1326 2890 orbis
1349 2852 1626 2902 circumscripti
1653 2850 1704 2890 ad
1724 2851 1855 2890 orbem
1877 2850 1940 2886 in·
1992 2857 1994 2861 ⁴

1042 2907 1226 2956 scriptum
1267 2909 1436 2961 figurae3
1476 2916 1518 2949 at
1547 2922 1625 2949 non
1656 2915 1786 2948 tamen
1826 2903 1943 2958 plane

1043 2965 1220 3014 aequalis
1253 2973 1322 3016 est,
1355 2974 1399 3007 ut
1431 2969 1522 3007 olim
1555 2979 1674 3007 ausus
1701 2968 1756 3005 fui
1786 2965 1833 3005 de
1852 2976 1943 3015 per-
1991 2989 1994 2998 «

145 3017 247 3060 feeta
263 3020 426 3073 denique
457 3024 692 3064 astronomia
712 3023 895 3076 polliceri.
939 3022 1037 3062 Nam
1071 3028 1159 3073 post
1189 3025 1409 3065 absolutam
1431 3027 1795 3066 demonstrationem
1824 3025 1945 3061 inter-

143 3077 332 3119 vallorum
370 3093 416 3121 ex
471 3082 808 3123 observationibus
848 3079 989 3121 Brahei
1039 3080 1273 3131 deprehendi
1318 3084 1411 3125 hoc:
1464 3086 1552 3124 cubi
1594 3082 1749 3135 quidem
1792 3083 1945 3133 angulis
