1994 3276
669 123 674 128 .
714 84 721 93 “
756 88 1093 142 ιίδωινςοαριιι
1114 96 1144 133 1.
1749 94 1831 145 221

47 211 222 258 weh,
243 216 334 258 puta
355 216 493 248 rectum
514 217 553 248 et
575 221 733 255 curvum,
756 217 948 257 movetque
971 211 1141 258 circulos,
1175 212 1237 258 qui
1261 218 1347 249 sunt
1368 211 1406 248 in
1427 213 1509 259 ipsa
1530 213 1833 254 intellectualiter.

48 263 178 301 Omn'u
198 272 287 310 erg·
301 265 564 300 mathematica
594 264 747 309 primum
777 268 864 300 sunt
892 265 931 300 in
953 264 1093 309 anima,
1126 269 1165 300 et
1194 268 1279 300 ante
1301 275 1467 302 numeros
1496 268 1636 304 numeri
1665 279 1705 305 se
1733 269 1834 316 ipsos

48 321 253 363 moventes,
282 322 321 353 et
341 322 425 354 ante
447 317 583 361 figuras
607 323 823 362 apparentes
847 317 984 362 figurae
1006 316 1153 361 vitales,
1189 321 1334 353 ‹rt-aute
1358 317 1575 355 concordata
1606 320 1664 356 vel
1688 322 1834 358 cousin·

48 375 136 405 nata
156 369 439 415 ipeaerationes
462 369 797 405 concordam-iarum
822 380 888 406 scu
912 369 1155 412 harmonicae,
1178 373 1216 404 et
1237 374 1323 405 ante
1346 379 1508 415 corpora,
1531 381 1625 416 quae
1646 379 1835 410 moventur

46 420 88 457 iu
107 418 288 464 menium,
310 421 381 467 ipsi
404 421 631 467 inconspieui
652 421 743 467 cycli
765 421 901 457 conditi
922 427 1021 459 sunt:
1045 427 1174 468 estque
1196 420 1315 457 anima
1343 422 1499 458 omnium
1520 433 1643 460 rerum
1666 419 1833 463 consum-

46 474 156 511 matio
185 478 224 509 et
245 472 337 510 haec
361 478 416 509 est
440 474 627 509 exornatio
657 473 831 520 quaedam
862 473 935 509 alia
959 476 1115 520 (praeter
1138 472 1340 516 sensilem),
1373 483 1464 519 quae
1488 479 1526 511 et
1548 476 1631 522 ipsa
1653 487 1694 513 se
1716 477 1834 524 ipsam

47 524 194 565 adducit
214 525 274 568 (ad
296 527 380 572 res),
404 531 440 561 et
464 536 486 562 a
509 525 674 562 familiari
697 531 735 562 et
758 530 911 570 cognato
934 526 1111 572 principio
1136 525 1340 570 adducitur,
1373 537 1536 574 quaeque
1559 529 1635 565 vita
1656 535 1695 566 et
1718 541 1758 567 se
1779 531 1834 577 ip·

46 586 124 613 sam
145 576 280 627 implet
293 582 331 614 et
353 588 376 613 a
400 578 569 614 Creatore
591 577 761 624 impletur
787 578 1000 633 incorporeo
1023 584 1060 614 et
1082 577 1268 614 indistanti
1301 577 1417 613 modo.
1477 578 1609 631 (nNffl
1624 579 1742 631 longe
1758 581 1833 620 ab..

47 637 107 679 est
136 630 186 686 ab
215 642 472 684 unoquoque3
504 635 543 670 in
572 634 658 683 ipso
690 634 880 681 vivimus,
917 645 1118 672 movemur
1147 638 1186 674 et
1214 634 1404 686 sumus.“)
1451 633 1499 669 Et
1521 644 1601 669 cum
1618 635 1758 680 profert
1773 647 1835 671 ex-

47 686 232 732 plicatque
254 686 413 724 rationes
436 687 533 733 ejus,
563 692 650 724 tunc
674 692 711 723 et
735 687 903 724 scientias
928 688 1062 733 detegit
1087 699 1210 725 omnes
1244 693 1281 724 et
1305 690 1467 725 virtutes.
1516 687 1749 723 Essentiatur
1771 687 1834 733 igi·

46 746 110 775 tur
130 740 168 775 in
190 739 291 776 hisce
312 739 502 786 speciebus
527 741 661 785 anima,
694 750 761 776 nec
785 740 1079 783 existimandum,
1117 753 1319 787 numerum,
1356 741 1417 787 qui
1440 742 1478 777 in
1498 740 1578 786 ipsa
1609 739 1718 785 inest,
1754 751 1835 777 esse

46 790 308 841 mulffludinem
332 793 522 834 unitatum,
546 802 666 838 neque
687 791 802 827 forma
825 797 862 827 et
883 792 965 828 idea
990 802 1125 837 eornm,
1151 804 1243 840 quae
1268 793 1357 830 locis
1382 799 1467 830 sunt
1489 792 1724 837 dislocabilia,
1750 794 1835 829 sub-

45 843 224 880 audienda
251 850 308 881 est
338 855 529 890 corporea,
567 844 632 880 sed
655 844 774 879 omnia
797 844 953 881 vitaliter
987 850 1024 880 et
1056 846 1353 883 intellectualiter
1381 844 1619 893 supponenda
1651 850 1689 880 et
1718 844 1834 889 prima

51 895 220 940 exempla
239 897 490 942 apparentium
512 907 743 933 numerorum
765 902 803 932 et
825 896 1021 942 figurarum
1044 903 1081 934 et
1106 899 1283 935 rationum
1306 903 1344 935 et
1364 904 1543 942 motuum3
1569 902 1606 933 et
1629 896 1834 941 sequendus

46 947 111 984 hic
134 948 315 991 Timaeus,
339 950 402 1000 qui
425 960 565 984 omnem
587 949 702 994 ipsius
726 954 843 985 ortum
868 954 906 986 et
926 950 1099 986 fabricam
1129 963 1151 987 a
1174 951 1363 997 generibus
1386 950 1647 986 mathematicis
1671 959 1835 985 consum·

47 1005 128 1035 mat
150 1004 190 1035 et
211 1000 353 1046 perficit
381 1001 490 1047 inque
513 1003 591 1047 ipsa
621 1012 741 1038 rerum
775 1003 932 1038 omnium
964 1013 1092 1039 causas
1124 1004 1277 1049 reponit.
1324 1004 1468 1049 Septem
1490 1003 1586 1039 enim
1615 1000 1669 1037 illi
1691 1001 1834 1038 termini

47 1062 277 1093 numerorum
313 1053 471 1089 omnium
499 1051 609 1103 (puto
644 1054 680 1099 1,
710 1053 750 1100 2,
783 1054 822 1100 4,
856 1053 904 1101 83
937 1054 975 1099 3,
1003 1055 1041 1100 9,
1072 1052 1142 1106 27)
1166 1057 1361 1108 secundum
1390 1066 1535 1093 causam
1567 1056 1604 1090 in
1626 1054 1705 1101 ipso
1730 1065 1833 1100 prae·

49 1105 275 1153 eastiternnt.
324 1107 480 1142 Rursum
514 1106 709 1151 figurarum
733 1106 908 1152 principia
938 1108 1216 1145 architectonice
1251 1119 1316 1145 seu
1338 1108 1457 1146 fabrili
1479 1106 1584 1143 modo
1616 1107 1653 1143 in
1676 1107 1756 1153 ipsa
1778 1117 1833 1142 re-
1894 1146 1897 1150 ,

47 1156 166 1202 posita
189 1162 285 1204 sunt,
309 1163 346 1194 et
368 1164 527 1194 motuum
553 1158 708 1193 omnium
731 1159 867 1204 primus
891 1163 927 1194 et
951 1160 1282 1207 principalissimus,
1309 1161 1370 1207 qui
1385 1165 1503 1196 motus
1526 1158 1685 1204 reliquos
1710 1168 1832 1194 omnes

47 1208 245 1246 circumdat
266 1211 473 1255 incitatque,
500 1222 572 1246 una
596 1221 676 1246 cum
701 1211 781 1256 ipsa
804 1212 962 1258 exstitit3
998 1214 1153 1248 omnium
1178 1212 1271 1249 enim
1296 1223 1389 1258 quae
1411 1216 1596 1253 moventur
1619 1211 1832 1257 principium

48 1266 103 1297 est
124 1261 280 1298 circulus
303 1268 341 1298 et
363 1270 481 1299 motus
506 1264 699 1299 circularis.
756 1263 847 1299 Sunt
870 1263 982 1310 igitur
1006 1266 1218 1302 essentiales
1245 1269 1281 1300 et
1304 1275 1343 1301 se
1367 1264 1464 1310 ipsas
1488 1269 1671 1300 moventes
1695 1263 1833 1299 mathe-

46 1314 255 1350 maticamm
277 1325 397 1350 rerum
421 1316 596 1361 rationes,
631 1326 726 1361 quae
749 1321 997 1352 consummant
1021 1318 1180 1353 animas:
1211 1328 1301 1364 quas
1333 1316 1450 1352 anima
1481 1315 1667 1362 proferens
1691 1321 1729 1350 et
1749 1326 1832 1366 pro—

48 1376 185 1412 pagans
219 1367 474 1414 evolvensque·
493 1377 633 1403 omnem
658 1368 864 1404 varietatem
902 1369 1132 1405 scientiarum
1156 1369 1487 1405 mathematicorum
1503 1367 1603 1411 *facit
1626 1367 1831 1404 subsistere.
1851 1408 1853 1411 ¹

47 1419 176 1465 Neque
198 1420 267 1456 crit
287 1429 465 1465 unquam,
499 1425 541 1455 ut
563 1421 703 1456 desinat
724 1421 788 1456 illa
810 1422 1025 1467 progignere
1050 1427 1087 1456 et
1111 1432 1238 1458 eruere
1261 1431 1404 1466 semper
1426 1420 1495 1456 alia
1517 1426 1603 1466 post
1624 1419 1713 1464 alia,
1747 1419 1832 1455 dum

46 1471 204 1507 rationes
227 1482 314 1510 suas
335 1472 570 1517 impartibiles
601 1472 831 1517 simplicitate
861 1475 974 1509 exuit.
1022 1474 1150 1509 Omnia
1181 1475 1276 1510 enim
1305 1474 1405 1518 prins
1434 1473 1596 1518 accepit,
1631 1472 1831 1516 specierum

46 1524 249 1570 principum
285 1529 324 1561 et
352 1520 614 1571 primaevardm
652 1526 690 1560 in
723 1526 868 1561 modum
901 1533 938 1562 et
977 1525 1173 1562 secundum
1209 1526 1386 1570 infinitam
1417 1536 1518 1561 suam
1550 1524 1757 1561 faculmtem
1786 1535 1832 1560 ex

49 1577 235 1622 principiis
260 1578 465 1624 anticipatis
498 1578 612 1614 omnis
636 1578 777 1622 generis
801 1578 1087 1623 speculationum
1115 1580 1394 1624 propagationes
1418 1578 1682 1614 architectatur.
1722 1574 1832 1613 Hac-

0 1668 1 1671 ,
49 1637 163 1686 tenus
191 1631 367 1674 Proclus.

105 1696 118 1710 '-
164 1689 306 1728 Totum
334 1690 464 1730 locum
493 1693 706 1730 exscribere
739 1691 864 1739 volui,
906 1693 998 1741 quia
1034 1704 1109 1729 non
1142 1697 1290 1730 tantum
1329 1694 1518 1742 genuinos
1546 1691 1831 1729 harmoniarum

0 1787 2 1791 ,
49 1749 245 1796 terminos,
276 1749 438 1788 circulos
469 1756 507 1788 et
537 1761 648 1788 arcus
669 1762 694 1787 a
712 1749 845 1799 figuris
865 1751 1061 1797 rescissos‚
1084 1752 1183 1788 inter
1204 1756 1331 1788 cetera
1349 1750 1621 1788 mathematica
1644 1751 1680 1786 in
1701 1750 1832 1787 anima

0 1807 2 1865 ξ
51 1806 168 1855 inque
198 1812 325 1845 mente
356 1809 493 1845 statuit
522 1807 793 1855 essentialiter,
834 1808 890 1846 sic
919 1812 964 1844 ut
1001 1808 1099 1846 haec
1128 1808 1402 1848 mathematica
1431 1808 1525 1846 fiant
1562 1809 1636 1857 ipsi
1677 1808 1831 1846 animae

0 1866 3 1924 μ
50 1865 299 1914 vicissimque
336 1867 467 1902 anima
503 1866 599 1916 ipsis
628 1863 681 1918 (in
720 1870 906 1915 quantum
943 1861 1043 1903 sunt'
1074 1872 1223 1904 secreta
1264 1879 1289 1904 a
1329 1864 1602 1917 singularibus)
1638 1864 1831 1915 quaedam

0 1927 2 1941 ⁸
52 1920 159 1963 velut
185 1924 374 1971 essentia,
413 1923 484 1962 sed
513 1925 628 1961 etiam
660 1925 752 1973 quia
782 1923 1049 1962 mihisimilia
1085 1924 1293 1973 proferenti
1334 1924 1452 1962 demit
1481 1923 1666 1962 invidiam
1698 1923 1830 1973 rejecti

48 1977 140 2029 hinc
168 1979 258 2019 inde
287 1980 519 2029 Aristotelis,
550 1988 752 2031 totamque
786 1981 884 2020 hanc
915 1978 1212 2031 philosophiam⁴
1233 1984 1370 2020 eximie
1400 1981 1652 2021 commendat.

45 2082 66 2089 ,,
165 2047 226 2086 De
255 2050 421 2087 numeris
450 2049 604 2099 quidem
634 2050 739 2088 haud
770 2051 1053 2098 contenderim,
1090 2052 1184 2101 quin
1215 2051 1445 2090 Aristoteles
1474 2055 1576 2090 recte
1610 2051 1831 2089 refutaverit

47 2103 349 2155 Pytha-guricon
379 2114 469 2146 sunt
499 2110 599 2146 enim
628 2108 685 2145 illi
715 2108 907 2146 secundae
937 2109 1224 2158 quodammodo
1256 2111 1490 2157 intentionis,
1521 2111 1596 2148 imo
1627 2115 1666 2147 et
1694 2111 1830 2147 tertiae

49 2168 90 2200 et
117 2168 277 2211 quartae
307 2170 346 2202 et
374 2165 485 2214 cujus
522 2177 598 2204 nou
638 2172 696 2204 est
736 2166 862 2205 dicere
901 2170 1124 2216 terminum3
1163 2179 1234 2206 nec
1275 2168 1419 2206 habent
1457 2169 1495 2204 iu
1525 2179 1568 2205 se
1609 2168 1828 2216 quicquam,

46 2220 155 2269 „quod
185 2232 262 2259 non
292 2221 356 2260 vel
383 2234 408 2259 a
437 2225 729 2272 quantitatibus,
766 2225 824 2262 vel
855 2225 906 2262 ab
937 2225 1025 2263 aliis
1049 2227 1149 2263 veris
1180 2231 1218 2264 et
1246 2226 1413 2263 realibus
1434 2225 1598 2271 entibus,
1630 2225 1691 2263 vel
1713 2226 1830 2262 etiam

33 2289 76 2318 :a
105 2280 222 2316 variis
250 2281 389 2317 mentis
418 2281 694 2319 intentionibus
724 2284 964 2332 acceperint3
1002 2285 1134 2332 itaque
1163 2294 1235 2322 nec
1265 2284 1479 2322 Platonicis
1508 2284 1694 2331 numeris,
1733 2293 1830 2320 con-

16 2335 17 2338 ’
51 2337 217 2374 versioni
248 2338 614 2386 rerumpublicarum
642 2341 807 2386 tributis,
839 2351 937 2390 quos
959 2341 1134 2379 Bodinus
1165 2343 1204 2378 in
1234 2342 1417 2380 methodo
1442 2341 1683 2380 historiarum
1714 2351 1831 2378 usur-

48 2398 129 2443 pat,
157 2405 230 2432 nec
259 2394 522 2435 climactericis
552 2397 663 2435 dictis
693 2404 848 2446 propter
878 2398 1032 2447 quidem
1063 2410 1106 2436 se
1135 2400 1242 2447 ipsos
1272 2402 1480 2448 quiequam
1511 2398 1649 2445 tribuo,
1684 2399 1758 2436 nisi
1789 2399 1828 2434 in

37 2457 239 2500 ·,quantum
279 2453 306 2489 ii
335 2453 594 2492 revolutiones
633 2461 822 2493 astrorum
859 2455 1282 2506 configurationumque
1313 2463 1540 2504 numerant3
1571 2463 1614 2505 ut
1641 2467 1762 2505 nuper
1791 2457 1830 2493 in

23 2509 332 2558 *prolegomenis
367 2510 655 2559 Ephemeridum
684 2524 760 2551 non
792 2514 954 2552 obscure
984 2513 1213 2563 significavi.

0 2571 31 2631 [4
53 2597 61 2599 ν-
166 2578 220 2616 At
257 2578 360 2627 quod
402 2581 539 2617 attinet
575 2583 811 2630 quantitates
851 2583 1076 2630 continuas,
1126 2586 1282 2622 omnino
1322 2588 1512 2622 assentior
1550 2584 1710 2632 Proclo,
1756 2585 1828 2622 etsi

2 2638 174 2682 ‘levatio
205 2636 292 2674 fluit
318 2638 391 2685 ipsi
422 2640 598 2675 torrentis
628 2640 766 2687 instar,
805 2641 909 2689 ripas
939 2641 1133 2679 inundans
1174 2646 1213 2680 et
1254 2654 1371 2680 caeca
1401 2642 1686 2680 dubitationum
1726 2641 1830 2684 vada

20 2695 300 2743 *Jgurgitesque
330 2694 538 2742 occultans,
556 2695 660 2733 ‘dum
689 2709 797 2735 mens
825 2698 942 2747 plena
970 2699 1186 2748 majestatis
1215 2704 1408 2737 tantarum
1437 2712 1562 2737 rerum
1594 2700 1761 2738 luctatur
1789 2701 1829 2737 in

23 2753 238 2799 angustiis
260 2751 423 2800 linguae,
456 2757 494 2790 et
523 2753 732 2801 conclusio,
762 2766 958 2805 nunquam
989 2757 1062 2794 sibi
1093 2759 1167 2807 ipsi
1198 2758 1404 2795 verborum
1434 2759 1543 2806 copia
1575 2757 1828 2806 satisfaciens,

22 2809 354 2858 ¹Qipropositionum
382 2809 668 2858 simplicitatem
697 2811 859 2850 excedit.
921 2812 1069 2863 Opinor
1098 2816 1227 2864 igitur,
1258 2816 1289 2852 si
1312 2826 1419 2852 meas
1451 2825 1523 2863 ego
1548 2816 1728 2863 rationes,
1761 2827 1828 2854 cur

21 2863 261 2922 stharmoniis
298 2868 544 2906 insensilibus
582 2867 765 2913 circulum
800 2870 1101 2911 intellectualem
1142 2873 1303 2921 ejusque
1342 2876 1473 2921 partes
1510 2874 1693 2911 terminos
1731 2884 1828 2913 con-

27 2923 231 2971 grumam,
265 2924 348 2972 Jam
377 2926 610 2974 subjunxcro
647 2924 867 2978 (conceptas
906 2931 1013 2978 prius
1044 2942 1161 2979 quam
1190 2929 1367 2967 Proclum
1402 2928 1615 2981 legissem),
1657 2942 1717 2968 me
1746 2942 1824 2969 non

43 2982 200 3035 pantum
243 2988 498 3021 consentanea
528 2982 667 3021 Proclo
709 2982 915 3034 dicturum,
954 2987 1022 3025 sed
1061 2990 1176 3025 etiam
1217 2987 1484 3036 compendium
1514 2988 1707 3036 quoddam
1749 2989 1826 3028 loci

55 3025 235 3088 descripti
263 3039 470 3089 facturum,
503 3047 690 3089 quantum
721 3041 877 3090 quidem
906 3043 971 3082 ille
1002 3056 1088 3083 meo
1119 3046 1239 3083 servit
1268 3046 1456 3083 instituto.
