1994 3276
0 2593 13 2682 »πμ-ψ*-
0 2578 14 2588 ⁵3

898 80 1094 141 audaga*
1230 102 1237 110 -
1329 118 1338 124 .
1529 102 1535 110 ·
1799 84 1887 138 ’433

91 215 206 264 haee
220 212 338 256 ὀιιὶήζ
356 211 552 257 caloribus
581 208 843 254 subterraneis
870 215 1085 262 concitatis,
1114 213 1208 252 foris
1238 213 1356 252 etiam
1386 211 1523 263 adiuta
1545 211 1650 252 Solis
1680 211 1889 266 caloribus,

91 271 281 314 humores
317 272 589 314 subterraneos
625 273 675 311 inv
702 279 885 325 vaporem
925 276 1128 320 attenuat,
1171 283 1261 311 cnm
1299 273 1338 309 in
1376 270 1678 321 modum,*-quo
1718 269 1888 321 hominis

94 335 225 373 anima
261 332 425 372 sudores
463 331 579 370 simul
619 337 659 371 et
696 331 996 382 evaporationes
1037 331 1133 378 ciet,
1176 330 1326 368 irritata
1371 328 1633 368 mithridatico
1670 335 1738 368 aut
1778 331 1890 369 motu

94 388 266 443 eorporis
283 391 549 431 'exaestuans
609 388 701 428 Jam
745 389 958 440 vaporibus
999 387 1272 428 exhalantibus
1312 387 1452 438 reliqui
1490 392 1639 435 motus,
1682 389 1888 438 gravitatis

94 452 137 489 et
162 448 347 512 leirliutis,
379 447 518 487 eoloris
548 454 588 486 et
616 440 780 499 frigoris,
812 447 1028 486 densitatis
1046 446 1088 485 et
1114 444 1307 494 raritatis,
1336 446 1552 485 momentis
1582 450 1683 484 uitro
1712 448 1889 497 sequun-
1931 476 1934 478 .

94 512 169 549 tur
208 502 309 556 seii
338 502 608 556 argumentum
639 507 757 544 etiam
786 505 992 544 audiamus
1022 514 1153 551 unum,
1185 504 1373 543 haetenus
1395 505 1496 543 enim
1525 514 1653 542 meras
1678 506 1889 552 sententias

98 548 344 616 loquebaris·
376 566 410 603 si
441 566 570 602 anima
599 563 744 603 Terrae
773 567 1025 615 tempestates
1057 564 1095 600 in
1127 565 1215 601 ae're
1237 564 1417 610 concitat,
1450 573 1594 613 corpus
1613 563 1744 612 iqitur
1767 572 1889 603 suum

92 625 183 681 ipsu
218 621 390 661 destruit
421 627 458 660 et
498 622 702 661 dilacerat.
761 620 935 660 Hoccine
972 621 1064 668 tibi,
1102 620 1296 668 Roberte,
1329 620 1575 659 absurdum?
1615 626 1652 659 et
1688 620 1887 672 nunquam

93 679 205 731 tuam
233 680 318 731 ipse
349 681 520 730 linguam
562 691 689 720 errore
718 675 997 732 praecipitatus
1026 679 1290 727 momordisti,
1334 689 1535 729 nunquam
1565 677 1695 717 sulcos
1729 680 1769 717 in
1801 681 1889 719 cute

93 726 207 794 egisti
235 738 466 788 unguibus?
526 738 587 776 An
616 738 715 777 forte
746 749 821 776 non
851 743 921 776 tua
949 737 1026 776 hoc
1054 738 1247 788 praestitit
1276 737 1426 784 anima,
1471 737 1540 776 sed
1571 736 1707 776 dentes
1744 743 1783 776 et
1813 749 1889 775 un-

93 802 191 848 gues
211 798 382 836 seorsim
412 797 462 835 ab
494 796 655 835 anima?
711 796 861 835 Verum
890 800 933 834 tu
966 795 1016 833 ad
1046 797 1260 834 sententias
1291 797 1515 834 reverteris:
1546 796 1691 833 anima
1720 797 1890 834 univer-

91 852 187 894 ‚aar
210 847 359 893 mu'ndi
387 860 456 902 est,
487 855 596 892 unde
623 859 877 906 tempestates,
908 857 1083 893 cometae
1110 843 1178 892 etc.
1205 853 1443 903 procedunt.
1505 853 1568 891 De
1602 855 1761 892 cometis
1791 853 1887 891 nihil

91 911 309 964 obloquor,
346 922 424 951 non
456 900 557 950 enim
588 923 655 951 eos
688 925 734 951 ex
764 911 885 950 Terra
913 913 1119 961 minusque
1161 922 1208 950 ex
1240 913 1328 951 aere
1358 918 1492 950 nostro
1537 912 1624 949 oriri
1656 917 1773 962 puto,
1820 918 1889 951 aut

98 975 200 1010 certe
236 971 504 1021 paucissimos.
567 971 626 1009 De
669 970 965 1020 tempestatibus
1006 969 1101 1009 cedo
1141 971 1312 1017 rationes
1352 976 1421 1008 aut
1459 969 1579 1008 fatere
1620 969 1717 1008 nihil
1749 969 1819 1008 abs
1850 975 1888 1009 te

95 1026 239 1068 dictum
270 1027 367 1067 esse.
428 1029 509 1077 Est,
540 1028 679 1078 inquis,
711 1031 778 1067 a‘e'r
807 1029 1026 1079 passivum,
1069 1028 1174 1066 illius
1205 1029 1357 1066 animae
1386 1026 1520 1066 mundi
1550 1029 1748 1079 proprium
1779 1028 1889 1080 ejus-

96 1083 199 1138 (ἰιιρἔμ
220 1083 444 1125 'actionibus
481 1089 613 1136 'magis
667 1092 814 1137 aptum.
889 1084 1025 1135 Quid?
1076 1087 1110 1124 si
1152 1085 1199 1124 de
1244 1085 1388 1124 Terrae
1433 1087 1563 1124 anima
1603 1085 1770 1125 dicerem
1813 1090 1887 1137 eg'o

96 1144 221 1192 idem,
253 1142 499 1184 verisimilior
529 1143 718 1194 equidem
739 1144 835 1183 haec
866 1149 968 1183 esset
998 1143 1241 1182 familiaritas
1270 1145 1371 1189 inter
1400 1144 1574 1192 vicinos,
1606 1145 1707 1183 inter
1735 1149 1886 1196 aequa—

94 1201 165 1251 les,
198 1208 314 1253 quam
354 1208 399 1241 ut
428 1207 577 1241 tantum
607 1204 753 1253 negotii
795 1204 846 1241 sit
879 1201 935 1239 illi
975 1202 1109 1240 mnndi
1151 1201 1379 1253 amplissimi
1423 1204 1576 1241 animae
1617 1203 1656 1240 in
1686 1202 1746 1241 bis
1787 1204 1888 1241 aeris

90 1259 226 1300 nostri
247 1262 457 1311 angustiis,
501 1266 549 1299 ut
578 1261 736 1312 affatim
768 1261 841 1299 illa
877 1262 921 1298 in
950 1260 1010 1298 his
1038 1264 1151 1299 natet
1178 1265 1215 1299 et
1244 1265 1350 1311 aqut
1410 1259 1556 1299 Verum
1595 1265 1633 1299 et
1669 1260 1744 1300 hoc
1772 1272 1887 1311 nego,

94 1321 283 1378 aptiorem
322 1331 406 1358 esse
451 1321 579 1357 ae'rem
616 1318 872 1369 suscipiendis
903 1318 1056 1356 animae
1084 1318 1228 1357 Terrae
1266 1318 1504 1366 actionibus,
1549 1329 1666 1369 quam
1702 1318 1886 1358 humores

96 1370 268 1428 corpdris
297 1376 451 1416 Terrae.
512 1375 614 1426 Quid
645 1376 831 1427 quaeris?
871 1379 937 1415 ae'r
966 1381 1075 1415 extra
1106 1382 1176 1424 est,
1206 1376 1346 1415 humor
1374 1377 1489 1424 intus,
1521 1378 1561 1414 in
1591 1377 1751 1416 humore
1782 1378 1889 1416 calor

94 1434 146 1475 ab
177 1436 307 1487 anima
335 1437 551 1474 concitatus
580 1437 728 1474 invenit
758 1434 862 1484 quod
893 1440 1006 1484 agat,
1036 1437 1104 1473 ae'r
1129 1434 1211 1484 jam
1242 1439 1465 1473 attenuatus
1498 1436 1576 1473 irim
1607 1435 1710 1475 illius
1742 1437 1883 1475 evas-it.
1945 1478 1954 1482 ,

91 1492 163 1532 Sic
191 1494 271 1541 igni
300 1494 403 1532 actio
435 1500 494 1531 est
525 1495 574 1530 in'
594 1493 761 1543 lignum,
794 1495 831 1530 in
863 1493 1029 1531 cinerem
1059 1503 1135 1532 non
1168 1498 1238 1532 est.

210 1548 340 1589 Velim
369 1553 487 1589 etiam
516 1553 631 1600 scire,
664 1551 857 1601 quodnam
890 1550 983 1587 illud
1014 1552 1064 1588 sit
1093 1550 1221 1588 simile
1250 1553 1414 1589 animae
1441 1545 1690 1598 mundanae,
1732 1550 1841 1600 quod
1868 1563 1888 1588 e

95 1609 209 1647 coelis
240 1608 485 1658 'quandoque
513 1610 694 1659 impluit,
727 1609 832 1658 quod
862 1620 939 1646 non
970 1609 1020 1646 sit
1042 1608 1296 1657 configuratio
1322 1609 1556 1656 harmonica,
1591 1614 1633 1647 nt
1654 1620 1728 1657 ego
1752 1608 1886 1656 doceo,

95 1666 168 1719 sed¹
205 1667 313 1716 quod
339 1667 576 1716 fortificetur
617 1668 667 1705 ab
707 1667 807 1705 illa?
855 1665 984 1704 Velim
1015 1668 1133 1714 scire,
1180 1665 1274 1716 quid
1311 1668 1483 1705 conferat
1523 1666 1724 1705 exhalatio
1753 1671 1887 1704 terrae

95 1718 323 1774 may‘netica
352 1724 407 1762 ad
435 1725 728 1774 suscipiendum
758 1726 958 1773 spiritum,
993 1723 1031 1761 id
1062 1729 1119 1762 est
1150 1724 1314 1762 ae‘rem‘?
1374 1725 1484 1762 Anne
1515 1724 1589 1763 hoc
1620 1726 1693 1771 vis,
1726 1723 1887 1763 Terram

97 1782 291 1821 exhauriri
322 1781 574 1821 exhalatione¹
599 1782 668 1820 illa
698 1794 822 1832 eoque
852 1783 1045 1820 sitientem
1076 1793 1161 1820 sese
1191 1787 1359 1820 attractu
1395 1784 1494 1820 aeris
1524 1781 1711 1820 reficere?
1769 1781 1888 1833 Mag-

94 1840 223 1878 netica
249 1839 456 1887 exhalatio,
488 1841 675 1889 Roberte‚
714 1851 790 1878 non
833 1845 891 1879 est
920 1840 1153 1887 materialis,
1196 1839 1264 1878 sed
1295 1840 1540 1890 potentialis3
1582 1846 1640 1878 est
1673 1841 1775 1879 enim
1805 1841 1888 1879 for-

95 1894 213 1936 malis
238 1899 406 1949 corporis
435 1900 612 1948 potentia
642 1899 812 1948 aspirare
843 1897 892 1935 ad
924 1899 1105 1936 unionem
1148 1909 1234 1936 cum
1265 1899 1338 1936 sibi
1372 1897 1503 1936 simili.
1564 1897 1714 1948 Quodsi
1744 1899 1887 1938 Terrae

24 1961 35 1966 ·
95 1955 146 1994 ad
174 1959 447 2006 generationes
478 1969 576 2006 opus
609 1962 668 1995 est
696 1968 797 2004 aere,
828 1956 981 1995 facilius
1010 1956 1076 1995 hic
1103 1955 1162 1994 illi
1192 1956 1502 2028 suppeditabitur
1532 1957 1581 1995 ab
1612 1958 1728 2005 intus,
1760 1956 1887 1996 calore

98 2011 315 2059 extenuatis
346 2014 584 2053 humoribus.

213 2071 365 2111 Crebris
396 2082 420 2110 a
449 2079 486 2111 te
517 2073 729 2120 sententiis,
762 2072 942 2119 Roberte,
975 2070 1162 2110 dissideo
1219 2071 1428 2110 Problema
1452 2071 1688 2122 jucundum,
1720 2083 1787 2110 cur
1816 2084 1886 2110 su-

101 2127 193 2175 dent
221 2141 413 2168 marmora
435 2131 579 2180 pluviis
608 2129 906 2179 ingruentibus>
964 2129 1024 2167 Tu
1055 2129 1277 2180 respondes,
1309 2132 1437 2168 aerem
1463 2130 1546 2180 jam
1571 2130 1795 2168 humectum
1825 2131 1887 2167 in-

97 2186 206 2243 gredi
235 2187 432 2244 salemque
470 2190 669 2226 marmoris
700 2184 902 2226 resolvere.
963 2187 1145 2226 Pondera
1174 2199 1265 2237 ergo
1296 2199 1462 2226 marmor
1505 2193 1543 2227 et
1572 2189 1692 2235 refer,
1736 2193 1885 2238 quanto

98 2244 138 2282 id
168 2247 218 2283 sit
248 2245 391 2284 factum
421 2245 558 2293 levius,
590 2247 623 2284 si
652 2251 802 2284 tantum
832 2246 926 2284 salis
954 2245 1057 2283 foras
1086 2247 1203 2283 misit.
1265 2246 1347 2295 Ego
1370 2246 1526 2295 quidem
1557 2258 1683 2296 spero,
1713 2258 1775 2284 me
1805 2246 1887 2284 lee-

98 2304 172 2341 t'ori
202 2303 487 2342 satisfacturum
515 2304 665 2342 melius.
725 2304 811 2342 Non
843 2305 970 2342 solum
1002 2315 1179 2348 marmor,
1210 2315 1286 2341 non
1319 2315 1469 2354 semper
1496 2304 1571 2342 hoc
1599 2309 1783 2363 praestat,
1816 2303 1886 2342 sed

98 2365 190 2398 tunc
220 2358 388 2410 tantum,
429 2362 584 2412 quando
614 2363 734 2411 frigus
772 2367 810 2399 et
837 2363 1017 2400 marmori
1058 2366 1096 2399 et
1127 2361 1255 2398 densis
1295 2363 1473 2399 omnibus
1512 2360 1722 2411 impactum
1751 2361 1886 2400 haeret

98 2421 293 2466 tenacius,
334 2421 425 2458 tnnc
451 2421 584 2458 'subito
617 2417 891 2473 superveniens
924 2430 1045 2466 vapor
1074 2419 1277 2456 humectus
1320 2424 1358 2456 et
1397 2418 1551 2469 tepidus
1581 2418 1788 2457 resolvitur
1817 2431 1887 2458 oe—

99 2484 213 2514 cursu
253 2476 380 2527 frigidi
422 2478 462 2514 in
491 2489 633 2527 aquam
665 2474 925 2526 adhaeretdue
968 2476 1182 2527 superficiei
1222 2477 1433 2514 marmoris
1493 2476 1594 2515 Nam
1635 2477 1766 2527 tepida
1796 2481 1888 2515 sunt

101 2537 140 2571 et
168 2533 279 2585 rara,
322 2545 423 2584 quae
452 2535 580 2584 frigidi
612 2547 771 2574 occursu
802 2535 1038 2573 condensata
1079 2534 1206 2572 locum
1238 2536 1394 2583 capiunt
1425 2536 1709 2583 angustiorem,
1753 2536 1886 2585 itaque

99 2590 252 2640 tepidae
283 2598 412 2642 partes
443 2594 591 2631 vicinae
622 2593 851 2640 succedunt,
896 2605 944 2631 ne
976 2592 1087 2630 detur
1115 2604 1294 2631 vacuum.
1355 2591 1415 2630 Ita
1455 2592 1499 2630 fit
1537 2596 1580 2631 ut
1622 2595 1689 2631 aiir
1731 2593 1886 2644 tepidus

99 2647 250 2703 feratur
271 2649 320 2687 ad
349 2661 525 2687 marmor.
583 2650 670 2689 Non
700 2651 839 2702 probat
869 2651 984 2700 igitur
1012 2651 1085 2688 hoc
1116 2651 1354 2700 exemplum,
1396 2653 1524 2688 aeirem
1564 2652 1602 2687 in
1634 2650 1801 2689 Terram‘
1822 2652 1886 2688 in-

100 2705 206 2754 gredi
240 2734 248 2753 ,
281 2708 315 2744 si
344 2707 436 2744 foris
468 2707 664 2748 adhaeret
726 2708 841 2746 Aliud
874 2714 1140 2757 argumentum
1172 2708 1280 2746 ducis
1321 2720 1344 2745 a
1373 2708 1563 2757 pluviosis
1595 2709 1886 2747 constitutioni-

100 2763 173 2801 bus
202 2768 392 2813 putasque
423 2763 655 2802 defecturam
684 2768 800 2823 maris
832 2768 994 2817 copiam,
1028 2767 1060 2803 si
1090 2766 1178 2804 inde
1208 2767 1372 2803 materia
1401 2771 1439 2804 et
1461 2777 1536 2802 non
1560 2766 1609 2803 ab
1630 2769 1730 2804 aere.
1779 2765 1882 2806 Puto

101 2827 175 2870 ego
207 2826 350 2868 eontra,
383 2820 616 2860 defecturam
647 2817 746 2860 aefris
777 2825 926 2873 copiam
955 2824 1078 2861 multo
1110 2825 1235 2861 citius.
1297 2822 1360 2860 Sic
1391 2824 1493 2860 enim
1529 2824 1568 2860 in
1602 2821 1751 2873 Opticis
1792 2818 1885 2864 olim

102 2883 141 2916 et
170 2890 260 2917 vere
290 2881 442 2928 scripsi,
472 2879 560 2929 plus
592 2891 677 2918 esse
706 2882 890 2919 materiae
920 2883 957 2918 in
989 2883 1103 2919 unica
1133 2886 1244 2930 gutta
1272 2891 1419 2929 aquae,
1442 2891 1568 2935 quam
1599 2882 1639 2919 ἰιι
1668 2882 1769 2921 ae'ris
1799 2893 1885 2921 am-

59 2948 62 2950 ·
101 2935 275 2985 piissimo
306 2938 458 2986 spatio,
502 2936 605 3004 quod
643 2936 790 2975 scilicet
828 2938 986 2987 impleat
1017 2939 1201 2977 conclave
1243 2942 1378 2975 totum
1440 2928 1564 2987 Igitur
1589 2942 1777 2989 majorem
1806 2953 1881 2992 ego

104 3004 302 3050 assensum
332 3005 457 3044 spero,
488 2996 554 3044 qui
584 2994 738 3044 pluvias
767 3005 844 3032 non
876 3007 922 3034 ex
954 2998 1051 3034 ae'ris
1074 2996 1231 3042 externi,
1262 3002 1305 3032 ut
1335 3000 1389 3042 tu,
1422 2995 1490 3034 sed
1512 3008 1558 3034 ex
1578 3000 1734 3064 vap-oris
1753 2997 1883 3039 adhuc

104 3046 136 3088 a
155 3053 312 3090 matrice
342 3062 414 3090 sua
442 3053 691 3091 subterranea
728 3052 892 3102 tepentis
931 3054 1232 3093 condensatione
1263 3063 1417 3102 genero
1479 3053 1573 3092 Erat
1603 3056 1704 3094 enim
1742 3050 1884 3097 h'umor

172 3123 296 3158 Kepleri
313 3124 412 3157 open
428 3124 464 3152 V.
1612 3125 1664 3163 28
