1994 3276
694 111 1031 158 mame-put
1054 110 1151 155 xiv.
1295 161 1297 163 ¹
1399 110 1402 112 “
1647 120 1650 122 ·
1728 113 1812 154 asa

34 227 655 288 calamitatuni-asoti,
682 229 891 267 orbisvero
919 238 993 265 ιιοιι
1021 228 1070 264 sit
1097 234 1267 265 mensura
1293 227 1350 265 sui
1378 230 1509 264 motus.
1557 226 1674 264 Orbes
1704 226 1816 272 iginu-

35 279 109 329 ipsi
133 280 243 328 plane
264 293 339 326 m
360 286 448 321 ιιιιιι
469 282 701 329 comparandi
721 292 841 328 neque
864 280 1009 318 chordis
1033 291 1151 328 neque
1168 280 1277 317 sonis.
1322 280 1416 316 Nam
1430 278 1530 325 quod
1544 278 1815 318 similitudinem

35 333 165 371 attinet
187 339 397 382 usurpatam
420 336 655 382 transitionis,
678 335 752 373 illic
775 346 797 371 a
813 334 1057 371 consonantiis
1080 334 1126 370 ad
1151 333 1305 371 chordas
1326 337 1576 377 consonantes,
1598 331 1659 369 hie
1681 342 1706 369 a
1725 343 1814 370 con-

36 386 319 435 figmflwilm
331 386 380 425 ad
403 387 571 433 planetas
594 364 854 434 coi'nfignmtoe,
877 398 922 424 ea
943 387 1067 424 fucata
1090 390 1165 431 est,
1196 396 1269 422 non
1293 385 1388 422 enim
1410 390 1489 422 tota
1513 383 1709 430 curricula,
1739 395 1814 421 ιιοιι

0 440 3 444 ’
33 436 166 498 {ntegri
187 437 311 485 orbes,
340 439 406 476 sed
429 440 501 486 ipsi
525 440 655 479 salton
674 435 902 487 planetarum
922 438 1226 484 configuratorum
1248 438 1349 474 situs
1379 437 1600 485 singulares,
1632 447 1700 476 nec
1721 437 1814 480 situs

34 490 73 527 in
95 489 271 530 diametro
293 492 418 529 mnndi
440 494 533 538 veri,
566 494 637 531 boc
659 499 716 531 est
738 493 973 540 sphaerarum
996 491 1164 538 angustia
1186 496 1224 528 et
1246 491 1464 537 amplitudo,
1496 492 1563 528 sed
1585 492 1678 531 situs
1699 499 1813 536 appa

33 546 156 581 rentes
177 542 293 590 ipsius
314 543 443 582 sideris
469 547 538 588 sub
561 545 695 583 extimo
717 545 851 583 circulo
875 545 1022 582 zodiaco
1056 545 1095 580 in
1118 543 1181 580 illa
1205 543 1437 580 similitudine
1465 543 1688 591 respondent
1711 542 1814 582 chor-

34 592 101 631 dis.
145 594 275 641 Itaque
296 596 506 642 requirebat
528 598 736 643 similitudo,
760 602 802 634 ιιι
824 596 1080 643 unaquaelibet
1108 596 1243 633 chorda
1265 600 1535 642 compararetur
1557 596 1713 643 planetis
1727 605 1813 642 pro-

34 645 170 733 dnm
193 647 384 738 m
405 660 479 686 non
508 656 550 687 ut
574 651 737 698 singulae
767 650 1017 696 singulis.1d
1048 659 1133 686 vero
1162 649 1367 695 pertinebat
1396 649 1443 686 ad
1475 649 1576 695 prius
1606 649 1814 696 membrum,

60 707 80 733 e
103 707 176 744 quo

126 750 223 788 Nota
244 753 306 790 VI.
353 755 422 792 Hic
445 760 603 802 systema
634 756 808 793 musicum
833 760 1062 802 comparatur
1091 766 1164 792 non
1188 755 1341 801 amplius
1366 754 1530 800 zodiaco,
1568 758 1610 790 nt
1639 753 1758 800 capite
1779 755 1815 800 8,

0 830 3 831 γ
0 801 101 847 ,ιοᾶ
123 803 195 850 ipsi
216 809 380 853 compagi
402 809 514 847 totius
537 809 682 855 mundi,
705 814 743 846 et
766 808 924 846 chordae
947 807 1110 854 singulae
1134 808 1284 853 singulis
1308 807 1472 853 orbibus;
1498 806 1647 844 stabiles
1669 807 1813 854 quidem

0 853 204 900 ψῙιιετιι
226 857 353 904 primis
376 861 614 907 singulorum,
643 862 793 898 mobiles
817 872 901 897 vero
925 860 1243 898 succedentibus.
1260 861 1360 896 Haec
1383 860 1614 920 quantumvis
1636 865 1723 907 apta
1744 859 1815 897 dis·

40 905 190 946 tributio
212 909 379 957 impingit
401 917 522 950 tamen
543 914 664 952 mulus
688 915 815 960 modis,
839 925 912 960 quo
936 914 1052 950 miuus
1076 913 1231 950 causalis
1255 913 1319 955 8ιι
1347 918 1411 949 aut
1433 912 1521 948 mibi
1543 912 1581 949 in
1603 922 1683 948 meo
1707 921 1816 959 opere

0 980 16 1023 ι·
38 962 293 1005 0⁶an
331 965 430 1002 Nam
452 966 580 1013 primo,
604 968 635 1004 si
658 967 765 1004 orbes
788 967 931 1004 chordis
954 967 1187 1012 respondent,
1210 966 1390 1009 debebant
1405 965 1575 1011 planetae
1597 964 1815 1011 respondere

0 1023 17 1127 ἓ
12 1015 174 1061 plectro
196 1021 261 1052 aut
283 1017 442 1063 plectris.
486 1019 568 1055 Jam
593 1029 678 1056 vero
711 1020 886 1066 plectrum
912 1020 1090 1065 percurrit
1113 1029 1236 1056 omnes
1259 1019 1430 1068 chordas,
1462 1023 1527 1056 aut
1557 1018 1721 1065 singulae
1744 1016 1815 1054 sal·

36 1073 109 1106 tem
133 1068 283 1115 singulis
304 1069 483 1108 feriuntur
505 1072 673 1117 plectris,
705 1078 742 1109 at
766 1083 882 1119 neque
906 1084 1002 1110 unus
1027 1072 1172 1118 planeta
1193 1072 1371 1119 percurrit
1392 1082 1515 1109 omnes
1539 1072 1663 1117 orbes,
1698 1081 1815 1116 neque

0 1106 170 1168 {iuguli
192 1132 278 1160 suos
301 1133 443 1170 omnes;
476 1136 570 1162 unus
595 1127 689 1161 enim
713 1125 812 1162 solus
835 1135 916 1162 esse
939 1125 1151 1171 perhibetur
1179 1125 1225 1162 ab
1248 1125 1469 1162 astronom‘ia
1489 1124 1724 1167 Ptolemaiou,
1754 1124 1817 1169 qui

0 1172 16 1220 ῗῖὶ
38 1171 220 1219 planetam
242 1175 352 1212 vehit.
399 1177 565 1223 Reliqua,
590 1189 683 1224 qnae
707 1179 984 1216 desiderantur’
973 1190 1010 1214 ιιι
1026 1178 1094 1214 hac
1110 1178 1389 1224 comparatione,
1413 1182 1609 1224 sequentur
1624 1178 1700 1215 suis
1716 1177 1816 1215 locis.

0 1218 20 1275 ᾖ,
151 1225 251 1262 ΝΜ*
272 1228 352 1270 VII
398 1229 467 1267 Hic
491 1231 787 1269 dissimulandum
810 1233 896 1277 fuit,
921 1232 1019 1278 quod
1042 1241 1112 1266 nou
1137 1235 1178 1267 ut
1201 1231 1281 1267 soni
1309 1230 1459 1267 stabiles
1482 1231 1516 1276 7,
1540 1229 1709 1276 planetae
1734 1240 1817 1268 vero

0 1266 15 1302 ³}
38 1279 145 1315 etiam
169 1280 203 1322 7,
227 1280 280 1316 sic
302 1282 410 1319 etiam
432 1289 472 1319 ut
496 1285 652 1320 chordae
676 1286 712 1320 ιιι
738 1285 942 1321 universum
968 1285 1022 1328 15,
1046 1283 1098 1319 sic
1122 1283 1229 1318 etiam
1253 1282 1359 1319 orbes
1382 1282 1420 1318 ιιι
1434 1282 1640 1319 universum
1665 1283 1706 1319 15
1730 1282 1818 1318 sint:

0 1303 142 1381 {longe
165 1331 261 1369 enim
282 1333 405 1380 plnres
430 1337 534 1373 orbes
559 1337 776 1374 astronomia
799 1337 997 1373 Ptolemaei
1020 1336 1157 1373 statuit.

0 1386 24 1458 2}
65 1422 67 1424 -
146 1399 250 1437 Nota
269 1399 370 1438 vm.
416 1400 533 1436 Etsi
523 1412 560 1436 ιιι
584 1405 776 1446 systemate
799 1401 997 1436 Ptolemaei
1020 1400 1202 1447 perfecto,
1237 1398 1334 1445 quod
1358 1402 1502 1435 constat
1525 1407 1572 1434 ex
1592 1398 1618 1434 2
1633 1397 1819 1447 diapason,

0 1441 232 1533 ῥιιοιιαῖσι
254 1458 409 1498 possunt
433 1459 470 1489 et
494 1454 612 1489 omnia
633 1464 767 1499 genera
790 1460 929 1498 cantus,
951 1460 988 1490 et
1013 1464 1136 1489 omnes
1160 1452 1298 1499 species
1321 1452 1516 1497 primarum
1549 1450 1820 1487 concordantia-

125 1509 190 1547 ,et
213 1516 337 1542 omues
360 1506 456 1542 modi
479 1517 545 1542 seu
569 1507 656 1553 toni,
681 1507 745 1543 illa
767 1513 885 1543 tamen
910 1506 1107 1552 amplitudo
1132 1504 1309 1542 intervalli
1333 1515 1406 1540 non
1429 1504 1500 1539 alia
1521 1504 1676 1540 naturali
1698 1514 1820 1540 neces-

1 1522 113 1640 ἱ
156 1584 168 1603 ,
197 1557 264 1597 sed
287 1557 400 1594 solius
422 1558 570 1595 humani
593 1563 721 1604 captus
744 1556 856 1595 causa
880 1561 1075 1595 constituta
1097 1558 1182 1602 fuit,
1213 1568 1282 1595 nec
1308 1562 1365 1594 est
1394 1556 1604 1600 verisimile,
1634 1556 1750 1592 Deum
1774 1565 1820 1592 ex

16 1639 18 1641 >
76 1623 81 1635 ·
133 1608 317 1646 hominum
340 1615 534 1656 systemate
558 1611 747 1647 arbitrario
771 1612 1005 1658 archetypum
1028 1612 1176 1656 petiisse
1199 1610 1382 1656 compagis
1397 1609 1626 1656 planetariae.
1673 1607 1821 1645 Minime

4 1628 121 1796 ι
111 1667 204 1699 ·est
226 1663 449 1709 rationabile,
473 1664 519 1700 ad
542 1675 730 1701 numerum
753 1675 922 1700 sonorum
945 1665 983 1700 in
1007 1674 1050 1699 eo
1074 1664 1254 1699 stabilium
1279 1663 1512 1700 constitutum
1528 1672 1609 1698 esse
1632 1671 1821 1697 numerum

185 1730 214 1745 ··
257 1714 295 1751 in
317 1715 450 1752 mundo
476 1727 515 1760 si
522 1717 711 1753 haerarum
741 1727 806 1752 seu
835 1714 1071 1762 planetarum.
1119 1717 1208 1752 Nam
1239 1726 1409 1750 numerus
1439 1725 1607 1750 sonorum
1639 1713 1821 1749 stabilium

130 1782 170 1798 ῆι·
210 1767 266 1804 ‘us
294 1768 457 1812 sequitur
487 1768 534 1804 ad
563 1768 663 1805 illam
692 1769 917 1804 arbitrariam
940 1769 1143 1815 systematis
1178 1767 1467 1813 amplitudinem,
1498 1772 1535 1802 et
1557 1765 1605 1802 ad
1627 1764 1820 1801 ternarium

16 1825 119 1849 ’ΨΜ
163 1829 354 1859 nnmerum
379 1831 452 1856 non
475 1820 584 1866 plane
606 1821 823 1858 naturalium
854 1832 1024 1867 generum
1055 1827 1200 1865 cantus,
1233 1832 1303 1866 qua
1331 1820 1409 1856 sola
1432 1819 1667 1865 usurpatione
1695 1818 1822 1854 nititur

110 1871 141 1901 ··’
160 1872 215 1903 ν’·
246 1882 426 1917 sonorum,
451 1873 637 1910 instabiles
661 1879 698 1909 et
720 1873 886 1919 mobiles,
911 1885 992 1910 cum
1015 1878 1143 1910 natura
1166 1883 1289 1910 omnes
1313 1872 1392 1908 soni
1426 1871 1630 1917 systematis
1654 1870 1727 1906 sint
1749 1874 1821 1906 sta·

17 1921 146 1970 fflu,
166 1923 239 1961 hoc
261 1930 319 1960 est
341 1925 477 1962 definiti
501 1926 611 1963 certis
634 1932 784 1964 naturae
807 1902 923 1967 met'is
947 1926 1017 1961 etsi
1039 1926 1101 1961 alii
1124 1924 1203 1961 aliis
1227 1930 1355 1960 cantus
1379 1923 1604 1960 naturalibus
1633 1922 1822 1968 generibus

39 2005 44 2013 .
80 1992 85 1999 ’
118 1991 141 2006 a>
205 1975 257 2021 Et
285 1982 326 2014 nt
349 1978 448 2025 dem,
480 1989 561 2015 esse
592 1979 662 2016 hoc
686 1984 843 2025 systema
864 1977 1089 2014 retinendum
1119 1983 1156 2014 et
1186 1977 1222 2012 ιιι
1248 1987 1291 2011 eo
1324 1986 1432 2011 sonos
1468 1974 1643 2020 quosdam
1672 1974 1822 2011 mobiles

125 2027 136 2035 '
227 2039 299 2075 08,
322 2030 368 2066 ob
391 2031 571 2067 naturalia
594 2036 721 2067 cantus
745 2042 887 2075 genera,
913 2031 1041 2066 durum
1064 2035 1101 2065 et
1124 2029 1240 2074 molle,
1266 2038 1315 2065 sc.
1342 2029 1381 2072 b,
1404 2028 1429 2063 h
1453 2031 1490 2063 et
1513 2027 1580 2071 ἀρ,
1605 2038 1646 2069 e,
1667 2027 1691 2062 4
1714 2037 1823 2062 sonos

96 2080 155 2117 Ι2
177 2044 385 2127 mobilibus3
410 2089 530 2120 tamen
554 2095 636 2121 cum
661 2085 891 2130 disdiapason
915 2083 1047 2118 habeat
1073 2084 1115 2119 15
1140 2093 1247 2118 sonos
1272 2092 1336 2117 seu
1360 2080 1460 2116 locos
1483 2080 1616 2126 potius,
1640 2079 1663 2114 4
1685 2079 1745 2115 hic
1768 2090 1825 2115 so·

39 2179 50 2183 ,-
76 2180 78 2182 v
140 2132 233 2169 finnt
252 2133 417 2177 mobiles,
441 2135 515 2170 bini
538 2136 574 2171 in
599 2141 753 2182 utroque
778 2136 963 2181 diapason,
987 2136 1135 2171 bisouus
1160 2134 1295 2170 scilicet
1312 2137 1474 2177 uterque,
1498 2132 1687 2167 restabunt
1710 2131 1822 2167 nihilo

29 2187 40 2231 ἦ,
58 2181 67 2192 ”
80 2185 92 2194 ”
126 2202 141 2216 ι,
181 2185 351 2222 undecim
370 2188 537 2233 stabiles,
571 2194 635 2225 aut
658 2189 689 2224 si
713 2189 821 2224 etiam
843 2190 878 2234 f,
912 2190 950 2234 sp
983 2199 1050 2232 pro
1072 2198 1143 2223 uno
1178 2187 1271 2221 inter
1302 2184 1452 2220 mobiles
1486 2184 1542 2220 bis
1571 2186 1823 2220 accenseamus

113 2238 218 2274 istam
240 2238 367 2274 literae
390 2240 682 2286 geminationem,
708 2241 777 2277 etsi
801 2240 1034 2277 divisionibus
1058 2239 1180 2285 primis
1203 2237 1527 2273 monochordorum
1551 2247 1624 2272 non
1646 2241 1823 2274 monstra·

28 2303 30 2305 ’
54 2336 66 2344 ἰ
80 2288 104 2340 ſs
134 2294 263 2338 nmen,
279 2291 397 2327 adhuc
420 2299 525 2328 erunt
545 2301 699 2331 numero
723 2295 756 2338 9,
779 2300 908 2330 natura
931 2293 1076 2339 quidem
1100 2292 1200 2334 duce,
1227 2300 1318 2335 quae
1335 2295 1455 2325 autem
1471 2289 1607 2324 clavem
1631 2300 1703 2325 non
1718 2288 1824 2324 docet

59 2389 102 2421 ²³
138 2393 243 2439 Quod
275 2396 368 2431 enim
391 2397 619 2435 Ptolemaeus
651 2399 675 2434 4
704 2398 742 2434 ιιι
772 2409 845 2434 una
878 2402 1006 2434 octava
1035 2406 1099 2432 seu
1123 2395 1295 2440 diapason
1330 2395 1451 2430 et·sic
1474 2395 1495 2430 7
1530 2394 1567 2429 in
1592 2393 1824 2438 disdiapason

55 2443 82 2497 γ’
191 2448 194 2451 ’
238 2448 397 2495 stabiles,
422 2450 459 2486 id
483 2456 539 2486 est
561 2456 713 2497 propter
736 2451 807 2489 duo
831 2450 1061 2487 tetrachorda
1084 2447 1283 2492 conjuncta,
1308 2457 1400 2491 quae
1426 2446 1524 2482 sonis
1547 2447 1602 2491 A,
1627 2447 1653 2482 d
1674 2450 1711 2481 et
1733 2446 1778 2490 (1,
1799 2457 1824 2492 9

132 2498 275 2536 &entur
295 2501 332 2536 ιιι
357 2502 507 2547 singulis
531 2503 717 2549 diapason,
741 2514 891 2548 quorum
915 2501 1145 2537 intermedios
1170 2501 1215 2544 (b,
1239 2512 1258 2536 c
1282 2505 1318 2534 et
1342 2511 1370 2544 e,
1394 2500 1423 2544 f)
1453 2499 1562 2544 longa
1590 2498 1823 2544 usurpatione

39 2551 42 2559 “’
69 2548 133 2587 ’,Γ
133 2549 252 2586 sunt
273 2551 393 2588 facere
414 2555 576 2601 mobiles,
604 2556 742 2591 scilicet
764 2567 837 2591 non
860 2560 998 2590 tantum
1022 2555 1068 2598 B,
1093 2555 1117 2590 h
1141 2558 1177 2588 et
1201 2554 1259 2597 dp,
1285 2563 1316 2597 e,
1341 2551 1406 2588 sed
1424 2552 1530 2588 etiam
1548 2563 1583 2596 e,
1609 2551 1670 2596 qui
1691 2556 1822 2595 tamen,

77 2650 86 2660 a
200 2602 368 2649 docente,
400 2607 669 2644 constituuntur
690 2608 927 2643 rectissime
913 2606 1080 2651 stabiles,
1111 2607 1320 2652 praesertim
1345 2617 1374 2642 c.
1422 2606 1476 2641 Ac
1507 2604 1576 2641 etsi
1607 2604 1714 2639 etiam
1737 2604 1824 2639 mihi

43 2698 56 2709 ,¹
196 2665 318 2690 rerum
343 2659 637 2702 geometr-icarum
670 2660 790 2704 signat
813 2660 864 2703 G,
898 2671 934 2703 c,
965 2660 1006 2703 d,
1035 2671 1060 2705 9
1082 2669 1168 2704 prae
1191 2660 1336 2702 ceteris,
1371 2670 1444 2694 non
1467 2669 1550 2694 vero
1580 2658 1698 2701 signat
1721 2668 1747 2692 a
1768 2655 1825 2693 vel

60 2698 174 2757 „sm
189 2707 258 2743 nisi
283 2714 461 2752 quatenns
485 2720 544 2745 ars
570 2718 735 2747 naturam
758 2713 935 2749 imitatur·
971 2717 1008 2747 at
1032 2712 1151 2756 signat
1173 2713 1297 2748 eadem
1322 2716 1452 2747 natura
1474 2710 1561 2745 mihi
1586 2709 1693 2744 etiam
1715 2708 1758 2751 h,
1788 2708 1825 2743 Β

48 2767 49 2770 ’
70 2756 98 2778 ’ξ’
164 2785 178 2803 ,
205 2769 241 2803 e,
274 2771 346 2804 quo
369 2762 510 2798 nomine
532 2764 684 2800 mobiles
709 2764 779 2800 duo
803 2765 856 2809 B,
887 2766 912 2800 h
935 2769 972 2800 et
996 2765 1061 2808 ἀρ,
1085 2775 1103 2800 e
1126 2764 1172 2799 ab
1195 2765 1352 2808 antiquis
1376 2763 1504 2806 habiti,
1544 2761 1824 2807 praestantiores

120 2810 326 2861 deberent
350 2813 471 2848 stabili
494 2825 528 2848 a.
577 2814 691 2858 Quin
694 2815 778 2860 imo,
802 2816 834 2851 si
857 2827 940 2852 cans
944 2828 1001 2852 am
1023 2816 1206 2861 respicias,
1232 2827 1294 2850 cur
1318 2815 1548 2875 disdiapason
1564 2813 1824 2858 introducatur,

102 2865 104 2868 ’
106 2867 190 2898 ut
214 2863 379 2899 desumta
401 2875 449 2900 ex
472 2866 659 2902 omnifaria
682 2868 910 2904 successione
934 2880 1104 2904 sonorum
1129 2869 1270 2903 omnino
1295 2867 1470 2910 omnium,
1494 2876 1566 2901 non
1590 2871 1728 2901 tantum
1753 2870 1824 2901 sta·

64 2959 70 2965 ‚,
97 2959 114 2963 „.
211 2914 266 2950 Si
299 2925 386 2962 ergo
417 2917 477 2953 hic
507 2919 624 2955 solum
655 2918 805 2958 stabiles
834 2921 1117 2964 consideramus,
1152 2920 1240 2956 nihil
1264 2918 1309 2953 ad
1332 2917 1430 2962 illos,
1462 2922 1501 2953 ιιι
1525 2917 1633 2962 tales,
1670 2916 1824 2967 pertinet

44 2995 48 3003 .
107 2981 155 3002 ψ’·
188 2972 345 3012 systema
370 2968 611 3015 disdiapason.
657 2971 749 3006 Nam
771 2970 865 3006 idem
889 2972 996 3017 ordo,
1029 2974 1091 3017 qui
1115 2978 1170 3008 est
1193 2973 1288 3006 inter
1308 2983 1350 3017 9,
1382 2982 1418 3014 c,
1448 2971 1488 3014 d,
1511 2982 1536 3015 9
1558 2969 1709 3005 recurrit
1731 2970 1824 3004 iuter

101 3017 152 3072 [ι
165 3029 208 3064 9,
230 3030 250 3055 c
273 3026 310 3056 et
332 3022 374 3066 d,
397 3033 438 3068 9,
463 3034 506 3066 a,
531 3023 573 3068 d,
597 3023 752 3059 nondum
775 3023 923 3068 impleto
946 3030 1139 3070 systemate
1163 3023 1401 3067 disdiapason.
1449 3022 1576 3066 Itaque
1599 3021 1696 3065 quod
1719 3021 1824 3058 affec-

35 3073 48 3093 ·”
88 3121 95 3129 μ
172 3091 174 3100 =
207 3075 412 3112 stabilitatis
434 3075 574 3119 attinet,
598 3075 734 3112 sufficit
755 3075 826 3112 illis
850 3080 1007 3121 systema
1030 3077 1254 3113 diatessaron
1278 3086 1358 3110 cum
1382 3074 1572 3120 diapason,
1596 3074 1692 3119 quod
1715 3075 1825 3112 habet
