1994 3276
122 109 124 111 >
153 135 235 180 626
515 172 518 175 ,
647 132 690 174 Ῑιι
714 134 1217 177 Βιοηοιιιειιὶαιιιέῡοῦοιιιιιι
1239 138 1446 188 Appendix.

149 253 231 299 legi,
257 254 401 290 omuino
425 254 709 300 mibi-punctum
733 255 919 291 satisfecit.
948 256 1016 306 xAt
1039 267 1112 293 non
1134 257 1239 293 valde
1262 262 1354 304 puto
1377 264 1560 306 receptam
1575 261 1620 297 iri
1635 261 1730 298 hanc
1743 261 1947 308 logisticam

150 306 195 341 ab
220 306 294 342 ullo
319 306 503 342 hominum
528 317 670 352 genere,
695 317 741 343 ne
762 307 907 352 quidem
932 308 963 343 sl
988 311 1173 345 octonaria
1197 313 1402 356 progressio
1427 325 1492 359 per
1515 315 1634 350 omnia
1657 316 1829 352 obtineat.
1876 318 1947 353 Ne-

149 359 300 395 cessitas
327 360 421 394 enim
445 359 545 395 nulla
570 364 606 395 et
630 360 713 405 plus
739 361 796 396 est
818 360 855 395 in
880 361 1094 397 confusione
1119 362 1361 410 difficultatis,
1381 372 1502 411 ‘quam
1525 367 1563 403 in
1582 367 1794 405 reductione
1817 369 1863 405 ad
1887 370 1948 406 de-

146 411 285 447 nariam
309 411 454 447 laboris.
505 412 623 456 Quare
649 423 735 458 ergo
761 415 998 459 sexagenaria
1021 420 1169 460 recepta
1186 417 1233 451 sit
1263 417 1308 453 ab
1341 419 1567 465 astronomis,
1607 421 1810 456 octonaria·
1830 421 1949 468 recipi

147 475 220 500 non
243 465 386 510 possit?
414 465 507 509 Quia
531 465 767 510 sexagenaria
791 477 958 512 magnam
973 479 1168 514 summam,
1192 475 1289 514 puta
1313 470 1368 515 60,
1394 471 1613 521 accumulat„
1631 473 1815 508 octonaria
1831 474 1949 510 minus

145 529 252 564 quam
280 520 341 563 10;
379 523 414 554 et
439 519 523 564 quia
547 520 783 564 sexagenaria
819 521 989 564 quamdiu
1025 525 1062 557 et
1097 526 1276 568 quatenus
1306 523 1407 559 infra
1433 525 1476 560 10
1513 529 1657 571 manet,
1692 525 1775 561 novi
1810 526 1900 562 nihil
1925 537 1947 561 a

144 572 294 609 denaria
318 571 404 608 facit
426 572 463 608 in
487 582 612 608 mensa
635 572 888 621 Pythagorica,
914 573 1099 609 octonaria
1121 574 1230 620 plane
1254 576 1363 611 vertit
1385 575 1549 612 abacum.

881 693 942 733 Ad
974 679 1129 745 Caput
1158 695 1214 735 X.

235 794 317 829 Jam
335 794 506 840 respondi
531 795 608 830 fere
634 798 808 840 quantum
832 795 1029 843 quaeritur.
1077 796 1159 831 Etsi
1183 797 1277 832 enim
1301 797 1446 832 nomina
1469 796 1668 843 ponderum
1692 798 1730 834 in
1755 799 1942 836 octonaria

143 848 282 883 ratione
307 848 448 884 institui
471 849 624 894 possint,
649 858 721 884 non
748 847 920 892 suaserim
943 852 1064 883 tamen
1086 848 1216 894 vulgus
1247 850 1468 886 onerandum
1498 861 1592 886 nova
1614 852 1826 888 numerandi
1851 858 1939 888 arte.

142 900 237 945 Quin
270 901 412 947 potius,
453 902 538 946 quia
575 901 721 937 schema
757 900 1033 944 comparationis
1068 911 1325 946 progressuum
1361 903 1566 940 octonariae
1602 908 1639 939 et
1674 904 1845 942 denariae
1871 905 1941 941 hoc

140 955 184 990 X.
211 966 288 1001 cap.
314 954 564 1004 introducitur,
589 954 670 990 loco
696 953 890 990 schematis
914 953 1024 998 hujus
1048 954 1146 991 aliud
1171 955 1317 991 schema
1341 960 1379 991 et
1400 960 1510 1002 typus
1541 957 1766 1002 aequationis
1784 958 1939 995 omnium

139 1016 389 1043 mensurarum
414 1012 453 1044 et
475 1008 669 1052 nominum,
697 1007 803 1043 etiam
828 1007 874 1043 in,
889 1007 1121 1052 proportione
1145 1007 1372 1045 discontinua
1397 1019 1477 1045 sese
1494 1014 1621 1046 mutuo
1645 1012 1940 1057 subsequentium

139 1058 175 1093 in
200 1058 327 1104 vulgus
353 1060 470 1096 detur.
521 1060 579 1096 Sic
604 1060 700 1096 enim
723 1059 925 1095 rectissime
947 1058 1076 1104 vulgus
1101 1060 1291 1106 juvabitur
1316 1062 1453 1098 relictis
1482 1064 1760 1101 nomenclaturis
1791 1070 1828 1101 et
1851 1076 1939 1102 con-

138 1112 387 1149 suetudinibus
414 1118 450 1149 et
474 1113 599 1159 adjuta
622 1112 853 1149 nihilominus
877 1112 1059 1149 memoria.

250 1165 294 1199 In
318 1166 415 1200 omni
437 1165 635 1202 mutatione
658 1165 851 1210 plurimum
882 1164 992 1203 habet
1022 1166 1178 1202 invidiae
1200 1167 1400 1204 subtilitas:
1423 1169 1520 1205 hanc
1543 1174 1779 1207 exsecrantur
1803 1169 1937 1216 subditi

136 1215 267 1260 potiori
293 1227 338 1252 ex
361 1222 480 1263 parte;
506 1217 665 1263 populus
691 1218 784 1254 enim
807 1219 846 1253 in
869 1229 1056 1254 commune
1082 1231 1162 1255 cum
1191 1220 1279 1265 ipsis
1310 1220 1400 1257 adeo
1430 1222 1630 1259 minoribus
1660 1224 1933 1269 magistratibus

134 1269 247 1313 hebes
272 1275 338 1306 est.
386 1272 514 1317 Itaque
538 1271 746 1316 huJusmodi
771 1273 907 1317 optima
932 1273 1040 1308 etiam
1073 1273 1223 1309 consilia
1253 1274 1471 1312 curiositatis
1503 1276 1646 1313 nomine
1669 1277 1934 1313 calumniantur

136 1326 172 1358 et
196 1323 233 1358 in
257 1324 400 1360 scholas
426 1324 594 1370 ablegare
619 1324 745 1360 solent.
795 1325 864 1370 Qui
895 1335 980 1361 vero
1016 1332 1164 1362 nostrae
1200 1337 1272 1362 non
1307 1328 1463 1365 subsunt
1492 1329 1757 1376 jurisdictioni,
1794 1334 1933 1369 tantum

135 1377 303 1413 abest.ut
326 1382 451 1414 nostro
477 1377 642 1423 exemplo
667 1378 807 1414 invitati
830 1379 930 1414 brevi
955 1379 1055 1423 sequi
1080 1379 1191 1414 velint
1228 1379 1319 1416 haec
1354 1381 1522 1428 subtilia,
1558 1386 1600 1418 ut
1636 1383 1758 1428 potius
1789 1382 1931 1428 longius
1953 1384 1960 1391 “

134 1430 242 1465 etiam
267 1431 415 1466 a‘nobis
441 1431 513 1467 sint
530 1431 733 1467 discessuri.
783 1432 961 1481 Existimo
986 1432 1120 1478 itaque,
1165 1443 1240 1478 rem
1272 1433 1361 1469 adeo
1394 1434 1623 1479 popularem,
1655 1440 1696 1470 ut
1727 1438 1812 1471 sunt
1835 1446 1931 1471 men-

107 1506 111 1519 2
133 1493 250 1529 surae,
276 1487 312 1519 et
334 1484 372 1519 in
396 1495 501 1520 usum
523 1485 648 1531 populi
673 1484 834 1520 futurum
860 1484 999 1520 felicius
1025 1490 1061 1520 et
1086 1484 1210 1520 utilius
1236 1486 1398 1531 expediri
1418 1496 1491 1522 non
1506 1496 1626 1531 posse,
1652 1497 1759 1531 quam
1775 1488 1806 1524 si
1824 1498 1931 1533 quam

132 1534 211 1570 fieri
233 1541 357 1581 potest
379 1537 544 1573 tradatur
567 1537 859 1583 popularissime.

249 1589 341 1633 Quia
363 1589 614 1626 liberalissime
638 1591 841 1636 quaesitum
865 1591 950 1636 fuit,
982 1590 1040 1626 his
1065 1586 1115 1627 10‘
1146 1590 1322 1636 capitibus
1346 1591 1500 1627 candide
1529 1591 1638 1628 etiam
1661 1590 1750 1628 duxi
1773 1603 1929 1638 respon-

134 1640 302 1677 dendum.
353 1642 502 1678 Veniam
536 1644 659 1688 itaque
694 1654 825 1690 precor
859 1643 1099 1680 confidentiae
1132 1653 1232 1678 meae
1262 1642 1529 1688 pronunciandi·
1552 1642 1597 1679 de
1624 1643 1734 1680 rebus
1769 1645 1926 1691 politicis

131 1705 153 1729 a
176 1705 256 1731 mea
278 1694 504 1740 professione
529 1696 678 1743 alienis,
698 1696 755 1734 ‘ut
789 1708 882 1743 quae
918 1696 1019 1733 nulla
1043 1707 1089 1732 ex
1113 1696 1337 1747 arrogantia,
1362 1706 1460 1732 mero
1485 1705 1570 1732 vero
1602 1705 1648 1732 ex
1673 1697 1830 1734 candore
1858 1695 1927 1733 fuit

131 1758 174 1783 us
247 1758 267 1783 a
309 1776 317 1784 .

171 1752 404 1846 'umPtZerga
426 1801 562 1838 inserui
586 1802 791 1840 delectandi
814 1814 941 1840 causa:
967 1804 998 1840 si
1020 1803 1140 1839 minus
1163 1802 1222 1851 hic
1245 1801 1333 1839 felix
1357 1812 1439 1839 esse
1461 1801 1581 1848 potui,
1613 1804 1670 1837 sat
1694 1806 1793 1846 certe
1817 1778 1942 1839 volui.x

337 1877 476 1923 Pragae
501 1878 556 1914 24.
581 1878 669 1915 Dec.
695 1888 789 1915 anno
815 1879 916 1916 1605.

1244 1931 1444 1977 Perscripsi
1468 1931 1505 1966 J.
1529 1930 1721 1977 Keplerus,

855 2072 1202 2117 Postscripta.

200 2194 202 2196 ·
221 2176 262 2212 In
282 2177 353 2212 hoc
370 2176 503 2222 scripto
522 2176 613 2213 haec
631 2181 731 2213 sunt:
757 2178 792 2221 1)
818 2177 907 2213 Dico
924 2177 1029 2212 valde
1045 2176 1169 2212 utilem
1187 2186 1266 2212 esse
1283 2175 1469 2212 scientiam
1485 2175 1709 2221 aequationis
1726 2175 1925 2221 ponderum

128 2239 460 2275 mensurarnmque.
486 2231 520 2275 2)
546 2230 752 2266 Difficulter
776 2240 861 2265 vero
886 2229 1022 2274 aliquid
1055 2229 1091 2264 in
1125 2229 1168 2264 iis
1192 2229 1322 2264 mutari
1347 2228 1648 2273 confusiouesque
1672 2227 1750 2264 tolli
1773 2240 1796 2264 a
1817 2229 1924 2274 vulgo

128 2291 247 2326 posse.
298 2282 334 2323 3)
359 2281 488 2326 Itaque
512 2292 583 2316 non
610 2282 812 2328 consentio,
844 2287 886 2317 ut
918 2282 1130 2317 aboleantur
1160 2281 1336 2317 vocabula
1365 2281 1511 2326 propria
1536 2280 1685 2324 singulis
1708 2281 1924 2326 regionibus,

105 2336 108 2338 '
128 2344 247 2378 neque
272 2338 312 2368 ut
336 2345 430 2370 nova
454 2334 562 2382 plane
585 2334 806 2379 imperentur
830 2334 1018 2369 universis.
1066 2334 1102 2377 4)
1128 2335 1227 2378 Quae
1250 2345 1335 2369 vero
1361 2339 1446 2369 sunt
1470 2334 1628 2368 omnium
1650 2333 1840 2379 regionum
1863 2342 1924 2367 vo-

128 2387 266 2431 cabula,
284 2391 324 2422 ut
339 2386 462 2427 librae,
480 2387 685 2430 centenarii,
699 2386 822 2432 pedes,
849 2386 966 2427 ulnae,
991 2387 1164 2431 canthari,
1190 2397 1282 2430 nego
1306 2386 1342 2420 in
1366 2390 1506 2421 tantum
1532 2385 1714 2430 mutanda,
1740 2389 1781 2420 ut
1798 2383 1921 2420 multis

126 2438 163 2473 in
186 2438 274 2474 locis
299 2439 418 2484 triplo,
445 2439 659 2485 quadruplo,
687 2439 840 2485 decuplo
866 2438 1019 2473 evadant
1042 2438 1180 2482 majora
1204 2438 1259 2472 vel
1283 2438 1429 2473 minora.
1479 2438 1520 2481 5)
1543 2436 1709 2473 Concedo
1724 2440 1854 2482 autem,
1880 2441 1921 2471 ut

126 2492 282 2527 medium
293 2492 428 2537 aliquid
441 2493 539 2528 inter
546 2498 707 2528 extrema
722 2492 906 2537 regionum
919 2490 1082 2535 eligatur,
1097 2490 1144 2525 ad
1159 2490 1255 2535 quod
1272 2491 1540 2527 conformentur
1556 2489 1700 2526 illorum
1716 2497 1920 2532 mensurae,

126 2545 347 2590 qu{·habent
371 2544 526 2589 majores
551 2545 751 2580 minoresve
786 2553 973 2578 mensuras
1010 2553 1075 2588 en,
1114 2543 1210 2587 quod
1241 2554 1364 2579 sumus
1401 2542 1561 2578 electuri.
1610 2543 1643 2586 6)
1667 2543 1770 2577 Hanc
1805 2541 1920 2587 ipsam

126 2602 247 2632 tamen
276 2596 510 2632 mutationem
536 2595 670 2631 suadeo
695 2594 1246 2641 pedetentim.introducendam,
1272 2595 1409 2630 scilicet
1432 2595 1469 2629 in
1494 2595 1537 2629 iis
1562 2594 1822 2639 contractibus,
1859 2593 1920 2638 qui

96 2688 98 2691 .
127 2654 212 2683 sunt
235 2648 503 2693 magistratibus
535 2649 628 2684 inter
652 2659 691 2684 se
716 2653 778 2683 aut
803 2659 884 2683 cum
909 2648 1073 2684 subditis.
1121 2647 1258 2692 Nempe
1279 2647 1339 2691 jus
1364 2647 1503 2682 dicatur
1526 2646 1724 2682 secundum
1755 2646 1803 2691 id,
1821 2645 1919 2691 quod

127 2711 251 2735 sumus
278 2701 445 2744 electuri,
471 2713 544 2737 non
568 2703 764 2737 secundum
788 2701 1034 2746 discrepantes
1059 2700 1237 2735 variarum
1260 2700 1446 2745 regionum
1471 2698 1593 2744 pedes.
1644 2699 1678 2744 7)
1703 2699 1918 2734 Continuam

125 2753 358 2788 bisectionem
392 2753 483 2789 assis
517 2753 748 2789 admittimus.
797 2753 835 2797 8)
862 2752 1116 2787 Collectionem
1153 2755 1236 2786 vero
1275 2751 1408 2787 assium
1432 2752 1468 2786 in
1494 2749 1663 2786 continua
1685 2750 1916 2795 proportione

127 2805 233 2848 vulgo
258 2805 502 2849 imperandam
526 2805 633 2850 plane
660 2804 862 2841 dissuadeo.
898 2805 950 2849 ⁴9)
975 2804 1147 2840 Permitto
1184 2809 1314 2843 tamen,
1353 2803 1539 2839 emendari
1574 2803 1749 2846 paulatim
1782 2801 1914 2837 formas

126 2855 376 2892 collectionum
400 2862 627 2902 receptarum
651 2857 697 2892 ad
721 2868 828 2893 uuam
853 2856 1018 2901 aliquam,
1045 2858 1095 2892 sic
1120 2862 1160 2893 ut
1184 2857 1347 2893 omnibus
1379 2857 1467 2892 locis
1503 2857 1523 2891 6
1548 2854 1669 2891 Aimer
1692 2853 1764 2891 sint
1788 2853 1910 2889 Fuder

127 2918 248 2954 unum,
275 2910 440 2945 omnibus
466 2909 553 2945 locis
580 2910 647 2946 100
671 2910 790 2954 pondo
815 2909 862 2945 sit
885 2910 1122 2945 centenarius.
1174 2910 1235 2954 10)
1259 2909 1325 2944 His
1361 2917 1585 2953 consequens
1610 2912 1682 2953 est,
1713 2911 1754 2942 ut
1777 2906 1913 2942 dissua-
1965 2907 1967 2911 '

127 2961 240 3007 deam,
266 2962 394 3007 vulgus
409 2962 703 3008 adstringendum
728 2963 774 2998 ad
798 2962 971 2998 unitatem
998 2962 1119 2997 lateris
1137 2962 1296 2997 omnium
1312 2960 1454 2995 assium.
1500 2959 1555 3004 11)
1579 2961 1628 2996 Et
1644 2964 1766 2995 tamen
1780 2957 1914 3002 largior

127 3014 551 3051 commensurabilitatem
584 3015 707 3051 lateris
745 3016 900 3051 omnium
937 3015 1068 3050 assium
1078 3021 1087 3057 ⁴,
1123 3025 1195 3050 non
1226 3014 1264 3048 in
1298 3013 1436 3048 unitate
1470 3012 1743 3056 instituendam,
1780 3011 1844 3046 sed
1876 3012 1912 3045 in

127 3067 282 3101 numeris
309 3066 468 3111 pulchris
495 3072 530 3103 et
554 3068 819 3113 receptissimis.
871 3069 924 3114 12)
949 3067 1169 3105 Numerandi
1193 3066 1338 3102 modum
1361 3076 1427 3111 per
1450 3065 1669 3102 octonariam
1691 3062 1912 3109 progressio·

125 3127 207 3152 nem
231 3127 253 3153 a
276 3118 381 3163 vulgo
405 3120 513 3165 plane
539 3120 677 3158 aufero,
