1988 3276
110 142 190 181 112
697 142 751 178 De
774 141 987 188 Figuramm
1013 143 1310 180 Harmonicarum

105 254 240 301 tricem,
265 254 393 301 helica,
418 255 666 293 conchoidea‘?
704 257 790 303 Ipse
811 258 956 303 quidem
974 259 1188 305 Campanus,
1205 258 1449 296 trisectio'nem
1473 263 1628 308 tentans,
1651 271 1724 298 non
1745 260 1903 299 animad-

106 308 231 351 vertit,
262 319 302 344 se
327 319 467 345 sumere
491 309 636 346 tertiam
669 311 791 356 anguli
815 318 955 358 partem
980 312 1091 348 veluti
1110 313 1186 357 ,iam
1212 318 1363 358 certam,
1401 324 1493 360 quae
1517 318 1595 350 erat
1627 312 1771 350 demum
1795 325 1904 361 quae-

105 358 225 447 relntilia.
275 360 539 449 ElxgtatIlpcus
570 362 606 398 in
631 373 711 399 meo
737 363 934 410 exemplari
966 365 1011 401 ad
1043 366 1152 402 finem
1186 367 1304 412 operis
1327 366 1494 403 Euclidei
1515 366 1580 404 fol.
1606 368 1685 405 586.
1720 367 1904 412 pertinens

106 423 127 447 a
202 422 282 448 nem
321 424 332 447 i
358 424 388 448 ri
467 442 473 450 .

220 464 244 499 J
252 464 327 500 ord
338 475 446 502 anns
470 467 652 504 Brunus
683 469 846 506 Nolanus
882 471 918 506 in
949 471 1136 516 sexanguli
1161 471 1353 506 ABCDEF
1392 471 1560 516 opposita
1582 471 1699 509 latera
1731 473 1808 514 Bc.
1839 447 1923 509 EF'

587 522 799 558 continuata
829 523 997 568 utrinque
1028 523 1128 559 ducit
1160 523 1480 569 perpendiculares
1507 523 1593 569 GH,
1628 524 1699 570 IK,
1731 524 1904 560 circulum

586 574 622 609 in
649 575 691 618 A,
718 575 747 610 D
774 576 1048 620 contingentes3
1082 575 1191 612 ducta
1216 577 1326 628 igitur
1356 576 1443 612 facti
1467 577 1798 622 parallelogrammi
1831 577 1904 614 dia—

582 628 688 671 gonio
713 627 785 671 IH,
811 628 984 664 circulum
1007 630 1166 674 putabat
1191 630 1304 664 secari
1332 630 1404 675 sic,
1441 634 1483 666 ut
1507 630 1603 666 inter
1626 632 1656 667 A
1673 658 1682 674 ,
1713 631 1746 666 D
1770 635 1905 677 puncta

282 553 346 586 Fig.
368 552 411 582 19.

582 732 658 776 AN,
686 732 767 767 DM.
809 733 921 779 Atqui
939 733 1209 770 demonstratur
1229 746 1274 770 ex
1293 736 1563 782 diagrammate,
1589 736 1685 782 quod
1703 747 1784 772 cum
1801 737 1904 772 semi—

583 783 740 829 diagonii
764 784 858 820 illius
883 785 951 820 LH
976 786 1191 831 quadratum
1216 788 1265 823 sit
1289 788 1453 834 effabile,
1484 790 1559 826 scil.
1585 790 1631 837 ἧς
1655 789 1700 825 de
1725 789 1902 836 quadrato

583 836 745 872 diametri
769 838 838 881 (est
863 837 956 872 enim
983 838 1080 873 ABH
1099 839 1176 881 60⁰,
1203 850 1288 886 ergo
1323 841 1390 877 BH
1417 842 1577 879 semissis
1602 842 1647 878 de
1664 843 1727 878 AB
1751 843 1808 879 vel
1825 843 1901 888 AL,

584 894 619 924 et
649 891 726 935 ejus
758 890 921 936 potentia
951 891 1060 936 igitur
1086 893 1267 936 quadrans
1304 894 1348 929 de
1389 896 1554 940 potentia
1581 896 1665 939 AL,
1705 896 1814 942 igitur
1838 896 1906 932 AB

582 942 743 988 potentia
773 941 928 978 dodrans
964 943 1008 978 de
1041 944 1205 988 potentia
1238 945 1317 981 AL.
1371 946 1442 983 Sed
1475 948 1638 993 potentia
1667 948 1735 984 LH
1773 952 1907 994 aequat

582 996 761 1041 potentias
787 995 870 1037 LA,
896 995 991 1040 ΑΗ),
1018 996 1117 1031 sinus
1143 997 1251 1048 igitur
1275 999 1449 1043 graduum
1473 1000 1538 1046 40,
1568 1001 1637 1037 hoc
1661 1006 1718 1037 est
1759 1001 1906 1037 dimidia

581 1048 753 1085 subtensa
783 1048 934 1082 duarum
965 1058 1140 1084 nonarum
1176 1050 1322 1096 circuli,
1356 1053 1505 1089 futurus
1528 1053 1639 1090 fuerit
1666 1053 1818 1090 effabilis
1842 1064 1905 1099 po·

103 1105 236 1150 tentia,
273 1105 411 1141 scilicet
434 1104 537 1140 radix
573 1103 617 1139 de
642 1102 684 1147 ,ᾖ
712 1100 879 1147 quadrati
913 1100 1085 1136 diametri.
1133 1102 1300 1138 Demissa
1335 1105 1430 1139 enim
1453 1106 1745 1151 perpendiculari
1767 1107 1831 1142 AO
1859 1117 1905 1142 ex

104 1161 136 1193 A
152 1158 188 1193 in
205 1158 282 1203 LH,
309 1158 377 1193 erit
402 1157 496 1193 sicut
511 1156 579 1191 LH
603 1154 776 1201 potentia,
806 1154 856 1200 ἦ,
882 1154 928 1188 ad
947 1154 1012 1188 HA
1026 1154 1237 1200 potentiam,
1264 1156 1319 1202 ἦν,
1347 1157 1398 1192 sic
1414 1158 1478 1194 LA
1498 1158 1671 1203 potentia,
1699 1158 1753 1206 ἦ,
1778 1158 1825 1194 ad
1841 1158 1904 1194 Ao

103 1210 311 1255 potentiam,
344 1210 380 1255 ¹72
408 1209 452 1245 de
481 1210 541 1256 gg,
560 1207 597 1243 id
623 1211 678 1243 est
702 1206 745 1252 ἐς
761 1206 817 1250 11).
866 1206 922 1240 Ita
946 1206 1036 1241 haec
1059 1207 1316 1251 nonangularis
1340 1210 1463 1255 anguli
1487 1210 1661 1247 subtensa
1683 1216 1781 1248 esset
1805 1212 1906 1247 nobi·

583 683 812 715 contactuum
845 685 880 716 et
911 682 1091 717 sectiones
1116 682 1168 727 N,
1204 683 1242 718 M
1286 683 1444 718 existant
1475 693 1591 719 nonae
1626 688 1750 729 partes
1781 683 1907 719 circuli
1976 673 1988 702 ³

103 1263 171 1298 lior
195 1262 373 1309 aliquibus
400 1261 607 1307 praemissis
634 1265 670 1296 et
695 1259 962 1295 communicans
987 1259 1048 1301 iis,
1082 1270 1163 1295 cum
1188 1265 1309 1297 tamen
1334 1262 1381 1298 sit
1407 1274 1556 1299 numero
1590 1264 1742 1299 laterum
1765 1262 1905 1308 impari,
1970 1272 1976 1286 Ξ

105 1315 242 1351 scilicet
265 1325 414 1351 numero
440 1313 571 1358 aliquo,
597 1312 702 1358 primi
727 1313 747 1348 3
773 1311 958 1358 quadrato,
985 1311 1074 1347 nihil
1101 1315 1368 1351 communicans
1394 1327 1475 1352 cum
1491 1321 1683 1362 tetragono
1709 1321 1746 1352 et
1761 1317 1904 1361 trigono

104 1379 170 1414 per
192 1367 426 1404 bisectionem
451 1377 610 1411 arcuum,
637 1374 787 1410 quarum
811 1363 1008 1410 figurarum
1031 1366 1201 1410 proprius
1228 1372 1284 1402 est
1307 1368 1367 1404 hic
1391 1369 1590 1405 nobilitatis
1614 1368 1760 1414 gradus.

219 1439 410 1479 XLVIII.
443 1438 787 1478 Corollarium.
849 1437 1033 1487 Sequitur
1062 1440 1190 1489 igitur,
1221 1441 1404 1488 notionis,
1436 1442 1634 1490 scientiae,
1667 1440 1902 1480 determina-

105 1500 239 1548 tionis,
282 1498 551 1549 descriptionis
583 1502 621 1535 et
651 1496 991 1535 demonstrationis
1032 1502 1157 1536 metas
1196 1500 1296 1536 intra
1336 1501 1480 1549 primos
1512 1499 1718 1549 figurarum
1750 1499 1903 1538 ordines

105 1554 333 1597 consistere:
365 1562 408 1595 ut
438 1558 515 1595 sint
547 1555 692 1594 classes
723 1555 932 1605 figurarum
962 1555 1155 1594 scibilium
1194 1568 1269 1595 non
1295 1557 1424 1608 plures
1465 1569 1583 1607 quam
1605 1563 1793 1607 quatuor:
1826 1563 1903 1596 tres

103 1617 278 1667 proprias
300 1615 647 1654 demonstrationes
670 1613 907 1654 habentium.
939 1614 978 1650 in
1001 1614 1141 1663 quibus
1164 1617 1294 1665 capita
1323 1621 1413 1654 sunt
1433 1616 1678 1664 familiarum,
1710 1617 1749 1654 in
1780 1617 1905 1666 prima

105 1680 352 1724 tetragonus,
397 1678 487 1724 post
517 1672 745 1711 diametrum
777 1671 925 1719 circuli,
971 1672 1081 1722 cujus
1124 1672 1322 1712 character
1360 1685 1542 1713 numerus
1575 1676 1621 1723 2,
1663 1676 1703 1712 in
1734 1674 1904 1722 secunda

106 1735 293 1783 trigonus,
326 1732 436 1782 cujus
468 1731 663 1769 character
695 1731 732 1779 3,
765 1731 803 1767 in
835 1731 948 1768 tertia
977 1734 1234 1785 pentagonus,
1266 1731 1486 1771 charactere
1519 1733 1564 1782 53
1597 1744 1674 1771 una
1703 1743 1796 1772 vero
1829 1734 1904 1771 im-

106 1792 348 1842 propriarum
386 1789 779 1837 demonstrationum,
820 1788 930 1838 cujus
974 1800 1156 1827 numerus
1197 1794 1255 1828 est
1297 1790 1499 1840 multiplex
1545 1790 1707 1830 duorum
1739 1792 1763 1829 3
1796 1795 1835 1829 et
1866 1791 1903 1839 5,

107 1850 255 1888 scilicet
290 1850 360 1887 15:
393 1850 515 1898 prima
547 1849 648 1886 enim
679 1847 764 1896 ejus
797 1846 932 1885 classis
962 1846 1086 1896 figura
1118 1853 1177 1886 est
1206 1849 1638 1899 pentekaedecagonus.

221 1924 374 1962 XLIX.
408 1924 707 1973 Propositio.
771 1921 866 1960 Cum
906 1927 1037 1960 autem
1079 1923 1239 1962 bisectio
1282 1920 1382 1976 (qua
1418 1926 1573 1975 propria
1612 1926 1733 1964 utitur
1770 1923 1905 1963 classis

107 1980 251 2036 prima)
285 1983 498 2021 communis
529 1983 579 2019 sit
611 1987 688 2018 tam
711 1980 905 2018 secundae
927 1992 1045 2029 quam
1066 1983 1202 2020 tertiae
1233 1981 1360 2030 classi,
1400 1988 1519 2032 patet,
1552 1982 1630 2029 alio
1658 1982 1744 2032 jure
1766 1982 1904 2033 degere
1964 1977 1988 2016 ,²

108 2041 270 2080 classem
302 2042 476 2090 primam,
510 2038 587 2077 alio
620 2038 715 2076 duas
747 2037 934 2087 reliquas:
968 2039 1023 2076 ita
1052 2043 1095 2076 ut
1124 2041 1249 2089 prima
1265 2040 1561 2079 familiaritatem
1583 2040 1727 2080 habeat
1757 2040 1807 2080 ad
1838 2045 1903 2079 ut·
1964 2046 1988 2088 st

107 2111 266 2149 tamque
296 2098 542 2148 reliquarum,
585 2101 624 2135 at
664 2097 753 2135 illae
792 2095 1090 2145 figurationibus
1129 2103 1262 2136 contra
1303 2110 1344 2136 se
1384 2098 1689 2149 distinguantur,
1727 2099 1825 2138 adeo
1863 2103 1905 2138 ut
1963 2129 1964 2132 η

108 2170 258 2206 earum,
300 2169 400 2207 quae
430 2156 606 2207 proprias
638 2154 985 2193 demonstrationes
1015 2154 1179 2205 habent,
1219 2156 1506 2205 quodammodo
1538 2156 1615 2195 duo
1646 2162 1796 2196 tantum
1828 2159 1906 2196 sint
1965 2163 1970 2169 “

106 2228 261 2266 genera.

221 2284 313 2319 Nam
338 2286 547 2326 tetragonus
574 2283 610 2315 et
634 2284 834 2325 octogonus
860 2278 980 2314 statim
1011 2289 1050 2314 se
1075 2279 1179 2324 quasi
1202 2283 1299 2315 totas
1323 2280 1519 2325 trigonicae
1550 2284 1671 2316 sectae
1707 2281 1901 2327 applicant,
1935 2314 1938 2320 ,
1964 2292 1967 2299 ·

107 2337 192 2384 quia
214 2347 297 2382 pars
323 2334 445 2372 circuli
472 2337 576 2369 sexta
600 2338 636 2369 et
661 2332 873 2368 duodecima
892 2332 1041 2377 junctae
1066 2333 1202 2367 faciunt
1227 2338 1408 2378 quartam,
1438 2343 1523 2378 pars
1549 2333 1759 2370 duodecima
1793 2339 1828 2369 et
1852 2334 1902 2370 vi·
1951 2330 1957 2340 ⁵

106 2389 239 2425 cesima
273 2392 400 2434 quarta
432 2387 651 2432 compositae
681 2386 816 2421 faciunt
851 2390 990 2431 partem
1025 2390 1197 2420 octavam.
1247 2385 1296 2420 Et
1324 2390 1535 2429 tetragonus
1572 2396 1611 2421 se
1642 2385 1901 2431 pentagonicae
1964 2401 1966 2403 >

106 2446 226 2478 sectae
251 2440 511 2486 quadamtenus
537 2438 793 2481 accommodat,
820 2438 904 2482 quia
934 2437 1059 2484 quinta
1083 2437 1207 2473 circuli
1231 2449 1326 2483 pars,
1352 2438 1474 2473 addita
1490 2438 1690 2484 vicesimae,
1708 2437 1902 2474 constituit

105 2498 244 2539 partem
269 2497 442 2538 quartam.
493 2492 611 2527 Causa
643 2496 714 2536 est,
748 2491 831 2536 quia
854 2492 993 2527 numeri
1018 2492 1038 2526 3
1064 2495 1100 2526 et
1125 2493 1144 2526 5
1170 2490 1278 2526 dividi
1302 2494 1456 2535 possunt
1485 2490 1522 2526 in
1553 2501 1721 2526 numeros
1751 2501 1900 2535 propor-

105 2545 213 2582 tionis
238 2545 405 2580 continue
431 2544 578 2589 duplae:
604 2555 685 2579 nam
710 2548 831 2588 partes
856 2544 970 2588 ipsius
995 2543 1016 2578 3
1043 2547 1126 2579 sunt
1153 2545 1182 2587 1,
1207 2543 1239 2588 2,
1265 2548 1388 2588 partes
1412 2543 1526 2588 ipsius
1552 2545 1573 2579 5
1598 2547 1682 2579 sunt
1701 2543 1731 2587 1,
1756 2542 1790 2578 4.
1832 2542 1900 2577 Ta-

105 2598 150 2634 lis
174 2607 258 2633 vero
275 2597 484 2632 >communio
508 2607 580 2631 non
606 2602 660 2631 est
684 2597 778 2631 inter
802 2596 937 2632 classes
961 2596 1153 2631 ternariam
1180 2601 1215 2629 et
1239 2595 1448 2640 quinariam.
1496 2595 1588 2631 Nam
1613 2595 1680 2630 etsi
1698 2598 1801 2629 sexta
1817 2604 1901 2639 pars

106 2650 231 2686 circuli
255 2649 378 2685 addita
400 2649 603 2684 tricesimae
628 2648 815 2683 constituit
839 2648 1013 2693 quintam,
1050 2652 1086 2682 at
1111 2647 1292 2682 tricesima
1317 2652 1372 2683 est
1397 2647 1523 2684 classis
1556 2646 1895 2693 pentekaedecago-

107 2704 220 2749 nicae,
245 2712 338 2747 quae
362 2712 434 2737 non
457 2701 567 2736 habet
589 2700 771 2746 propriam
797 2699 1146 2736 demonstrationem.
1196 2699 1334 2735 Eodem
1370 2700 1476 2735 modo
1507 2700 1644 2736 decima
1675 2698 1799 2735 circuli
1837 2699 1898 2734 ad-

107 2756 181 2791 dita
205 2755 450 2802 quindecimae
481 2756 581 2797 (ecce
614 2752 869 2788 admixtionem
906 2752 1032 2787 classis
1065 2757 1229 2797 quartae)
1264 2752 1402 2788 faciunt
1426 2757 1575 2789 sextam.
1622 2752 1777 2796 Propter
1805 2751 1900 2786 hanc

107 2807 317 2843 dualitatem
341 2817 511 2851 generum
536 2805 674 2840 numeri
699 2803 980 2840 characteristici
1004 2806 1105 2848 sunt,
1131 2804 1167 2838 in
1192 2804 1307 2848 primo
1337 2805 1389 2850 12,
1425 2805 1461 2840 in
1486 2803 1642 2840 secundo
1664 2804 1710 2840 20
1740 2803 1797 2838 vel
1821 2802 1898 2846 ejus

108 2859 291 2895 dimidium
314 2860 370 2895 10.
418 2860 518 2895 Haec
541 2858 651 2903 igitur
674 2857 766 2893 infra
791 2856 869 2891 libr.
896 2857 959 2891 III.
985 2856 1178 2891 referenda
1202 2861 1238 2892 et
1262 2855 1498 2892 adscribenda
1522 2859 1606 2892 sunt
1632 2855 1678 2891 ad
1703 2854 1898 2891 distinctio·
1967 2879 1971 2882 -

108 2921 189 2946 nem
214 2922 384 2955 generum
406 2914 544 2947 cantus.

223 2979 267 3016 L.
300 2979 612 3029 Comparatio
642 2977 908 3027 figurarum
940 2986 1023 3013 seu
1055 2974 1348 3015 divisionum
1378 2973 1556 3015 circuli.
1609 2973 1758 3012 Primas
1788 2978 1897 3013 tenet

110 3036 311 3084 diameter3
350 3042 409 3076 est
444 3038 546 3075 enim
586 3035 749 3074 effabilis
788 3032 1040 3084 longitudine.
1102 3033 1320 3073 Secundum
1365 3038 1424 3073 est
1460 3033 1563 3071 latus
1601 3032 1894 3082 hexagonicum‚

108 3094 273 3144 aequale
303 3094 586 3134 semidiametro
617 3098 655 3133 et
684 3095 739 3132 sic
770 3091 923 3132 effabile
951 3091 1206 3142 longitudine.
1267 3092 1399 3132 Tertio
1419 3090 1506 3130 loco
1536 3095 1641 3130 stant
1671 3094 1895 3140 tetragonus
