1994 3276
0 3089 2 3130 l

582 95 823 136 ammeio.
871 87 1071 136 ιιιωιιι.
1096 72 1336 147 capusxvr.
1572 76 1603 86 ”
1645 95 1715 151 Ji
1756 64 1879 144 :toa-

63 213 165 258 uliae
193 225 328 263 o-on
355 216 582 268 plerumue
611 217 810 268 graviores
838 219 925 268 ipsa
953 217 1018 267 (ιιι
1035 218 1113 258 illa
1142 230 1195 257 sc.
1227 220 1431 270 parvitate
1449 221 1504 258 et
1502 214 1781 263 imbecillitate
1799 224 1852 260 et

62 271 274 320 odarum,
300 276 446 326 quippe
477 282 593 314 acuta
621 277 802 322 existens,
833 277 961 314 minus
989 274 1211 330 obstrepat)
1242 278 1435 316 communi
1449 272 1638 317 condutta
1667 275 1719 316 ad
1739 277 1850 337 prin-

63 331 207 382 ψί-
245 336 373 371 naus
406 336 605 383 maenus
640 333 768 372 locum
797 328 988 385 occupent
1015 336 1075 372 ab
1097 334 1203 374 illius
1233 334 1323 374 loco
1359 331 1614 385 dissonum,
1607 334 1851 395 priusquam

63 389 160 439 φοί
170 387 257 428 m·
272 400 345 443 ⁸⁰⁰.
368 390 462 430 loeo
492 393 699 431 excesserit
738 391 906 442 indeque
936 391 1041 430 illam
1074 391 1192 431 veluti
1227 391 1386 433 lentam
1406 386 1603 444 expellant
1639 392 1757 444 inque
1786 393 1851 432 in-

62 445 241 486 ierion·
265 447 490 500 pierumque
520 449 769 500 protrudant3
807 458 886 500 qua
916 451 1123 489 occasione
1151 452 1268 490 etiam
1298 450 1582 490 concordantii's
1620 458 1660 490 et
1689 450 1850 491 clausu-

62 503 136 552 lis,
176 513 280 554 quae
318 505 580 552 dissonantias
622 508 851 555 absumunt,
894 514 1027 546 natum
1068 520 1155 548 esse
1193 519 1333 547 nomeu
1376 509 1641 549 cadentiaram
1684 508 1849 548 videtur.

99 587 106 594 -
167 560 282 611 Quin
309 565 428 604 otiam
458 565 532 603 hoc
562 566 786 613 observant,
819 573 860 603 ut
890 577 1020 616 pugna
1051 566 1336 605 dissonantium
1367 567 1559 622 ordinarie
1590 553 1851 606 committatur

62 629 140 662 Μ
169 625 268 666 tntu
267 622 411 661 ὀηΙιι-ιι
442 630 489 662 ex
521 623 722 662 intervallo
751 625 968 674 propinquo
998 629 1037 662 et
1066 626 1166 663 inter
1194 624 1410 672 secundas,
1450 619 1581 689 quam
1599 627 1698 664 inter
1726 609 1858 693 septi-f

62 688 172 726 ιιιις
201 685 245 717 ut
269 679 329 718 ita
359 691 435 719 vox
465 684 651 732 superior,
682 681 844 732 depulsa
874 682 947 720 hoc
976 688 1092 732 pacto
1122 682 1171 722 de
1202 683 1269 721 illo
1294 693 1367 722 suo
1385 654 1499 730 loco,
1518 694 1585 734 per
1604 681 1850 731 semitonum

62 742 132 774 nt
159 741 295 775 touun
311 734 477 778 defluat
513 739 563 777 ad
592 745 761 784 sextam,
803 746 872 779 aut
914 740 1042 779 evolet
1083 740 1133 779 ad
1171 747 1351 780 octavam
1391 752 1480 780 cum
1515 741 1851 806 praevertentibus

63 792 353 844 designandam.-

136 851 274 892 Sunt
302 859 342 892 et
369 853 472 893 aliae
501 853 765 898 dissonantiae
794 839 1063 904 creberrimae,
1095 857 1223 897 miuus
1252 857 1497 904 artificiosae,
1529 859 1616 895 cum
1648 854 1726 894 vox
1755 854 1849 905 gra÷
1926 868 1949 891 Δ

59 909 124 948 vis
150 911 353 950 contium
379 922 519 950 sonum
546 923 679 959 suum,
718 924 878 952 mancus
916 915 954 950 in
985 916 1167 962 unisono,
1209 920 1250 952 at
1288 926 1364 953 vox
1393 920 1510 953 acuta
1545 914 1596 952 ab
1623 910 1731 952 illius
1758 915 1849 952 soni

59 967 410 1019 gravisohpason
439 972 605 1009 excurrit
634 970 825 1009 celeribus
853 972 1044 1010 sonitibus
1075 972 1125 1010 ad
1155 973 1326 1023 aliquam
1357 984 1425 1023 per
1454 967 1635 1023 diapente
1667 970 1729 1010 vel
1760 970 1850 1010 dia-.

62 1030 236 1065 tamon
266 1027 326 1066 ini
356 1038 586 1074 consonam,
631 1040 700 1078 per
730 1029 817 1067 loca
846 1031 1035 1068 concinna·
1075 1030 1301 1069 intermedia
1330 1032 1462 1069 omnia
1490 1030 1752 1081 pervolitans,
1792 1030 1849 1068 sic

63 1090 110 1122 ut
134 1083 307 1124 altemin-
324 1094 510 1124 cousonct
539 1086 811 1136 dissonetquc3
851 1099 1002 1137 semper
1041 1095 1170 1127 autem
1211 1088 1345 1127 ordine
1377 1089 1480 1139 prior
1517 1093 1726 1135 consonat3
1767 1086 1851 1126 dis-

62 1143 242 1181 sonan&
270 1148 310 1181 et
340 1143 469 1182 brevis
500 1150 574 1191 est,
618 1146 765 1195 quippe
797 1147 833 1182 in
868 1151 1090 1184 transcensu
1129 1152 1167 1184 et
1196 1147 1235 1183 in
1266 1158 1383 1193 sono,
1425 1147 1491 1196 qui
1522 1151 1582 1185 est
1612 1144 1745 1184 ordine
1775 1143 1849 1195 poss

61 1200 220 1249 stet-im,
251 1206 295 1239 ut
322 1202 357 1238 si
387 1208 513 1240 tactus
542 1205 801 1253 proportionis
833 1202 975 1253 duplae
1006 1206 1176 1255 quinque
1209 1204 1371 1243 discauti
1393 1215 1512 1243 sonos
1536 1215 1622 1242 eum
1645 1214 1721 1243 uno
1743 1203 1848 1242 bassi

63 1257 237 1307 copulet,
262 1259 408 1308 prima,
441 1261 564 1307 tertia,
596 1262 730 1309 quinta
761 1261 926 1299 discanti
958 1262 1249 1309 consonabunt,
1282 1261 1454 1301 secunda
1485 1267 1523 1301 et
1553 1266 1693 1311 quarta
1723 1260 1850 1300 disso-

63 1312 212 1354 nabunt
238 1323 311 1356 aut
337 1318 596 1367 imperfectius
617 1320 896 1358 consonabunt.
960 1319 1056 1359 Ecce
1127 1342 1211 1346 —-
1221 1329 1361 1370 -5—3—

1124 1335 1773 1463 -Ἣι-εδῑεξζὲῆ

1228 1478 1316 1503 mim.
1327 1477 1422 1505 mdis.
1435 1484 1501 1503 eon.
1507 1477 1592 1504 mim.
1599 1483 1628 1502 o.
1637 1476 1772 1503 meon.

1043 1540 1051 1561 ⁵
1121 1538 1744 1641 ΕΞΞὲΞ-Ξὲ-ΞὲΞΓ.-ἡ

101 1705 106 1707 .
179 1667 252 1706 ῙΠ.
283 1668 413 1719 HuJus
443 1672 559 1720 igitur
588 1674 740 1710 rarioris
771 1671 960 1710 mixturae
990 1673 1087 1710 ratio
1107 1680 1176 1710 ·est
1208 1667 1344 1710 eadem
1374 1670 1583 1722 naturalis,
1614 1683 1715 1721 quae
1746 1671 1850 1719 illius

65 1725 224 1764 alterius
252 1727 584 1777 frequentissimae
615 1736 654 1768 et
682 1734 913 1779 perpetuae,
952 1729 1042 1767 dum
1072 1731 1270 1768 variantur
1298 1730 1588 1768 consonantiae.
1649 1727 1867 1790 Quemad-s.

65 1783 222 1822 modum
252 1785 354 1823 euim
382 1787 421 1823 in
451 1788 615 1837 simplici
646 1787 813 1826 melodia
844 1787 1023 1826 deductio
1055 1789 1164 1825 vocis
1194 1789 1306 1824 unius
1336 1786 1543 1835 singularis
1574 1778 1598 1824 a
1622 1785 1751 1826 radice
1780 1792 1851 1842 sy·
1896 1782 1913 1793 ⁷

62 1843 239 1881 minatis
267 1853 337 1892 per
365 1845 569 1883 intervalla
600 1844 756 1884 dissona
785 1845 852 1883 sed
884 1846 1069 1883 concinna
1107 1853 1234 1883 tamen
1278 1843 1401 1882 tendit
1430 1844 1481 1882 ad
1511 1843 1600 1882 loca
1628 1844 1848 1885 harmonice

57 1894 354 1956 contemperata
382 1902 502 1940 radici
532 1905 649 1952 inque
680 1905 727 1941 iis
759 1905 1000 1951 immoratur,
1033 1905 1087 1941 sic
1118 1909 1326 1941 concentus
1356 1901 1581 1949 melodicus,
1612 1903 1662 1944 ab
1684 1903 1848 1942 unisono

0 1978 2 2011 ss
63 1954 145 1996 fere
175 1959 375 2008 incipiens,
404 1971 474 2009 pcr
504 1961 797 1999 concordantias
826 1963 1004 2007 minores,
1038 1959 1154 2010 vulgo
1186 1960 1434 2009 imperfectas
1457 1959 1599 2009 dietas,
1631 1966 1701 1999 aut
1731 1955 1848 2002 etia'm

0 2013 9 2040 l
62 2026 133 2064 per
162 2014 421 2055 dismantias
452 2018 522 2056 has
564 2019 685 2056 tendit
715 2018 764 2056 ad
796 2019 960 2067 majores
999 2026 1037 2056 et
1067 2019 1256 2068 perfectas
1287 2020 1560 2057 consonantias
1601 2024 1646 2056 et
1676 2018 1849 2068 plerum-

66 2084 142 2122 que
174 2070 419 2130 (praesertim
451 2077 488 2112 in
520 2074 615 2128 fine)
646 2076 696 2116 ad
728 2077 1079 2115 identisonantiam.
1835 2103 1838 2106 -

180 2124 250 2168 IV.
280 2131 446 2170 Rursum
467 2134 568 2171 sieut
587 2136 625 2171 in
644 2134 844 2172 cantilenis
864 2135 1103 2184 simplicibus
1121 2145 1251 2172 earum
1278 2134 1508 2183 linguarum,
1540 2145 1641 2183 quae
1667 2134 1850 2185 rhythmo
1866 2157 1869 2160 -

66 2193 246 2227 constant
273 2194 313 2227 et
339 2189 579 2240 longitudine
615 2193 676 2230 vel
708 2193 896 2230 brevitate
935 2191 1190 2242 syllabarum,
1232 2192 1406 2229 brevium
1446 2190 1602 2240 quidem
1643 2193 1743 2231 ratio
1772 2191 1846 2231 ha-

17 2252 22 2259 ’
68 2246 179 2284 betur
206 2257 286 2284 uon
313 2259 465 2297 magna,
498 2249 633 2298 longas
652 2261 754 2288 .vero
785 2250 958 2300 syllabas
987 2260 1026 2288 et
1055 2250 1149 2287 fines
1181 2261 1361 2287 versuum
1397 2248 1448 2287 ad
1477 2249 1565 2287 loca
1594 2250 1718 2298 primo
1748 2261 1849 2288 sono

21 2301 24 2304 ’
65 2313 238 2342 consona
268 2303 487 2354 dirigimuS,
529 2308 584 2345 sic
616 2309 731 2346 etiam
769 2309 807 2344 in
839 2315 1024 2346 concentu
1063 2313 1154 2345 sunt
1182 2308 1479 2352 consonantiae,
1524 2307 1690 2344 minores
1721 2306 1847 2346 dictae

69 2366 108 2399 et
134 2362 400 2412 imperfectae,
438 2375 535 2413 quas
564 2366 702 2402 cursim
731 2365 1027 2415 pervolitamus3
1068 2368 1158 2403 suut
1187 2371 1226 2403 et
1254 2365 1472 2415 perfectae,
1508 2364 1559 2402 ad
1590 2362 1689 2413 quas
1718 2364 1847 2403 tendi-

65 2422 174 2468 mus,
206 2431 307 2469 quae
338 2420 425 2458 ideo
442 2414 579 2460 dietae
609 2428 698 2460 sunt
729 2423 936 2461 clausulae.
1816 2439 1821 2443 ·

211 2477 261 2515 V.
293 2477 490 2528 Amplius,
529 2481 628 2517 sicut
666 2482 773 2530 ipsae
814 2481 1088 2518 consonantiae
1110 2463 1320 2528 singulae,
1365 2480 1525 2517 seorsim
1566 2457 1869 2528 consideratae,

69 2537 160 2572 sunit
188 2546 235 2573 eo
264 2537 419 2573 nomine
447 2541 598 2584 gratae,
638 2538 741 2587 quod
777 2549 853 2576 non
882 2537 995 2587 plane
1035 2535 1197 2575 identice
1238 2542 1396 2583 sonant,
1438 2535 1518 2574 sed
1537 2536 1726 2585 figuratae
1756 2543 1847 2575 sunt

68 2591 360 2645 'quodammodo
391 2597 429 2630 et
449 2592 737 2643 diversisonae,
770 2601 807 2633 et
837 2594 1079 2633 latitudinem
1109 2594 1279 2643 aliquam
1308 2593 1578 2644 qualitativam
1614 2599 1846 2644 occupantes

21 2679 29 2686 ,,
59 2644 127 2686 in·
138 2649 286 2697 auditu,
317 2656 492 2688 naturam
521 2651 713 2691 trahentoe
743 2665 767 2691 a
796 2653 926 2702 figuris
956 2652 1083 2702 planis
1111 2652 1375 2701 regularibus,
1419 2664 1442 2689 a
1473 2652 1614 2701 quibus
1644 2657 1683 2690 et
1713 2645 1869 2690 oriun-⁴
1893 2666 1896 2668 ·

71 2712 154 2754 mr,
185 2709 243 2745 sic
265 2708 348 2756 jam
378 2714 583 2745 concentus
613 2709 882 2757 harmonicus,
898 2722 969 2748 seu
989 2709 1149 2759 sequela
1168 2709 1332 2759 plurium
1352 2708 1637 2755 harmoniarum
1658 2714 1845 2760 perpetua

72 2765 155 2802 siue
182 2777 316 2804 earum
343 2768 532 2803 varietate
563 2768 725 2813 gratiam
756 2779 907 2806 omnem
937 2768 1074 2817 perdit.

123 2835 133 2852 -·
186 2822 261 2860 Ex
272 2822 346 2861 ha'c
374 2822 630 2872 explicatione
661 2823 891 2863 definitionis
921 2836 1062 2864 causae
1092 2824 1191 2862 tradi
1221 2828 1384 2872 possunt
1406 2824 1548 2872 legum,
1580 2808 1679 2872 quas
1710 2824 1845 2863 obser-

63 2884 168 2930 ‘yant
199 2882 458 2929 componistae
490 2882 527 2917 in
558 2881 782 2929 coaptandis
821 2882 1114 2921 concordantiis.
1174 2881 1273 2919 Nam
1313 2882 1445 2929 quaeri
1479 2885 1623 2930 potest,
1666 2892 1766 2930 quae
1794 2882 1869 2930 sit

10 2963 11 2967 ,
36 2943 38 2951 ²
64 2939 193 2976 'unsa
220 2938 429 2985 naturalis,
470 2948 537 2976 eur
565 2937 721 2975 licitum
749 2939 826 2976 sibi
866 2944 1021 2989 putent,
1062 2940 1194 2978 tertias
1226 2945 1263 2976 et
1294 2943 1423 2975 sextas
1457 2938 1654 2976 naturales
1691 2938 1844 2989 aliquot

32 2994 40 2998 “’
67 2994 248 3034 ordinare
277 2991 475 3044 deincep83
507 3002 663 3044 quartas
694 3001 732 3034 et
762 2995 915 3044 quintas
946 3002 985 3036 et
1015 3001 1174 3036 octavas
1206 3001 1243 3034 et
1274 2994 1419 3033 similes
1451 3007 1497 3034 ex
1531 2995 1731 3044 speciebus
1762 2998 1845 3035 siu-

8 2977 14 3060 }
31 3020 34 3024 .

9 3063 14 3110 Ι

147 3068 267 3099 topici-i
287 3067 387 3099 oper·
405 3067 439 3093 V.
1588 3065 1638 3102 13
1714 3069 1719 3073 “
