1994 3276
142 53 225 96 398
411 38 415 44 ’
829 53 1038 103 Ptolemaei
1049 39 1252 91 Harmonia

142 166 277 213 allegat
300 168 498 212 multisque
524 167 698 214 exemplis
723 169 921 220 confirmat,
946 171 1142 207 communis
1168 171 1311 216 quidam
1334 172 1454 206 reruni
1476 170 1593 206 nodus
1618 167 1835 216 habebatur3
1861 170 1930 206 hoc

139 224 260 256 tamen
290 220 384 257 inter
415 221 497 256 illos
529 221 720 258 discrimen
749 227 821 266 cst,
857 224 955 268 quod
987 224 1211 269 Pythagoras
1245 223 1389 268 quidem
1411 222 1525 270 *unius
1555 222 1726 268 simplicis
1757 221 1931 268 diapason

137 272 328 310 intervalla
363 279 514 320 septem·
537 275 734 312 admiratus
765 276 1004 322 dignatusque
1028 282 1102 321 est,
1139 276 1367 312 Ptolemaeus
1399 287 1505 322 vero,
1545 280 1735 320 angustum
1759 275 1931 310 mundum

139 325 219 362 fieri
241 337 412 373 cernens,
446 328 484 364 in
509 328 674 373 ampliori
704 332 899 376 systemate
929 329 1084 374 duplicis
1118 334 1266 365 octavae
1298 328 1541 373 septenarium
1563 332 1684 363 tamen
1716 332 1753 363 et
1775 328 1855 373 ipse
1878 326 1931 361 in-

140 377 237 413 venit
259 389 429 415 sonorum
455 380 648 416 stabilium.
695 381 744 416 At
768 392 848 417 cum
871 392 917 418 ne
941 383 993 418 sic
1017 382 1160 427 quidem
1185 382 1273 417 satis
1296 381 1453 426 amplum
1471 380 1536 416 fiat
1551 381 1675 416 mundi
1690 379 1930 424 intervallum,

139 430 339 476 elegantior
370 433 513 468 omnino
547 438 583 468 et
614 435 867 479 mysteriorum
896 435 1050 471 fertilior
1083 436 1222 471 censeri
1264 438 1387 480 potest
1422 433 1641 478 comparatio
1677 432 1931 478 Pythagorica,

139 495 245 529 quam
271 485 502 522 Ptolemaica:
551 486 618 522 Ille
649 488 744 522 enim
769 493 907 533 septem
938 489 1082 524 omnino
1115 487 1296 524 naturalia
1319 491 1503 532 numerat,
1535 486 1605 522 iste
1635 491 1773 531 septem
1804 496 1933 531 magna

139 548 185 573 ex
213 542 318 583 parte
352 539 559 584 arbitraria,
594 543 636 575 ut
667 540 829 576 innotis
861 540 1047 586 explicavi.
1109 538 1203 577 Satis
1241 541 1286 576 de
1319 539 1586 585 comparatione
1618 539 1816 575 Ptolemaei
1850 549 1932 575 cum

138 590 356 637 Pythagora.
1646 602 1649 604 ’

254 645 384 680 Restat
414 650 455 681 ut
486 655 566 684 mea
598 646 707 681 etiam
737 646 883 681 inventa
914 657 995 681 cum
1019 647 1247 682 Ptolemaicis
1279 655 1492 690 comparem.
1538 645 1697 691 Primum
1720 645 1830 690 igitur
1859 655 1932 680 non

138 706 288 744 possum
312 700 384 733 tion
410 697 591 735 celebrare
616 698 771 734 divinam
795 699 901 743 quasi
924 699 1100 744 virgulam
1129 699 1167 735 in
1191 698 1392 734 Ptolemaei
1416 702 1454 734 et
1475 698 1703 744 Pythagorae
1731 697 1932 742 conatibus,

139 749 236 794 quod
267 754 488 795 statuerunt,
526 757 693 796 oportere
726 761 806 788 esse
837 752 992 796 aliquem
1025 752 1279 797 archetypum,
1316 762 1360 787 ex
1393 762 1464 796 quo
1495 762 1568 787 non
1593 755 1734 787 tantum
1761 759 1932 785 numerus

140 802 374 848 sphaerarum
399 804 619 849 coelestium,
645 804 709 840 sed
735 805 843 840 etiam
867 804 1087 848 singularum
1111 804 1374 848 magnitudines
1400 815 1464 840 seu
1480 805 1731 850 proportiones
1756 802 1863 838 unius
1887 800 1934 837 ad

127 854 289 890 ¹alteram
314 856 448 892 fuerint
471 856 667 893 desumtae.
716 855 872 892 Axioma
897 857 1055 892 divinum
1080 862 1151 899 est,
1185 858 1283 902 quod
1305 857 1449 902 quidem
1472 857 1558 893 mihi
1581 868 1663 893 cum
1685 856 1756 892 illis
1781 854 1933 891 auctori-

138 907 206 943 bus
240 909 476 944 communiter
506 909 714 954 praelucet3
753 909 797 944 de
829 913 950 945 cetero
982 909 1175 945 dividimur,
1233 909 1400 946 Secundo
1434 910 1527 947 enim
1565 909 1738 946 coelestia
1759 908 1840 953 ipsa
1870 917 1933 943 seu

138 973 177 995 το
203 959 255 994 ὁτι
278 959 455 995 rationem
479 960 577 1005 apud
593 971 650 996 me
674 961 811 997 habent
835 961 1141 1006 expeditissimam
1160 972 1204 997 ex
1221 962 1431 1007 Copernico,
1458 972 1525 997 nec
1547 961 1624 997 ulla
1646 961 1728 997 talis
1754 960 1873 1005 qualis
1896 960 1933 995 in

138 1011 347 1048 Ptolemaeo
372 1018 539 1058 superest
562 1013 774 1063 haesitatio,
800 1023 918 1058 neque
943 1013 988 1049 de
1012 1024 1178 1060 numer0,
1204 1024 1322 1058 neque
1347 1015 1391 1050 de
1415 1014 1556 1057 ordine,
1590 1024 1708 1060 neque
1732 1013 1778 1050 de
1800 1012 1934 1057 magni-

138 1065 276 1101 tudine.
324 1065 415 1102 Nam
440 1066 477 1101 in
503 1067 723 1103 astronomia
749 1065 935 1111 Copernici
960 1066 1136 1111 sphaerae
1161 1066 1345 1102 mobilium
1377 1071 1462 1103 sunt
1486 1077 1634 1103 numero
1659 1077 1741 1102 sex:
1773 1077 1846 1102 una
1869 1066 1933 1102 Sa-

137 1117 245 1162 turni,
272 1119 354 1154 c'um
377 1119 572 1163 parastatis
595 1119 748 1163 duobus,
773 1129 845 1154 una
861 1118 884 1153 J
887 1118 979 1163 ovis,
1001 1129 1082 1153 cum
1099 1118 1316 1154 satellitibus
1330 1125 1496 1165 quatuor,
1521 1120 1628 1156 tertia
1643 1119 1783 1164 Martis,
1808 1123 1937 1164 quarta

143 1169 297 1206 Telluris
322 1181 403 1207 cum
427 1166 543 1215 Luna,
568 1171 693 1216 quinta
716 1170 879 1215 Veneris,
906 1174 1009 1206 sexta
1033 1171 1219 1215 Mercurii,
1253 1182 1406 1216 quarum
1430 1171 1588 1208 omnium
1612 1176 1775 1208 centrum
1798 1171 1936 1207 obtinet

140 1221 211 1258 Sol.
259 1223 353 1259 Nam
377 1224 446 1259 etsi
470 1223 642 1269 sphaeras
667 1223 799 1260 solidas
824 1223 942 1258 verior
965 1222 1176 1259 coelestium
1199 1234 1319 1259 rerum
1345 1224 1534 1270 disciplina
1548 1224 1690 1269 nescit,
1724 1223 1788 1259 illa
1811 1227 1934 1268 tamen

139 1275 306 1322 regiones
330 1275 537 1321 sphaericas
569 1287 634 1321 pro
661 1276 810 1321 singulis
840 1276 996 1322 planetis
1027 1276 1188 1322 singulas
1221 1277 1374 1322 largitur
1402 1278 1497 1314 ultro
1522 1277 1730 1322 stabilitque
1762 1280 1800 1312 et
1821 1275 1936 1311 munit

140 1327 355 1365 indubitatis
379 1329 613 1374 argumentis

255 1380 378 1416 Tertio
413 1381 634 1427 singulorum
666 1380 892 1427 planetarum
922 1381 1099 1426 sphaerae
1135 1382 1232 1428 apud
1266 1382 1513 1418 Ptolemaeum
1551 1386 1636 1418 sunt
1670 1380 1849 1426 implexae
1883 1378 1935 1413 in-

139 1431 473 1493 aequalissimarum
498 1435 774 1480 proportionum
800 1433 969 1479 epicyclis
995 1434 1146 1479 aliisque
1180 1434 1458 1480 particularibus
1484 1433 1651 1479 orbibus,
1683 1432 1779 1477 apud
1804 1431 1936 1477 Coper·

139 1484 259 1520 ninum
295 1486 400 1522 unico
426 1486 582 1523 Telluris
618 1491 716 1522 motu
753 1487 847 1523 circa
878 1487 997 1523 Solem
1033 1488 1209 1532 sphaerae
1233 1498 1356 1524 omnes
1381 1487 1473 1522 fiunt
1497 1486 1809 1532 simplicissimam
1837 1483 1938 1520 Nihil

138 1538 247 1582 igitur
270 1537 444 1574 habemus
468 1539 506 1574 in
530 1540 638 1576 rebus
662 1538 769 1585 ipsis,
805 1549 958 1584 quarum
990 1550 1123 1575 causae
1147 1540 1384 1584 inquirendae
1409 1544 1509 1584 sunt,
1519 1552 1522 1555 “
1547 1549 1619 1583 (1110
1644 1538 1689 1574 de
1717 1537 1934 1576 dubitemus.

139 1588 198 1624 Illi
231 1599 316 1625 vero
350 1594 491 1626 veteres
517 1591 623 1627 simul
659 1599 696 1627 et
725 1603 785 1628 res
818 1596 855 1628 et
887 1602 1017 1630 causas
1046 1604 1166 1629 rerum
1198 1592 1414 1638 conjecturis
1444 1592 1533 1628 alias
1570 1591 1676 1627 aliter
1707 1590 1934 1635 indagarunt,

139 1642 243 1688 quasi
266 1641 448 1678 fortunam
471 1643 699 1690 invocantes,
734 1644 898 1681 destituti
923 1656 1115 1690 corporum
1139 1650 1176 1681 et
1201 1646 1337 1682 ordinis
1363 1645 1585 1691 experientia
1615 1643 1769 1713 sensili,
1784 1643 1855 1678 hoc
1879 1646 1936 1678 est

142 1694 396 1732 astronomica.

255 1759 411 1804 Quarto,
439 1761 535 1804 quod
555 1761 631 1805 jam
657 1762 786 1798 attinet
810 1762 1047 1808 archetypum
1071 1763 1189 1808 ipsum
1215 1774 1335 1809 rerum
1361 1763 1587 1808 coelestium,
1622 1762 1681 1798 hic
1704 1761 1934 1797 Ptolemaeus

140 1812 230 1850 nihil
253 1811 407 1848 divinius
431 1813 576 1858 invenit,
603 1826 710 1860 quam
734 1811 895 1861 politiam
913 1827 1032 1851 rerum
1049 1815 1346 1860 harmonicarum,
1373 1826 1490 1861 neque
1506 1821 1637 1859 tamen,
1664 1825 1709 1849 ex
1727 1823 1798 1858 quo
1815 1823 1935 1848 rerum

140 1874 272 1914 genere
293 1864 357 1900 illa
381 1865 508 1910 politia
531 1866 741 1904 harmonica
764 1868 931 1913 primitus
957 1871 1055 1904 esset
1079 1873 1178 1913 orta,
1213 1867 1425 1912 perquisivit
1449 1871 1633 1910 accurate,
1667 1869 1858 1902 contentus
1882 1864 1934 1899 fa-

141 1921 239 1957 milia
262 1927 491 1953 numerorum
517 1930 562 1955 ex
587 1919 751 1955 doctrina
774 1920 1030 1965 Pythagorica;
1063 1920 1188 1965 itaque
1218 1920 1280 1955 uni
1311 1924 1348 1955 et
1371 1919 1486 1955 eidem
1511 1918 1696 1965 systemati
1727 1917 1934 1954 harmonico

141 1974 213 2010 tria
236 1973 298 2011 illa
322 1971 430 2014 (inter
454 1971 537 2016 alia)
562 1972 758 2017 praecipua
781 1972 946 2017 interque
971 1983 1012 2007 se
1037 1972 1207 2008 distincta
1228 1971 1470 2016 comparanda
1489 1971 1647 2006 censuit:
1675 1971 1710 2013 1)
1736 1969 1934 2015 configura-

141 2027 276 2072 tiones,
312 2026 351 2067 2)
375 2023 564 2070 sphaeras,
600 2025 639 2069 3)
665 2029 795 2060 motus.
843 2025 922 2068 Ego
946 2035 1031 2060 vero
1057 2025 1310 2069 considerans,
1348 2025 1438 2059 haec
1466 2025 1547 2069 ipsa
1571 2024 1639 2059 tria
1672 2033 1752 2059 esse
1777 2023 1872 2058 inter
1896 2032 1935 2058 se

143 2079 404 2124 diversissima,
436 2077 598 2114 diversos
629 2077 736 2113 etiam
760 2077 803 2113 iis
828 2077 1067 2125 archetypos,
1102 2076 1243 2111 diversa
1267 2076 1487 2120 exemplaria
1521 2075 1718 2111 constituta
1743 2085 1826 2110 esse
1855 2085 1935 2110 sum

144 2133 350 2168 arbitratus.
400 2131 450 2166 Et
480 2130 576 2166 circa
606 2130 908 2176 configurationes
944 2129 1086 2173 quidem
1118 2129 1282 2174 proxime
1306 2128 1441 2170 accessi
1474 2127 1520 2163 ad
1544 2127 1742 2163 Ptolemaei
1771 2131 1933 2172 conatus,

144 2185 362 2226 ostendens,·
390 2193 463 2219 non
497 2182 639 2226 quidem
671 2192 716 2217 ex
745 2182 885 2226 integro
919 2179 1380 2228 disdiapason‘systemate
1407 2180 1542 2215 musico
1575 2190 1656 2215 cum
1682 2179 1815 2219 circulo
1839 2190 1933 2215 com-

143 2242 287 2282 parato,
313 2230 453 2280 ut'ille,
480 2235 545 2270 sed
571 2245 615 2268 ex
639 2234 778 2270 ratione
804 2234 988 2270 divisionis
1013 2233 1137 2269 circuli
1163 2238 1199 2268 et
1223 2244 1269 2269 ex
1294 2232 1448 2278 simplici
1472 2233 1646 2278 diapason
1676 2243 1757 2268 cum
1780 2233 1936 2269 semicir-

144 2288 226 2324 culo
250 2292 477 2333 comparato:
512 2297 576 2322 cur
599 2290 637 2322 et
659 2286 697 2322 in
721 2292 850 2323 natura
874 2285 1176 2331 configurationes
1200 2285 1295 2320 inter
1317 2285 1476 2322 infinitas
1506 2296 1644 2331 paucae
1668 2285 1791 2323 essent
1815 2287 1937 2322 effica-

144 2351 224 2387 ces,
257 2346 294 2377 et
316 2341 353 2376 in
375 2340 513 2377 musica
537 2339 651 2375 simile
684 2339 771 2383 quid
803 2339 897 2374 circa
922 2337 1176 2374 consonantias
1201 2338 1392 2375 accideret.
1440 2340 1520 2376 Hoc
1543 2340 1653 2385 igitur
1685 2342 1935 2385 argumentum

143 2394 215 2431 fuit
236 2394 307 2430 mei
330 2393 413 2429 libri
437 2392 556 2438 quarti
579 2392 889 2427 Harmonicorum.
938 2390 1040 2426 Circa
1064 2400 1148 2425 vero
1172 2389 1313 2434 reliqua
1337 2391 1419 2436 duo,
1445 2393 1618 2437 sphaeras
1642 2393 1779 2429 scilicet
1803 2396 1840 2427 et
1862 2402 1934 2426 mo-

143 2451 215 2492 tus,
242 2447 294 2483 sic
318 2456 386 2491 ego
412 2456 491 2482 811111
515 2444 764 2487 ratiocinatus,
788 2443 938 2479 eandem
963 2446 1130 2488 oportere
1147 2442 1415 2487 proportionem
1433 2454 1514 2480 esse
1531 2446 1816 2505 archetyporum,
1843 2454 1935 2489 qnae

143 2504 199 2535 est
221 2510 339 2536 rerum
363 2499 541 2544 ipsarum,
577 2508 645 2533 nec
669 2501 878 2542 utrumque,
912 2500 987 2531 tam
1020 2495 1194 2540 sphaeras
1220 2506 1327 2539 quam
1351 2501 1484 2541 motus,
1521 2498 1636 2533 eidem
1659 2498 1711 2533 rei
1735 2495 1934 2542 comparari

143 2551 315 2596 legitime.
366 2551 454 2587 Cum
480 2551 574 2585 enim
598 2549 879 2609 perpenderem,
916 2547 1171 2606 proportiones
1207 2558 1275 2583 nec
1299 2558 1344 2584 ex
1386 2550 1543 2586 humana
1566 2551 1703 2586 musica
1732 2550 1769 2585 in
1794 2549 1933 2585 coelum
1984 2543 1990 2549 ’

146 2605 305 2649 venisse,
335 2613 402 2639 1100
427 2613 472 2638 ex
496 2602 597 2638 coelo
620 2602 658 2636 in
683 2601 875 2644 musicam,
901 2599 965 2635 sed
990 2600 1028 2634 in
1053 2604 1245 2644 utrumque
1271 2611 1315 2635 ex
1340 2601 1474 2637 circulo
1500 2602 1699 2647 abstracto,
1730 2600 1867 2637 scilicet
1889 2611 1934 2636 ex
1982 2603 1985 2605 “

144 2656 356 2702 geometria:
393 2655 531 2691 foribus
565 2654 674 2699 igitur
704 2652 920 2697 geometriae
953 2651 1106 2696 apertis,
1139 2651 1214 2695 jam
1249 2653 1414 2697 potiebar
1443 2655 1613 2690 thesauro
1646 2653 1759 2690 omnis
1793 2652 1933 2698 generis

143 2709 316 2753 idearum,
339 2708 464 2754 figuris
490 2707 627 2743 scilicet
650 2712 722 2741 tam
747 2704 882 2749 solidis,
908 2715 1015 2748 quam
1039 2703 1167 2748 planis.
1216 2706 1265 2740 Et
1290 2706 1426 2741 solidae
1454 2706 1598 2751 quidem
1621 2706 1758 2751 figurae
1782 2704 1932 2750 pulchre

145 2761 412 2806 respondebant
435 2760 648 2806 corporibus
673 2758 813 2803 solidis,
846 2757 975 2802 planae
1009 2766 1093 2795 vero
1129 2768 1319 2802 corporum
1344 2758 1609 2803 affectionibus,
1647 2759 1700 2793 sic
1724 2756 1930 2802 superficies

146 2813 335 2858 sphaerica
357 2813 447 2850 locis
472 2823 534 2847 seu
561 2806 687 2856 spatiis
711 2809 938 2855 planetarum
961 2807 1192 2844 dimensionis
1218 2810 1364 2856 solidae,
1394 2811 1509 2846 lineae
1532 2820 1617 2846 vero
1641 2809 1833 2845 circulares
1857 2817 1930 2843 mo-

147 2864 255 2901 tibus.
303 2865 354 2901 Et
377 2863 637 2910 superficiebus
662 2862 805 2907 quidem
830 2860 1025 2905 sphaericis
1049 2859 1194 2895 inscribi
1219 2862 1531 2907 circumscribique
1563 2862 1697 2907 figuras
1723 2859 1856 2897 solidas
1879 2859 1929 2903 vi-

148 2914 291 2962 debam,
323 2916 466 2953 circulis
491 2925 576 2951 vero
599 2915 734 2960 figuras
758 2913 895 2960 planas.
942 2911 998 2946 Ibi
1022 2921 1067 2946 ex
1091 2912 1184 2948 binis
1210 2914 1483 2959 quibuscunque
1508 2914 1672 2960 orbibus,
1708 2913 1769 2952 uni
1791 2910 1929 2958 figurae

146 2969 353 3014 adscriptis,
388 2968 597 3005 oriebantur
619 2967 871 3013 proportiones
895 2969 1015 3000 certae
1040 2965 1196 3011 orbium,
1231 2966 1290 3002 hic
1325 2977 1370 3002 ex
1393 2967 1586 3011 figurarum
1617 2966 1654 3001 in
1679 2964 1851 3001 circulum
1875 2963 1928 2998 in-

147 3019 341 3064 scriptione
371 3020 408 3055 in
437 3019 603 3065 partibus
635 3019 757 3055 circuli
787 3018 946 3055 sectione
978 3018 1182 3054 constitutis
1217 3019 1380 3056 videbam
1415 3028 1605 3064 expressas
1642 3021 1679 3052 et
1713 3017 1929 3052 constitutas
