1988 3276
121 126 174 167 68
622 119 810 167 Epistulae
834 120 982 167 Kepleri
1005 120 1228 165 aliorumque
1251 123 1397 156 mutuae

120 243 181 272 aut
205 241 383 281 vocentur,
408 239 588 271 admodum
613 239 746 280 dubito;
771 239 938 272 ordinaria
962 242 1047 271 certe
1071 240 1154 272 baec
1177 239 1309 271 illorum
1332 239 1464 271 vocatio
1487 247 1555 271 non
1578 241 1643 284 est,
1667 241 1706 271 ut
1727 238 1772 271 sit
1794 241 1905 271 extra-

120 287 306 332 ordinaria,
338 287 440 326 longa
465 284 659 327 probatione
682 290 715 318 et
738 287 879 319 fortibus
903 287 1104 326 argumentis
1140 286 1277 326 indiget.
1327 285 1438 326 Quid?
1469 285 1499 318 si
1519 286 1654 327 insuper
1677 286 1850 318 curiositas
1874 288 1908 318 et

120 334 292 366 cursitatio
316 334 396 365 haec
419 333 552 364 illorum
577 333 669 365 ducit
692 333 847 365 adversus
870 334 1006 365 verbum
1031 334 1199 377 scriptum,
1223 333 1365 365 latenter
1387 341 1432 364 an
1447 333 1627 376 manifeste,
1651 333 1736 364 nihil
1758 333 1907 367 interest.

120 380 212 421 Quid
236 383 316 412 tunc
340 379 540 411 dicendum?
587 380 716 412 Nonne:
747 381 803 420 ite,
828 381 885 423 ite,
909 381 992 411 latet
1015 381 1130 420 anguis
1154 381 1191 411 in
1214 380 1338 412 herba?
1384 377 1578 420 Budolphus
1601 379 1643 412 Π.
1670 379 1752 420 quid
1775 379 1909 412 dicebat

118 432 179 459 aut
202 426 366 466 quomodo
392 427 528 458 affectus
554 430 624 458 erat
647 436 724 468 erga
742 426 878 459 Crucem
892 452 901 470 ‚
926 426 1123 467 Columbas,
1151 427 1278 467 Oleam,
1302 427 1420 458 Arcam
1435 425 1558 469 Nonae,
1583 424 1675 458 coelo
1692 426 1909 467 transscripta

119 483 178 515 per
201 474 392 514 Hispanos?
439 473 539 505 Tum:
564 474 680 506 rustici
703 482 812 505 nonne
835 474 961 506 habent
983 475 1018 505 in
1041 474 1166 513 Pegaso
1192 476 1225 505 et
1239 473 1406 514 Delphino
1431 482 1527 513 suam?
1547 475 1580 505 et
1603 475 1763 514 majorem
1787 475 1820 504 et
1843 473 1908 504 mi-

119 530 232 552 norem
257 521 407 552 crucem‘?
453 520 526 552 Non
549 521 650 561 igitur
673 521 756 551 mihi
779 523 847 552 tam
871 522 935 553 hoc
957 523 1051 552 tuum
1074 520 1227 551 mirabile
1250 520 1398 558 videtur,
1422 522 1482 551 aut
1505 517 1648 552 alienum
1673 522 1706 552 et
1727 520 1826 559 longe
1847 528 1908 560 pe-

119 568 228 608 titum,
253 576 352 606 qnam
377 566 464 606 quod
489 568 524 598 in
549 567 689 608 physica
711 570 771 599 tua
795 566 930 599 coelesti
954 567 1179 608 protoplastas
1205 576 1280 599 cum
1304 567 1373 599 suis
1396 566 1517 604 literis.
1540 567 1610 598 sive
1633 568 1677 599 ab
1700 566 1815 599 inferis
1839 567 1909 597 sive

119 614 245 654 superis
271 612 392 657 (jocari
415 611 529 656 liceat)
554 615 717 646 excitatos
741 615 778 645 in
800 623 934 646 scenam
958 617 991 645 et
1013 614 1182 655 pulverem
1204 614 1438 653 geometricum
1462 612 1638 655 producas,
1671 617 1710 645 ut
1733 614 1802 645 sint
1822 613 1908 644 ima-

120 662 216 701 gines
240 664 369 692 tuarum
393 660 675 702 primigenitarum
700 663 732 692 et
754 662 1014 701 postgenitarum
1036 661 1211 700 figurarum
1235 663 1267 691 et
1290 660 1465 692 ostendant
1486 669 1599 692 earum
1623 660 1831 692 differentias.

231 707 308 739 Jam
330 706 489 738 Miillerus
521 708 734 750 quaestiones
770 709 864 739 affert
896 707 936 739 de
963 708 1136 748 „Epitome
1163 708 1249 740 Astr.
1275 706 1377 748 Gop.“
1413 705 1467 749 (de
1491 707 1764 748 proportionibus
1788 705 1911 747 Kepler

119 752 261 796 dubitat)
287 753 405 785 deinde
429 755 476 786 sic
500 755 619 794 pergit:
657 755 766 785 Antea
787 763 839 786 me
870 755 1124 786 inexercitatum
1147 753 1275 786 fatebar
1297 754 1362 785 tibi
1385 754 1420 784 in
1444 755 1516 785 arte
1538 754 1681 797 musica,
1723 754 1915 795 praesertim

117 801 227 833 vocali
251 803 282 832 et
305 800 455 832 terminis
479 802 568 832 artis.
615 801 706 840 Rogo
731 810 822 841 ergo,
845 801 1009 841 numquid
1031 810 1100 832 non
1122 803 1183 832 tua
1208 801 1348 841 physica
1375 800 1527 832 coelestis
1551 801 1650 832 etiam
1674 801 1745 832 sine
1769 801 1822 832 his
1847 803 1914 832 ter—
1977 795 1985 802 ⁰

118 848 216 879 minis
241 850 273 879 et
297 848 393 888 praxi
419 848 558 879 canendi
587 848 730 887 intelligi
754 852 854 887 queat
883 851 941 880 eut
964 848 1080 880 saltem
1109 857 1151 879 ex
1174 848 1397 879 instrumento
1429 846 1572 890 musico,
1610 847 1700 887 quod
1723 847 1771 878 ita
1795 847 1917 879 dicitur

118 891 186 927 κατ’
212 892 339 937 ἑξοχην,
367 895 459 934 cujus
483 895 639 934 pulsandi
663 894 904 934 quodammodo
931 904 1004 926 sum
1019 896 1165 934 gnarus?
1209 893 1308 934 Quod
1332 895 1361 925 si
1378 894 1437 936 sic,
1461 893 1618 934 aquulam
1639 894 1825 935 asperseris.
1864 893 1916 925 De

117 944 268 981 apotome
293 949 441 982 quoque,
477 941 634 972 binomiis
659 945 718 973 etc.
744 945 893 982 optarem
916 943 999 973 mihi
1023 942 1148 974 clarum
1184 944 1217 972 et
1241 942 1444 972 succinctum
1469 943 1659 984 tractatum,
1694 941 1753 980 qui
1777 938 1913 972 subtili-

117 990 201 1019 tates
225 986 301 1018 illas
327 987 562 1019 demonstraret
584 989 620 1019 in
644 989 742 1019 rebus
766 989 991 1029 sensibilibus,
1016 998 1035 1019 a
1060 989 1181 1028 quibus
1206 988 1404 1028 plerumque
1431 986 1533 1018 ordiri
1549 987 1638 1019 soleo
1661 996 1810 1020 mearum
1827 996 1916 1028 ⁴con-

117 1034 368 1074 templationum
391 1034 503 1065 telam.
550 1035 754 1078 Dibuadius,
780 1034 912 1067 Clavius
936 1039 969 1067 et
993 1036 1094 1067 ceteri
1118 1038 1394 1066 commentatores
1417 1043 1484 1066 non
1509 1034 1653 1075 sapiunt.

232 1081 297 1113 Sed
321 1081 400 1112 satis
425 1082 687 1120 quaestionarias
711 1082 886 1123 epistolae,
921 1082 1015 1114 credo
1039 1086 1089 1121 te,
1122 1081 1182 1112 Vir
1206 1081 1507 1123 Excellentissime,
1540 1082 1609 1120 33111
1633 1081 1802 1121 poenitere
1825 1090 1904 1122 pro-

117 1127 299 1159 vocationis
336 1130 369 1159 et
403 1129 566 1166 requirere
600 1129 781 1160 insumtum
815 1129 850 1159 in
885 1128 1111 1169 percurrendis
1148 1129 1245 1167 nugis
1281 1129 1365 1159 meis
1399 1130 1540 1167 tempus.
1588 1126 1757 1168 Cogitabis
1788 1132 1908 1172 autem,

117 1175 244 1205 volenti
266 1175 422 1214 injuriam
445 1183 512 1206 non
535 1176 607 1206 fieri
631 1178 663 1206 et
686 1176 748 1207 hoc
771 1176 877 1214 magis
903 1176 1035 1206 solitam
1057 1178 1149 1206 tuam
1175 1175 1415 1214 benignitatem
1438 1174 1474 1205 in
1497 1183 1549 1205 me
1579 1175 1754 1217 usurpabis
1779 1183 1912 1215 quoque

118 1225 152 1252 et
174 1221 343 1261 hucusque
367 1221 517 1260 ignotum
542 1222 606 1253 tibi
630 1223 762 1254 virtutis
794 1226 826 1253 et
851 1222 1011 1254 donorum
1047 1225 1180 1253 tuorum
1217 1222 1380 1253 divinitus
1421 1229 1647 1253 concessorum
1681 1221 1914 1254 admiratorem

119 1271 153 1299 et
176 1277 385 1311 praeconem,
419 1271 597 1308 postquam
620 1270 756 1310 propius
781 1270 944 1311 innotuit,
970 1269 1122 1308 cupidius
1147 1267 1372 1311 amplecteris,
1399 1267 1487 1307 quod
1510 1270 1548 1298 ut
1572 1268 1688 1311 facias,
1713 1269 1777 1300 etsi
1799 1271 1858 1300 tua
1880 1272 1914 1300 te

118 1315 304 1346 humanitas
328 1316 436 1354 rogari
460 1309 527 1346 non
552 1319 729 1356 exspectat,
757 1320 807 1347 sat
831 1317 909 1358 scio,
934 1325 1012 1355 rogo
1037 1319 1157 1358 tamen,
1182 1318 1220 1346 ut
1245 1324 1305 1356 par
1329 1318 1388 1355 est,
1415 1317 1448 1346 et
1471 1315 1520 1346 sic
1538 1315 1652 1346 missis
1666 1315 1751 1354 logis
1775 1315 1913 1347 ulterio-

117 1362 210 1392 ribus
241 1364 274 1393 te
305 1361 415 1392 valere
441 1363 542 1401 jubeo
573 1361 627 1395 ὲπι
658 1373 794 1404 μακρον
831 1365 862 1393 et
886 1371 1053 1402 superesse
1085 1363 1136 1394 his
1162 1362 1270 1394 ordini
1301 1365 1412 1392 nostro
1443 1361 1662 1400 iniquissimis
1693 1363 1912 1402 temporibus.

118 1408 206 1439 Bene
231 1406 304 1439 vale
329 1411 361 1439 et
385 1407 475 1440 salve
500 1418 518 1440 a
543 1408 668 1441 cultore
690 1410 740 1440 tui
765 1410 919 1448 nominis,
946 1408 1095 1440 Miillero.
1143 1409 1277 1449 Lipsiae
1301 1408 1331 1440 d.
1357 1405 1390 1441 3.
1414 1408 1498 1447 Aug.
1525 1405 1626 1441 1622.

233 1460 287 1491 Ad
311 1461 393 1492 haec
422 1461 592 1502 respondit
616 1462 839 1502 Keplerus:
878 1456 917 1495 S.
958 1455 1003 1495 P.
1035 1456 1086 1494 D.
1151 1455 1373 1494 clarissime
1403 1453 1495 1493 Virl
1552 1453 1650 1494 JOVi
1678 1454 1819 1495 Phidlo
1859 1453 1914 1509 (si

120 1513 358 1553 Christianos
385 1514 507 1563 decet,
545 1514 712 1565 jocando
743 1519 891 1553 veteres
918 1511 1081 1568 imitari)
1111 1514 1252 1553 bovem
1286 1515 1422 1564 opinor
1442 1512 1639 1563 debemus,
1671 1515 1738 1564 qui
1765 1525 1912 1565 pronu-

119 1572 214 1611 bum
240 1572 490 1612 conciliandis
518 1575 660 1612 nostris
690 1573 886 1611 amoribus
915 1573 1020 1611 nacti
1051 1584 1183 1611 sumus
1214 1571 1415 1620 sedulum,
1446 1581 1687 1611 communem
1726 1583 1778 1612 sc.
1811 1573 1911 1611 ami-

122 1642 210 1669 cum
239 1630 439 1670 Seussium
470 1634 606 1680 (cfr.11.
637 1646 670 1677 p.
695 1634 798 1680 481),
843 1631 952 1681 cujus
993 1642 1111 1680 opera
1142 1642 1211 1681 per
1245 1630 1342 1669 haec
1383 1630 1489 1668 invia
1528 1634 1567 1668 et
1591 1629 1768 1670 desolata
1803 1635 1913 1670 tuam

121 1693 251 1728 tamen
297 1689 503 1739 epistolam
542 1691 670 1740 recepi
711 1690 775 1728 13.
817 1689 1065 1739 Septembris.
1124 1689 1175 1727 Et
1219 1691 1311 1738 quia
1353 1693 1390 1726 te
1435 1687 1667 1738 discipulum
1708 1689 1911 1739 profiteris,

121 1748 305 1798 incipiam
345 1760 369 1786 a
399 1749 647 1787 correctione.
707 1747 919 1787 Dimidium
948 1746 1141 1797 epistolae
1179 1751 1270 1786 tuae
1302 1747 1400 1785 bene
1430 1746 1571 1796 longae
1605 1746 1757 1786 duabus
1785 1748 1911 1797 lineis,

123 1810 328 1855 utramque
367 1817 420 1858 sc.¹
462 1808 663 1857 paginam,
712 1805 835 1844 deleo.
904 1805 1085 1844 Nondum
1123 1816 1185 1844 me
1223 1806 1345 1853 nosti,
1396 1805 1429 1842 si
1469 1804 1544 1844 11013
1581 1805 1753 1844 nondum
1794 1807 1912 1858 capis,

123 1863 174 1902 ad
220 1863 508 1903 simulationem
547 1877 609 1903 me
652 1863 1077 1913 dissimulationemque
1119 1864 1263 1902 factum
1306 1874 1389 1902 esse
1426 1864 1593 1902 minime.
1659 1863 1748 1903 Non
1794 1863 1914 1903 dissi-

123 1921 250 1970 mulo,
291 1933 352 1960 me
391 1928 638 1962 consecutum
679 1934 764 1961 esse
803 1923 856 1961 20
888 1934 1074 1961 annorum
1113 1922 1386 1960 exercitatione
1426 1921 1626 1970 continua,
1674 1921 1780 1972 quod
1808 1921 1915 1961 haud

124 1979 238 2018 facile
275 1981 481 2029 quisquam
518 1980 618 2018 alius
658 1982 697 2017 in
740 1980 814 2018 11013
854 1992 992 2030 genere
1032 1981 1216 2029 consequi
1256 1980 1400 2030 possit;
1442 1990 1567 2029 neque
1606 1984 1736 2019 tamen
1776 1984 1815 2019 te
1857 1983 1914 2019 si-

124 2038 282 2076 mulatis
321 2039 450 2077 verbis
487 2038 669 2076 idoneum
713 2039 985 2088 pronunciavi,
1036 2037 1146 2087 cujus
1187 2037 1479 2076 conversatione
1528 2038 1567 2075 in
1607 2039 1778 2077 materiis
1818 2041 1914 2078 13011-

126 2095 268 2135 finibus
297 2097 395 2135 inter
423 2096 719 2135 mathematicen
763 2101 800 2134 et
830 2096 1157 2147 metaphysicam,
1199 2096 1339 2145 quibus
1375 2096 1587 2146 impensius
1627 2107 1700 2146 ego
1731 2096 1912 2146 delector,

128 2165 246 2204 quam
275 2155 369 2205 ipsis
400 2155 604 2194 abstractis
643 2154 962 2202 mathematibus‚
993 2153 1169 2203 adeoque
1201 2159 1239 2192 et
1268 2155 1307 2190 in
1335 2165 1377 2192 re
1407 2165 1495 2192 mea
1524 2157 1679 2204 propria
1719 2155 1800 2194 illic
1828 2167 1914 2195 me-

127 2211 203 2251 lius
233 2212 447 2261 sentiendo,
478 2213 542 2251 hic
574 2212 814 2252 emendatius
846 2218 884 2252 et
914 2212 1054 2251 clarius
1083 2211 1291 2262 loquendo,
1323 2211 1527 2262 plurimum
1550 2212 1734 2262 proficere
1754 2215 1912 2264 possim.

129 2270 207 2310 Eas
237 2282 329 2310 vero
359 2272 541 2310 materias
571 2272 611 2308 in
641 2271 761 2309 literis
793 2270 841 2309 ad
872 2270 1092 2319 Seussium,
1125 2281 1222 2320 quas
1242 2275 1280 2308 te
1309 2269 1451 2318 legisse
1482 2270 1693 2322 profiteris,
1725 2283 1773 2311 ex
1803 2276 1912 2324 parte

133 2330 326 2379 expressi3
367 2331 576 2381 praecipua
606 2334 663 2368 est
693 2331 731 2366 in
762 2329 858 2368 libro
895 2328 942 2367 de
973 2327 1094 2367 Stella
1122 2327 1236 2367 Nova
1274 2340 1298 2366 a
1334 2340 1372 2378 p.
1409 2329 1488 2368 129
1518 2329 1559 2365 in
1593 2330 1672 2368 148
1702 2335 1778 2373 (vol.
1802 2336 1846 2369 11.
1878 2327 1942 2379 pi-

131 2390 356 2430 705—718).
417 2387 527 2426 Tunc
553 2388 727 2438 sequitur
762 2387 860 2426 liber
888 2386 959 2425 IV.
991 2385 1243 2424 Harmonices
1282 2391 1320 2424 et
1357 2386 1515 2425 ultimae
1550 2389 1833 2440 propositiones
1863 2388 1914 2427 li-

132 2445 191 2483 bri
221 2444 270 2484 V.
302 2456 389 2483 cnm
417 2445 595 2496 Epilogo.
654 2445 755 2484 Nam
793 2457 893 2496 quae
933 2444 980 2483 de
1009 2446 1171 2483 materia
1201 2445 1294 2482 novi
1324 2444 1458 2483 sideris
1495 2448 1534 2483 et
1569 2450 1802 2486 cometarum
1832 2449 1912 2486 suis

131 2502 229 2542 locis
260 2503 384 2553 deque
415 2505 542 2542 causis
573 2503 795 2542 coelestium
825 2503 994 2555 physicis
1024 2502 1122 2541 libro
1154 2502 1221 2540 IV.
1254 2502 1450 2552 Epitomes
1481 2501 1698 2555 disputavi,
1741 2516 1789 2544 ea
1818 2505 1914 2544 mihi

128 2561 211 2612 jam
240 2562 371 2600 nescio
403 2573 479 2611 quo
510 2566 625 2612 pacto
656 2573 723 2612 pro
755 2562 852 2600 adeo
885 2562 982 2599 tritis
1013 2560 1225 2608 habentur,
1258 2565 1300 2599 ut
1331 2565 1463 2599 contra
1491 2563 1680 2612 principia
1709 2561 1912 2612 disputan-

132 2624 211 2658 tem
240 2621 367 2658 minus
397 2619 494 2658 forte
525 2619 686 2658 moleste
709 2620 840 2668 feram,
873 2631 990 2669 quam
1020 2623 1152 2657 contra
1182 2619 1268 2656 ista.
1327 2618 1378 2656 Et
1406 2624 1496 2657 sunt
1525 2619 1593 2658 illa
1620 2620 1804 2670 pleraque
1825 2634 1912 2661 ma-

133 2679 252 2717 teriae
281 2677 495 2716 rationibus
526 2677 675 2725 affinia,
715 2678 809 2716 mihi
841 2688 931 2715 vero
972 2679 1122 2715 animus
1151 2681 1254 2715 totus
1292 2678 1330 2714 in
1360 2676 1491 2715 formis
1527 2679 1642 2728 inque
1673 2679 1832 2728 animis,
1871 2681 1911 2717 in

132 2737 217 2787 ipso
248 2736 335 2775 Deo
365 2735 573 2775 architecto
604 2737 753 2788 operis⁷
791 2735 972 2773 lubentiis
1012 2735 1189 2773 omnibus
1230 2735 1505 2784 annuentibus,
1545 2738 1752 2786 exspatiari
1782 2739 1909 2788 gestit.

133 2793 208 2832 Hic
238 2805 311 2844 ego
341 2794 547 2845 plurimum
576 2793 710 2833 laboro
742 2792 931 2832 desiderio
962 2792 1167 2840 lectorum,
1210 2794 1297 2842 qui,
1337 2795 1408 2831 etsi
1438 2792 1697 2834 mathematici
1728 2806 1805 2834 non
1834 2796 1912 2834 sint

134 2863 179 2890 ex
211 2852 405 2903 professo,
437 2854 516 2891 vim
546 2857 676 2891 tamen
707 2855 1036 2902 argumentorum,
1069 2862 1169 2900 quae
1200 2863 1246 2889 ex
1276 2851 1575 2891 mathematibus
1605 2855 1721 2902 texui,
1752 2848 1911 2905 persen-

134 2910 295 2958 tiscunt,
335 2915 374 2949 et
403 2912 470 2960 qui
500 2912 779 2962 propositiones
811 2921 835 2948 a
863 2921 923 2948 me
954 2908 1109 2959 quidem
1147 2910 1338 2960 accipiant
1375 2921 1462 2949 mea
1490 2909 1586 2957 fide,
1627 2911 1789 2950 formam
1818 2923 1910 2951 vero

135 2968 387 3007 concludendi
417 2974 455 3007 et
483 2980 614 3008 secum
643 2971 834 3020 pensitent
864 2972 902 3005 et
931 2978 1079 3005 mecum
1111 2966 1333 3019 disceptent.
1394 2968 1563 3018 Coepisti
1584 2972 1626 3006 tu
1655 2969 1810 3020 quidem
1841 2969 1910 3008 de—

134 3025 275 3064 siderio
306 3039 392 3065 meo
424 3027 643 3066 satisfacere
674 3028 714 3064 in
744 3025 1080 3074 condescensione,
1112 3036 1212 3075 quae
1244 3039 1290 3065 ex
1319 3027 1393 3066 hoc
1422 3037 1561 3076 genere
1593 3032 1668 3078 est,
1699 3039 1910 3079 monesque

136 3083 350 3134 salubriter,
380 3097 428 3125 ne
458 3085 550 3136 quid
580 3086 712 3124 nimis!
771 3082 896 3123 Valde
927 3083 1055 3133 velim,
1087 3085 1277 3135 copiosior
1306 3087 1345 3122 in
1375 3097 1421 3125 ea
1451 3084 1598 3123 fuisses.
