<?xml version="1.0" encoding="UTF-8"?>
<!DOCTYPE html PUBLIC "-//W3C//DTD XHTML 1.0 Transitional//EN"
    "http://www.w3.org/TR/xhtml1/DTD/xhtml1-transitional.dtd">
<html xmlns="http://www.w3.org/1999/xhtml" xml:lang="en" lang="en">
 <head>
  <title>
</title>
<meta http-equiv="Content-Type" content="text/html;charset=utf-8" />
  <meta name='ocr-system' content='tesseract 3.04.00' />
  <meta name='ocr-capabilities' content='ocr_page ocr_carea ocr_par ocr_line ocrx_word'/>
</head>
<body>
  <div class='ocr_page' id='page_1' title='image "./operaomniaedidit05kepluoft_0288.png"; bbox 0 0 1994 3276; ppageno 0'>
   <div class='ocr_carea' id='block_1_1' title="bbox 128 76 1394 146">
    <p class='ocr_par' dir='ltr' id='par_1_1' title="bbox 128 76 1394 146">
     <span class='ocr_line' id='line_1_1' title="bbox 128 76 1394 146; baseline 0.001 -5"><span class='ocrx_word' id='word_1_1' title='bbox 128 107 212 146; x_wconf 78' lang='grc'><strong>270</strong></span> <span class='ocrx_word' id='word_1_2' title='bbox 551 85 559 101; x_wconf 39' lang='lat' dir='ltr'>x</span> <span class='ocrx_word' id='word_1_3' title='bbox 635 102 691 139; x_wconf 90' lang='lat' dir='ltr'><strong>De</strong></span> <span class='ocrx_word' id='word_1_4' title='bbox 715 101 876 140; x_wconf 86' lang='lat' dir='ltr'><strong>Motibus</strong></span> <span class='ocrx_word' id='word_1_5' title='bbox 899 99 1132 140; x_wconf 71' lang='lat' dir='ltr'><strong>planetarum</strong></span> <span class='ocrx_word' id='word_1_6' title='bbox 1154 76 1394 142; x_wconf 83' lang='lat' dir='ltr'><strong>Harmonicis.</strong></span> 
     </span>
    </p>
   </div>
   <div class='ocr_carea' id='block_1_2' title="bbox 126 218 1930 423">
    <p class='ocr_par' dir='ltr' id='par_1_2' title="bbox 126 218 1930 423">
     <span class='ocr_line' id='line_1_2' title="bbox 237 218 1924 268; baseline 0.004 -14"><span class='ocrx_word' id='word_1_7' title='bbox 237 219 300 255; x_wconf 92' lang='lat' dir='ltr'><strong>IX.</strong></span> <span class='ocrx_word' id='word_1_8' title='bbox 324 218 604 265; x_wconf 85' lang='lat' dir='ltr'><strong>Demonstratio,</strong></span> <span class='ocrx_word' id='word_1_9' title='bbox 630 218 727 265; x_wconf 89' lang='lat' dir='ltr'><strong>quod</strong></span> <span class='ocrx_word' id='word_1_10' title='bbox 752 219 798 256; x_wconf 84' lang='lat' dir='ltr'><strong>ad</strong></span> <span class='ocrx_word' id='word_1_11' title='bbox 823 218 1056 256; x_wconf 80' lang='lat' dir='ltr'><strong>obtinendam</strong></span> <span class='ocrx_word' id='word_1_12' title='bbox 1079 220 1175 256; x_wconf 88' lang='lat' dir='ltr'><strong>hanc</strong></span> <span class='ocrx_word' id='word_1_13' title='bbox 1196 219 1467 266; x_wconf 81' lang='lat' dir='ltr'><strong>dispositionem</strong></span> <span class='ocrx_word' id='word_1_14' title='bbox 1488 222 1732 268; x_wconf 75' lang='lat' dir='ltr'><strong>harmonicam</strong></span> <span class='ocrx_word' id='word_1_15' title='bbox 1750 224 1924 260; x_wconf 82' lang='lat' dir='ltr'><strong>eccentri-</strong></span> 
     </span>
     <span class='ocr_line' id='line_1_3' title="bbox 126 269 1930 332; baseline 0.002 -24"><span class='ocrx_word' id='word_1_16' title='bbox 126 273 512 332; x_wconf 40' lang='lat' dir='ltr'><strong>estates-planetarum</strong></span> <span class='ocrx_word' id='word_1_17' title='bbox 545 271 630 307; x_wconf 86' lang='lat' dir='ltr'><strong>illae</strong></span> <span class='ocrx_word' id='word_1_18' title='bbox 659 272 780 318; x_wconf 81' lang='lat' dir='ltr'><strong>ipsae,</strong></span> <span class='ocrx_word' id='word_1_19' title='bbox 815 282 906 317; x_wconf 87' lang='lat' dir='ltr'><strong>quas</strong></span> <span class='ocrx_word' id='word_1_20' title='bbox 939 271 1091 318; x_wconf 85' lang='lat' dir='ltr'><strong>quilibet</strong></span> <span class='ocrx_word' id='word_1_21' title='bbox 1121 283 1187 318; x_wconf 88' lang='lat' dir='ltr'><strong>pro</strong></span> <span class='ocrx_word' id='word_1_22' title='bbox 1229 283 1269 308; x_wconf 89' lang='lat' dir='ltr'><strong>se</strong></span> <span class='ocrx_word' id='word_1_23' title='bbox 1305 274 1435 319; x_wconf 88' lang='lat' dir='ltr'><strong>habet,</strong></span> <span class='ocrx_word' id='word_1_24' title='bbox 1471 279 1509 312; x_wconf 89' lang='lat' dir='ltr'><strong>et</strong></span> <span class='ocrx_word' id='word_1_25' title='bbox 1533 286 1605 311; x_wconf 91' lang='lat' dir='ltr'><strong>non</strong></span> <span class='ocrx_word' id='word_1_26' title='bbox 1629 275 1722 327; x_wconf 73' lang='lat' dir='ltr'><strong>aliae</strong></span> <span class='ocrx_word' id='word_1_27' title='bbox 1759 269 1930 313; x_wconf 79' lang='lat' dir='ltr'><strong>constitui</strong></span> 
     </span>
     <span class='ocr_line' id='line_1_4' title="bbox 127 325 1368 423; baseline 0.001 -11"><span class='ocrx_word' id='word_1_28' title='bbox 127 325 485 422; x_wconf 43' lang='grc' dir='ltr'><strong>ἀθωεὲῗιέρΰοςιιε</strong></span> <span class='ocrx_word' id='word_1_29' title='bbox 511 376 555 412; x_wconf 91' lang='lat' dir='ltr'><strong>de</strong></span> <span class='ocrx_word' id='word_1_30' title='bbox 580 375 680 421; x_wconf 85' lang='lat' dir='ltr'><strong>Sole,</strong></span> <span class='ocrx_word' id='word_1_31' title='bbox 706 382 752 411; x_wconf 84' lang='lat' dir='ltr'><strong>ex</strong></span> <span class='ocrx_word' id='word_1_32' title='bbox 776 376 995 421; x_wconf 87' lang='lat' dir='ltr'><strong>conjecturis</strong></span> <span class='ocrx_word' id='word_1_33' title='bbox 1020 378 1368 423; x_wconf 83' lang='lat' dir='ltr'><strong>praegnantissimis.</strong></span> 
     </span>
    </p>
   </div>
   <div class='ocr_carea' id='block_1_3' title="bbox 121 445 1931 703">
    <p class='ocr_par' dir='ltr' id='par_1_3' title="bbox 121 445 1931 703">
     <span class='ocr_line' id='line_1_5' title="bbox 239 445 1927 494; baseline 0.002 -13"><span class='ocrx_word' id='word_1_34' title='bbox 239 445 433 492; x_wconf 83' lang='lat' dir='ltr'><strong>Appendix</strong></span> <span class='ocrx_word' id='word_1_35' title='bbox 456 445 583 481; x_wconf 90' lang='lat' dir='ltr'><strong>habet:</strong></span> <span class='ocrx_word' id='word_1_36' title='bbox 610 446 638 481; x_wconf 95' lang='lat' dir='ltr'><strong>I.</strong></span> <span class='ocrx_word' id='word_1_37' title='bbox 663 445 877 481; x_wconf 88' lang='lat' dir='ltr'><strong>Versionem</strong></span> <span class='ocrx_word' id='word_1_38' title='bbox 901 445 982 480; x_wconf 87' lang='lat' dir='ltr'>libri</span> <span class='ocrx_word' id='word_1_39' title='bbox 1007 446 1106 481; x_wconf 86' lang='lat' dir='ltr'><strong>tertii</strong></span> <span class='ocrx_word' id='word_1_40' title='bbox 1130 447 1429 483; x_wconf 82' lang='lat' dir='ltr'><strong>Harmonicorum</strong></span> <span class='ocrx_word' id='word_1_41' title='bbox 1452 447 1650 484; x_wconf 80' lang='lat' dir='ltr'><strong>Ptolemaei</strong></span> <span class='ocrx_word' id='word_1_42' title='bbox 1683 459 1706 484; x_wconf 85' lang='lat' dir='ltr'><strong>a</strong></span> <span class='ocrx_word' id='word_1_43' title='bbox 1729 449 1847 494; x_wconf 89' lang='lat' dir='ltr'><strong>capite</strong></span> <span class='ocrx_word' id='word_1_44' title='bbox 1862 449 1927 494; x_wconf 89' lang='lat'><strong>111,</strong></span> 
     </span>
     <span class='ocr_line' id='line_1_6' title="bbox 123 498 1929 546; baseline 0.001 -11"><span class='ocrx_word' id='word_1_45' title='bbox 123 499 184 546; x_wconf 91' lang='lat' dir='ltr'><strong>qui</strong></span> <span class='ocrx_word' id='word_1_46' title='bbox 207 503 338 534; x_wconf 85' lang='lat' dir='ltr'><strong>tractat</strong></span> <span class='ocrx_word' id='word_1_47' title='bbox 363 498 516 534; x_wconf 83' lang='lat' dir='ltr'><strong>eandem</strong></span> <span class='ocrx_word' id='word_1_48' title='bbox 548 499 746 533; x_wconf 84' lang='lat' dir='ltr'><strong>materiam.</strong></span> <span class='ocrx_word' id='word_1_49' title='bbox 794 498 842 535; x_wconf 88' lang='grc' dir='ltr'><strong>ΙΙ.</strong></span> <span class='ocrx_word' id='word_1_50' title='bbox 870 498 1143 543; x_wconf 83' lang='lat' dir='ltr'><strong>Suppletionem</strong></span> <span class='ocrx_word' id='word_1_51' title='bbox 1176 504 1299 534; x_wconf 89' lang='lat' dir='ltr'><strong>textus</strong></span> <span class='ocrx_word' id='word_1_52' title='bbox 1324 499 1552 542; x_wconf 84' lang='lat' dir='ltr'><strong>Ptolemaici‚</strong></span> <span class='ocrx_word' id='word_1_53' title='bbox 1583 501 1620 535; x_wconf 93' lang='lat' dir='ltr'><strong>in</strong></span> <span class='ocrx_word' id='word_1_54' title='bbox 1649 500 1765 537; x_wconf 79' lang='lat' dir='ltr'><strong>tribus</strong></span> <span class='ocrx_word' id='word_1_55' title='bbox 1795 501 1929 539; x_wconf 85' lang='lat' dir='ltr'><strong>ultimis</strong></span> 
     </span>
     <span class='ocr_line' id='line_1_7' title="bbox 122 550 1931 598; baseline 0 -10"><span class='ocrx_word' id='word_1_56' title='bbox 122 551 321 588; x_wconf 84' lang='lat' dir='ltr'><strong>Ptolemaei</strong></span> <span class='ocrx_word' id='word_1_57' title='bbox 356 551 556 597; x_wconf 84' lang='lat' dir='ltr'><strong>capitibus,</strong></span> <span class='ocrx_word' id='word_1_58' title='bbox 591 562 741 598; x_wconf 87' lang='lat' dir='ltr'><strong>quarum</strong></span> <span class='ocrx_word' id='word_1_59' title='bbox 774 550 943 587; x_wconf 83' lang='lat' dir='ltr'><strong>lemmata</strong></span> <span class='ocrx_word' id='word_1_60' title='bbox 974 551 1053 586; x_wconf 87' lang='lat' dir='ltr'><strong>sola</strong></span> <span class='ocrx_word' id='word_1_61' title='bbox 1081 552 1205 596; x_wconf 85' lang='lat' dir='ltr'><strong>posuit</strong></span> <span class='ocrx_word' id='word_1_62' title='bbox 1235 551 1475 588; x_wconf 83' lang='lat' dir='ltr'><strong>Ptolemaeus.</strong></span> <span class='ocrx_word' id='word_1_63' title='bbox 1524 553 1588 588; x_wconf 94' lang='lat' dir='ltr'><strong>III.</strong></span> <span class='ocrx_word' id='word_1_64' title='bbox 1619 553 1734 588; x_wconf 86' lang='lat' dir='ltr'><strong>Notas</strong></span> <span class='ocrx_word' id='word_1_65' title='bbox 1768 552 1813 588; x_wconf 87' lang='lat' dir='ltr'><strong>ad</strong></span> <span class='ocrx_word' id='word_1_66' title='bbox 1837 553 1931 589; x_wconf 89' lang='lat' dir='ltr'><strong>hanc</strong></span> 
     </span>
     <span class='ocr_line' id='line_1_8' title="bbox 121 603 1925 651; baseline 0.001 -11"><span class='ocrx_word' id='word_1_67' title='bbox 121 610 262 651; x_wconf 87' lang='lat' dir='ltr'><strong>partem</strong></span> <span class='ocrx_word' id='word_1_68' title='bbox 285 604 594 650; x_wconf 86' lang='lat' dir='ltr'><strong>Harmonicorum‚</strong></span> <span class='ocrx_word' id='word_1_69' title='bbox 621 604 752 649; x_wconf 88' lang='lat' dir='ltr'><strong>quibus</strong></span> <span class='ocrx_word' id='word_1_70' title='bbox 776 608 960 640; x_wconf 83' lang='lat' dir='ltr'><strong>auctorem</strong></span> <span class='ocrx_word' id='word_1_71' title='bbox 986 603 1140 651; x_wconf 86' lang='lat' dir='ltr'><strong>explico,</strong></span> <span class='ocrx_word' id='word_1_72' title='bbox 1166 604 1285 640; x_wconf 88' lang='lat' dir='ltr'><strong>refuto</strong></span> <span class='ocrx_word' id='word_1_73' title='bbox 1310 604 1462 651; x_wconf 82' lang='lat' dir='ltr'><strong>ejusque</strong></span> <span class='ocrx_word' id='word_1_74' title='bbox 1485 605 1542 641; x_wconf 82' lang='lat' dir='ltr'><strong>vel</strong></span> <span class='ocrx_word' id='word_1_75' title='bbox 1556 605 1704 641; x_wconf 85' lang='lat' dir='ltr'><strong>inventa</strong></span> <span class='ocrx_word' id='word_1_76' title='bbox 1727 606 1785 642; x_wconf 82' lang='lat' dir='ltr'><strong>vel</strong></span> <span class='ocrx_word' id='word_1_77' title='bbox 1809 609 1925 643; x_wconf 82' lang='lat' dir='ltr'><strong>atten-</strong></span> 
     </span>
     <span class='ocr_line' id='line_1_9' title="bbox 122 656 622 703; baseline -0.004 -9"><span class='ocrx_word' id='word_1_78' title='bbox 122 663 200 694; x_wconf 84' lang='lat' dir='ltr'><strong>tata</strong></span> <span class='ocrx_word' id='word_1_79' title='bbox 224 668 305 694; x_wconf 87' lang='lat' dir='ltr'><strong>cum</strong></span> <span class='ocrx_word' id='word_1_80' title='bbox 329 656 417 693; x_wconf 90' lang='lat' dir='ltr'><strong>meis</strong></span> <span class='ocrx_word' id='word_1_81' title='bbox 442 668 622 703; x_wconf 87' lang='lat' dir='ltr'><strong>comparo.</strong></span> 
     </span>
    </p>
   </div>
   <div class='ocr_carea' id='block_1_4' title="bbox 119 709 1930 1484">
    <p class='ocr_par' dir='ltr' id='par_1_4' title="bbox 1195 709 1207 723">
     <span class='ocr_line' id='line_1_10' title="bbox 1195 709 1207 723; baseline 0 0"><span class='ocrx_word' id='word_1_82' title='bbox 1195 709 1207 723; x_wconf 79' lang='grc' dir='ltr'><strong><em>Ι</em></strong></span> 
     </span>
    </p>

    <p class='ocr_par' dir='ltr' id='par_1_5' title="bbox 119 729 1930 1484">
     <span class='ocr_line' id='line_1_11' title="bbox 239 729 1928 783; baseline -0.001 -14"><span class='ocrx_word' id='word_1_83' title='bbox 239 731 299 770; x_wconf 89' lang='lat' dir='ltr'><strong>De</strong></span> <span class='ocrx_word' id='word_1_84' title='bbox 329 730 390 769; x_wconf 87' lang='lat' dir='ltr'><strong>his</strong></span> <span class='ocrx_word' id='word_1_85' title='bbox 421 736 557 770; x_wconf 86' lang='lat' dir='ltr'><strong>acturo</strong></span> <span class='ocrx_word' id='word_1_86' title='bbox 589 730 684 769; x_wconf 92' lang='lat' dir='ltr'><strong>mihi</strong></span> <span class='ocrx_word' id='word_1_87' title='bbox 713 730 823 783; x_wconf 80' lang='lat' dir='ltr'><strong>lubet</strong></span> <span class='ocrx_word' id='word_1_88' title='bbox 851 729 1064 769; x_wconf 87' lang='lat' dir='ltr'><strong>lectoribus</strong></span> <span class='ocrx_word' id='word_1_89' title='bbox 1096 729 1290 769; x_wconf 83' lang='lat' dir='ltr'><strong>inculeare</strong></span> <span class='ocrx_word' id='word_1_90' title='bbox 1313 730 1476 777; x_wconf 84' lang='lat' dir='ltr'><strong>Timaei,</strong></span> <span class='ocrx_word' id='word_1_91' title='bbox 1508 729 1664 780; x_wconf 87' lang='lat' dir='ltr'><strong>gentilis</strong></span> <span class='ocrx_word' id='word_1_92' title='bbox 1684 729 1928 782; x_wconf 86' lang='lat' dir='ltr'><strong>philosophi,</strong></span> 
     </span>
     <span class='ocr_line' id='line_1_12' title="bbox 124 786 1928 838; baseline -0.001 -10"><span class='ocrx_word' id='word_1_93' title='bbox 124 789 170 829; x_wconf 92' lang='lat' dir='ltr'><strong>de</strong></span> <span class='ocrx_word' id='word_1_94' title='bbox 202 789 338 828; x_wconf 89' lang='lat' dir='ltr'><strong>iisdem</strong></span> <span class='ocrx_word' id='word_1_95' title='bbox 370 789 627 838; x_wconf 88' lang='lat' dir='ltr'><strong>exordientis,</strong></span> <span class='ocrx_word' id='word_1_96' title='bbox 673 788 986 828; x_wconf 87' lang='lat' dir='ltr'><strong>adhortationem</strong></span> <span class='ocrx_word' id='word_1_97' title='bbox 1025 790 1332 838; x_wconf 83' lang='lat' dir='ltr'><strong>sanctissimam,</strong></span> <span class='ocrx_word' id='word_1_98' title='bbox 1376 800 1400 827; x_wconf 87' lang='lat' dir='ltr'><strong>a</strong></span> <span class='ocrx_word' id='word_1_99' title='bbox 1432 786 1662 827; x_wconf 81' lang='lat' dir='ltr'><strong>Christianis</strong></span> <span class='ocrx_word' id='word_1_100' title='bbox 1701 790 1928 828; x_wconf 87' lang='lat' dir='ltr'><strong>hominibus</strong></span> 
     </span>
     <span class='ocr_line' id='line_1_13' title="bbox 123 845 1930 898; baseline -0.001 -11"><span class='ocrx_word' id='word_1_101' title='bbox 123 861 274 888; x_wconf 87' lang='lat' dir='ltr'><strong>summa</strong></span> <span class='ocrx_word' id='word_1_102' title='bbox 303 860 390 887; x_wconf 91' lang='lat' dir='ltr'><strong>cum</strong></span> <span class='ocrx_word' id='word_1_103' title='bbox 421 847 676 887; x_wconf 83' lang='lat' dir='ltr'><strong>admiratione</strong></span> <span class='ocrx_word' id='word_1_104' title='bbox 708 852 746 886; x_wconf 88' lang='lat' dir='ltr'><strong>et</strong></span> <span class='ocrx_word' id='word_1_105' title='bbox 776 846 946 898; x_wconf 88' lang='lat' dir='ltr'><strong>pudore,</strong></span> <span class='ocrx_word' id='word_1_106' title='bbox 978 848 1053 885; x_wconf 89' lang='lat' dir='ltr'><strong>nisi</strong></span> <span class='ocrx_word' id='word_1_107' title='bbox 1083 848 1301 895; x_wconf 86' lang='lat' dir='ltr'><strong>imitentur,</strong></span> <span class='ocrx_word' id='word_1_108' title='bbox 1335 845 1670 897; x_wconf 85' lang='lat' dir='ltr'><strong>cognoscendam,</strong></span> <span class='ocrx_word' id='word_1_109' title='bbox 1703 858 1803 898; x_wconf 86' lang='lat' dir='ltr'><strong>quae</strong></span> <span class='ocrx_word' id='word_1_110' title='bbox 1839 847 1930 886; x_wconf 86' lang='lat' dir='ltr'><strong>talis</strong></span> 
     </span>
     <span class='ocr_line' id='line_1_14' title="bbox 122 902 1928 959; baseline -0.002 -11"><span class='ocrx_word' id='word_1_111' title='bbox 122 914 200 948; x_wconf 85' lang='lat' dir='ltr'><strong>est:</strong></span> <span class='ocrx_word' id='word_1_112' title='bbox 229 905 329 950; x_wconf 76' lang='grc' dir='ltr'><strong>Ἀλλ’</strong></span> <span class='ocrx_word' id='word_1_113' title='bbox 364 905 396 947; x_wconf 73' lang='grc' dir='ltr'><strong><em>ὠ</em></strong></span> <span class='ocrx_word' id='word_1_114' title='bbox 423 908 654 958; x_wconf 81' lang='grc' dir='ltr'><strong><em>Σωκρατες,</em></strong></span> <span class='ocrx_word' id='word_1_115' title='bbox 694 920 809 946; x_wconf 83' lang='grc' dir='ltr'><em>τουτο</em></span> <span class='ocrx_word' id='word_1_116' title='bbox 839 920 878 957; x_wconf 83' lang='lat' dir='ltr'><strong>ye</strong></span> <span class='ocrx_word' id='word_1_117' title='bbox 910 909 956 956; x_wconf 86' lang='grc' dir='ltr'><strong>δη</strong></span> <span class='ocrx_word' id='word_1_118' title='bbox 987 920 1137 959; x_wconf 47' lang='lat' dir='ltr'><strong>mames,</strong></span> <span class='ocrx_word' id='word_1_119' title='bbox 1170 902 1254 946; x_wconf 79' lang='grc' dir='ltr'>ὅσοι</span> <span class='ocrx_word' id='word_1_120' title='bbox 1285 921 1348 945; x_wconf 85' lang='grc' dir='ltr'><strong>και</strong></span> <span class='ocrx_word' id='word_1_121' title='bbox 1378 919 1477 946; x_wconf 81' lang='grc' dir='ltr'>κατα</span> <span class='ocrx_word' id='word_1_122' title='bbox 1506 906 1634 957; x_wconf 85' lang='grc' dir='ltr'><em>βραχυ</em></span> <span class='ocrx_word' id='word_1_123' title='bbox 1670 904 1928 957; x_wconf 67' lang='grc' dir='ltr'><strong><em>σωφροσύνης</em></strong></span> 
     </span>
     <span class='ocr_line' id='line_1_15' title="bbox 119 961 1930 1020; baseline -0.002 -13"><span class='ocrx_word' id='word_1_124' title='bbox 119 981 358 1020; x_wconf 72' lang='grc' dir='ltr'><strong><em>μετεχονσιν,</em></strong></span> <span class='ocrx_word' id='word_1_125' title='bbox 396 963 456 1005; x_wconf 83' lang='grc' dir='ltr'><strong>ἐπι</strong></span> <span class='ocrx_word' id='word_1_126' title='bbox 494 979 597 1018; x_wconf 83' lang='grc' dir='ltr'><em>πασῃ</em></span> <span class='ocrx_word' id='word_1_127' title='bbox 636 961 734 1017; x_wconf 82' lang='grc' dir='ltr'><em>ὃρμῃ</em></span> <span class='ocrx_word' id='word_1_128' title='bbox 774 979 835 1003; x_wconf 85' lang='grc' dir='ltr'><strong>και</strong></span> <span class='ocrx_word' id='word_1_129' title='bbox 875 978 1035 1016; x_wconf 84' lang='grc' dir='ltr'><em>σμικρον</em></span> <span class='ocrx_word' id='word_1_130' title='bbox 1067 979 1130 1004; x_wconf 85' lang='grc' dir='ltr'><strong>και</strong></span> <span class='ocrx_word' id='word_1_131' title='bbox 1167 965 1337 1016; x_wconf 79' lang='grc' dir='ltr'><em>μεγαλου</em></span> <span class='ocrx_word' id='word_1_132' title='bbox 1366 978 1587 1016; x_wconf 76' lang='grc' dir='ltr'><em>πραγματος</em></span> <span class='ocrx_word' id='word_1_133' title='bbox 1619 963 1722 1004; x_wconf 69' lang='lat' dir='ltr'><strong>&amp;eor</strong></span> <span class='ocrx_word' id='word_1_134' title='bbox 1750 961 1818 1006; x_wconf 83' lang='grc' dir='ltr'><strong>αἐι</strong></span> <span class='ocrx_word' id='word_1_135' title='bbox 1854 978 1930 1004; x_wconf 86' lang='grc' dir='ltr'><strong>που</strong></span> 
     </span>
     <span class='ocr_line' id='line_1_16' title="bbox 119 1020 1930 1077; baseline -0.002 -10"><span class='ocrx_word' id='word_1_136' title='bbox 119 1028 312 1072; x_wconf 57' lang='lat' dir='ltr'><strong>nazowe»,</strong></span> <span class='ocrx_word' id='word_1_137' title='bbox 342 1021 440 1077; x_wconf 79' lang='grc' dir='ltr'><em>ἡμας</em></span> <span class='ocrx_word' id='word_1_138' title='bbox 460 1027 503 1064; x_wconf 80' lang='grc' dir='ltr'><strong>δε</strong></span> <span class='ocrx_word' id='word_1_139' title='bbox 523 1037 612 1069; x_wconf 76' lang='grc' dir='ltr'><strong><em>τους</em></strong></span> <span class='ocrx_word' id='word_1_140' title='bbox 641 1038 726 1074; x_wconf 81' lang='grc' dir='ltr'><em>περι</em></span> <span class='ocrx_word' id='word_1_141' title='bbox 757 1037 898 1067; x_wconf 72' lang='grc' dir='ltr'><strong><em>παντος</em></strong></span> <span class='ocrx_word' id='word_1_142' title='bbox 929 1024 1060 1074; x_wconf 78' lang='grc' dir='ltr'><em>λογους</em></span> <span class='ocrx_word' id='word_1_143' title='bbox 1089 1026 1281 1062; x_wconf 64' lang='lat' dir='ltr'><strong>noceto-9011</strong></span> <span class='ocrx_word' id='word_1_144' title='bbox 1303 1036 1354 1075; x_wconf 83' lang='grc' dir='ltr'><strong>πῃ</strong></span> <span class='ocrx_word' id='word_1_145' title='bbox 1374 1023 1599 1072; x_wconf 73' lang='grc' dir='ltr'><strong><em>μελλοντας,</em></strong></span> <span class='ocrx_word' id='word_1_146' title='bbox 1634 1020 1666 1062; x_wconf 78' lang='grc' dir='ltr'><strong>εἰ</strong></span> <span class='ocrx_word' id='word_1_147' title='bbox 1696 1037 1750 1073; x_wconf 89' lang='grc' dir='ltr'><strong>μη</strong></span> <span class='ocrx_word' id='word_1_148' title='bbox 1785 1036 1930 1063; x_wconf 75' lang='grc' dir='ltr'><strong><em>παντα-</em></strong></span> 
     </span>
     <span class='ocr_line' id='line_1_17' title="bbox 122 1077 1926 1136; baseline -0.002 -11"><span class='ocrx_word' id='word_1_149' title='bbox 122 1099 215 1126; x_wconf 84' lang='grc' dir='ltr'><em>πασι</em></span> <span class='ocrx_word' id='word_1_150' title='bbox 245 1085 582 1136; x_wconf 78' lang='grc' dir='ltr'><strong><em>παραλλαττομεν,</em></strong></span> <span class='ocrx_word' id='word_1_151' title='bbox 615 1080 755 1134; x_wconf 76' lang='grc' dir='ltr'><strong><em>ἀναγκη</em></strong></span> <span class='ocrx_word' id='word_1_152' title='bbox 786 1083 903 1126; x_wconf 59' lang='lat' dir='ltr'><strong>&amp;ovs</strong></span> <span class='ocrx_word' id='word_1_153' title='bbox 932 1095 974 1120; x_wconf 81' lang='grc' dir='ltr'><strong>τε</strong></span> <span class='ocrx_word' id='word_1_154' title='bbox 1000 1097 1063 1121; x_wconf 83' lang='grc' dir='ltr'><strong>και</strong></span> <span class='ocrx_word' id='word_1_155' title='bbox 1092 1084 1190 1126; x_wconf 78' lang='grc' dir='ltr'><strong><em>θεας</em></strong></span> <span class='ocrx_word' id='word_1_156' title='bbox 1220 1079 1542 1129; x_wconf 70' lang='grc' dir='ltr'><strong><em>ἐπικαλουμενους</em></strong></span> <span class='ocrx_word' id='word_1_157' title='bbox 1563 1077 1750 1132; x_wconf 75' lang='grc' dir='ltr'><strong><em>εὔχεσθαι</em></strong></span> <span class='ocrx_word' id='word_1_158' title='bbox 1769 1094 1926 1128; x_wconf 61' lang='lat' dir='ltr'><strong>uanae,</strong></span> 
     </span>
     <span class='ocr_line' id='line_1_18' title="bbox 122 1135 1928 1189; baseline -0.004 -4"><span class='ocrx_word' id='word_1_159' title='bbox 122 1159 221 1185; x_wconf 84' lang='grc' dir='ltr'><strong><em>κατα</em></strong></span> <span class='ocrx_word' id='word_1_160' title='bbox 252 1158 341 1184; x_wconf 78' lang='grc' dir='ltr'><strong><em>νουν</em></strong></span> <span class='ocrx_word' id='word_1_161' title='bbox 370 1140 526 1187; x_wconf 75' lang='grc' dir='ltr'><strong><em>ἐκεινοις</em></strong></span> <span class='ocrx_word' id='word_1_162' title='bbox 552 1155 623 1189; x_wconf 74' lang='grc' dir='ltr'><strong>μεν</strong></span> <span class='ocrx_word' id='word_1_163' title='bbox 647 1141 837 1189; x_wconf 79' lang='grc' dir='ltr'><strong><em>μαλιστα,</em></strong></span> <span class='ocrx_word' id='word_1_164' title='bbox 868 1135 1061 1188; x_wconf 78' lang='grc' dir='ltr'><em>ἑπομενως</em></span> <span class='ocrx_word' id='word_1_165' title='bbox 1091 1143 1133 1179; x_wconf 84' lang='grc' dir='ltr'><strong>δε</strong></span> <span class='ocrx_word' id='word_1_166' title='bbox 1166 1136 1251 1188; x_wconf 79' lang='grc' dir='ltr'><em>ὗμιν</em></span> <span class='ocrx_word' id='word_1_167' title='bbox 1281 1137 1409 1178; x_wconf 66' lang='lat' dir='ltr'><strong>elnac».</strong></span> <span class='ocrx_word' id='word_1_168' title='bbox 1469 1138 1584 1177; x_wconf 91' lang='lat' dir='ltr'><strong>Enim</strong></span> <span class='ocrx_word' id='word_1_169' title='bbox 1616 1150 1707 1178; x_wconf 87' lang='lat' dir='ltr'><strong>vero</strong></span> <span class='ocrx_word' id='word_1_170' title='bbox 1735 1138 1928 1189; x_wconf 82' lang='lat' dir='ltr'><strong>Socrates,</strong></span> 
     </span>
     <span class='ocr_line' id='line_1_19' title="bbox 122 1197 1928 1251; baseline -0.003 -9"><span class='ocrx_word' id='word_1_171' title='bbox 122 1215 209 1243; x_wconf 88' lang='lat' dir='ltr'><strong>cum</strong></span> <span class='ocrx_word' id='word_1_172' title='bbox 240 1213 386 1249; x_wconf 91' lang='lat' dir='ltr'><strong>omnes,</strong></span> <span class='ocrx_word' id='word_1_173' title='bbox 428 1201 495 1251; x_wconf 88' lang='lat' dir='ltr'><strong>qui</strong></span> <span class='ocrx_word' id='word_1_174' title='bbox 526 1198 589 1238; x_wconf 92' lang='lat' dir='ltr'><strong>vel</strong></span> <span class='ocrx_word' id='word_1_175' title='bbox 621 1200 823 1236; x_wconf 88' lang='lat' dir='ltr'><strong>minimum</strong></span> <span class='ocrx_word' id='word_1_176' title='bbox 852 1199 994 1235; x_wconf 89' lang='lat' dir='ltr'><strong>mentis</strong></span> <span class='ocrx_word' id='word_1_177' title='bbox 1027 1198 1193 1246; x_wconf 87' lang='lat' dir='ltr'><strong>habent,</strong></span> <span class='ocrx_word' id='word_1_178' title='bbox 1240 1199 1394 1247; x_wconf 89' lang='lat' dir='ltr'><strong>quoties</strong></span> <span class='ocrx_word' id='word_1_179' title='bbox 1425 1198 1626 1246; x_wconf 85' lang='lat' dir='ltr'><strong>negotium</strong></span> <span class='ocrx_word' id='word_1_180' title='bbox 1664 1197 1826 1248; x_wconf 87' lang='lat' dir='ltr'><strong>aliquod</strong></span> <span class='ocrx_word' id='word_1_181' title='bbox 1859 1210 1928 1237; x_wconf 87' lang='lat' dir='ltr'><strong>seu</strong></span> 
     </span>
     <span class='ocr_line' id='line_1_20' title="bbox 121 1255 1929 1307; baseline -0.003 -6"><span class='ocrx_word' id='word_1_182' title='bbox 121 1262 207 1301; x_wconf 92' lang='lat' dir='ltr'><strong>leve</strong></span> <span class='ocrx_word' id='word_1_183' title='bbox 238 1272 307 1299; x_wconf 89' lang='lat' dir='ltr'><strong>seu</strong></span> <span class='ocrx_word' id='word_1_184' title='bbox 339 1258 501 1299; x_wconf 87' lang='lat' dir='ltr'><strong>arduum</strong></span> <span class='ocrx_word' id='word_1_185' title='bbox 531 1257 830 1307; x_wconf 83' lang='lat' dir='ltr'><strong>aggrediuntur,</strong></span> <span class='ocrx_word' id='word_1_186' title='bbox 874 1255 1004 1294; x_wconf 86' lang='lat' dir='ltr'><strong>Deum</strong></span> <span class='ocrx_word' id='word_1_187' title='bbox 1036 1267 1187 1306; x_wconf 83' lang='lat' dir='ltr'><strong>semper</strong></span> <span class='ocrx_word' id='word_1_188' title='bbox 1232 1257 1438 1294; x_wconf 86' lang='lat' dir='ltr'><strong>invocent:</strong></span> <span class='ocrx_word' id='word_1_189' title='bbox 1482 1267 1553 1294; x_wconf 89' lang='lat' dir='ltr'><strong>nos</strong></span> <span class='ocrx_word' id='word_1_190' title='bbox 1592 1257 1750 1307; x_wconf 86' lang='lat' dir='ltr'><strong>utique,</strong></span> <span class='ocrx_word' id='word_1_191' title='bbox 1784 1257 1929 1306; x_wconf 88' lang='lat' dir='ltr'><strong>quibus</strong></span> 
     </span>
     <span class='ocr_line' id='line_1_21' title="bbox 123 1313 1927 1364; baseline -0.003 -5"><span class='ocrx_word' id='word_1_192' title='bbox 123 1320 170 1359; x_wconf 88' lang='lat' dir='ltr'><strong>de</strong></span> <span class='ocrx_word' id='word_1_193' title='bbox 200 1331 327 1358; x_wconf 89' lang='lat' dir='ltr'><strong>rerum</strong></span> <span class='ocrx_word' id='word_1_194' title='bbox 357 1317 610 1356; x_wconf 87' lang='lat' dir='ltr'><strong>universitate</strong></span> <span class='ocrx_word' id='word_1_195' title='bbox 641 1315 828 1354; x_wconf 81' lang='lat' dir='ltr'><strong>disserere</strong></span> <span class='ocrx_word' id='word_1_196' title='bbox 861 1316 1014 1352; x_wconf 86' lang='lat' dir='ltr'><strong>animus</strong></span> <span class='ocrx_word' id='word_1_197' title='bbox 1046 1320 1126 1362; x_wconf 90' lang='lat' dir='ltr'><strong>est,</strong></span> <span class='ocrx_word' id='word_1_198' title='bbox 1166 1315 1240 1352; x_wconf 88' lang='lat' dir='ltr'><strong>nisi</strong></span> <span class='ocrx_word' id='word_1_199' title='bbox 1271 1313 1388 1364; x_wconf 86' lang='lat' dir='ltr'><strong>plane</strong></span> <span class='ocrx_word' id='word_1_200' title='bbox 1431 1314 1482 1352; x_wconf 84' lang='lat' dir='ltr'><strong>ab</strong></span> <span class='ocrx_word' id='word_1_201' title='bbox 1514 1315 1618 1352; x_wconf 92' lang='lat' dir='ltr'><strong>omni</strong></span> <span class='ocrx_word' id='word_1_202' title='bbox 1650 1326 1746 1352; x_wconf 87' lang='lat' dir='ltr'><strong>sana</strong></span> <span class='ocrx_word' id='word_1_203' title='bbox 1775 1316 1927 1353; x_wconf 85' lang='lat' dir='ltr'><strong>ratione</strong></span> 
     </span>
     <span class='ocr_line' id='line_1_22' title="bbox 121 1372 1928 1426; baseline -0.004 -8"><span class='ocrx_word' id='word_1_204' title='bbox 121 1379 365 1426; x_wconf 82' lang='lat' dir='ltr'><strong>aberramus,</strong></span> <span class='ocrx_word' id='word_1_205' title='bbox 405 1386 566 1415; x_wconf 87' lang='lat' dir='ltr'><strong>necesse</strong></span> <span class='ocrx_word' id='word_1_206' title='bbox 598 1378 675 1423; x_wconf 86' lang='lat' dir='ltr'><strong>est,</strong></span> <span class='ocrx_word' id='word_1_207' title='bbox 708 1374 816 1412; x_wconf 91' lang='lat' dir='ltr'><strong>Deos</strong></span> <span class='ocrx_word' id='word_1_208' title='bbox 848 1372 1033 1423; x_wconf 86' lang='lat' dir='ltr'><strong>Deasque</strong></span> <span class='ocrx_word' id='word_1_209' title='bbox 1065 1374 1169 1411; x_wconf 86' lang='lat' dir='ltr'><strong>votis</strong></span> <span class='ocrx_word' id='word_1_210' title='bbox 1202 1373 1401 1422; x_wconf 85' lang='lat' dir='ltr'><strong>conceptis</strong></span> <span class='ocrx_word' id='word_1_211' title='bbox 1432 1373 1586 1422; x_wconf 88' lang='lat' dir='ltr'><strong>precari</strong></span> <span class='ocrx_word' id='word_1_212' title='bbox 1615 1374 1842 1422; x_wconf 87' lang='lat' dir='ltr'><strong>unanimes,</strong></span> <span class='ocrx_word' id='word_1_213' title='bbox 1884 1378 1928 1411; x_wconf 86' lang='lat' dir='ltr'><strong>ut</strong></span> 
     </span>
     <span class='ocr_line' id='line_1_23' title="bbox 121 1430 1929 1484; baseline -0.004 -8"><span class='ocrx_word' id='word_1_214' title='bbox 121 1437 216 1476; x_wconf 84' lang='lat' dir='ltr'><strong>talia</strong></span> <span class='ocrx_word' id='word_1_215' title='bbox 247 1437 432 1484; x_wconf 87' lang='lat' dir='ltr'><strong>dicamus,</strong></span> <span class='ocrx_word' id='word_1_216' title='bbox 464 1445 565 1484; x_wconf 87' lang='lat' dir='ltr'><strong>quae</strong></span> <span class='ocrx_word' id='word_1_217' title='bbox 597 1434 762 1483; x_wconf 91' lang='lat' dir='ltr'><strong>primum</strong></span> <span class='ocrx_word' id='word_1_218' title='bbox 791 1432 888 1482; x_wconf 88' lang='lat' dir='ltr'><strong>ipsis</strong></span> <span class='ocrx_word' id='word_1_219' title='bbox 919 1432 1105 1481; x_wconf 87' lang='lat' dir='ltr'><strong>maxime,</strong></span> <span class='ocrx_word' id='word_1_220' title='bbox 1138 1437 1218 1469; x_wconf 86' lang='lat' dir='ltr'><strong>tum</strong></span> <span class='ocrx_word' id='word_1_221' title='bbox 1250 1430 1389 1470; x_wconf 90' lang='lat' dir='ltr'><strong>deinde</strong></span> <span class='ocrx_word' id='word_1_222' title='bbox 1421 1436 1460 1469; x_wconf 88' lang='lat' dir='ltr'><strong>et</strong></span> <span class='ocrx_word' id='word_1_223' title='bbox 1490 1431 1605 1470; x_wconf 87' lang='lat' dir='ltr'><strong>vobis</strong></span> <span class='ocrx_word' id='word_1_224' title='bbox 1637 1432 1713 1469; x_wconf 84' lang='lat' dir='ltr'><strong>sint</strong></span> <span class='ocrx_word' id='word_1_225' title='bbox 1743 1436 1860 1482; x_wconf 83' lang='lat' dir='ltr'><strong>grata</strong></span> <span class='ocrx_word' id='word_1_226' title='bbox 1890 1436 1929 1471; x_wconf 90' lang='lat' dir='ltr'><strong>et</strong></span> 
     </span>
    </p>
   </div>
   <div class='ocr_carea' id='block_1_5' title="bbox 125 1500 298 1546">
    <p class='ocr_par' dir='ltr' id='par_1_6' title="bbox 125 1500 298 1546">
     <span class='ocr_line' id='line_1_24' title="bbox 125 1500 298 1546; baseline -0.006 -12"><span class='ocrx_word' id='word_1_227' title='bbox 125 1500 298 1546; x_wconf 87' lang='lat' dir='ltr'><strong>accepta.</strong></span> 
     </span>
    </p>
   </div>
   <div class='ocr_carea' id='block_1_6' title="bbox 902 1644 1155 1691">
    <p class='ocr_par' dir='ltr' id='par_1_7' title="bbox 902 1644 1155 1691">
     <span class='ocr_line' id='line_1_25' title="bbox 902 1644 1155 1691; baseline 0 0"><span class='ocrx_word' id='word_1_228' title='bbox 902 1644 1089 1691; x_wconf 89' lang='lat' dir='ltr'><strong>CAPUT</strong></span> <span class='ocrx_word' id='word_1_229' title='bbox 1124 1645 1155 1691; x_wconf 88' lang='lat'><strong>1.</strong></span> 
     </span>
    </p>
   </div>
   <div class='ocr_carea' id='block_1_7' title="bbox 518 1741 1529 1789">
    <p class='ocr_par' dir='ltr' id='par_1_8' title="bbox 518 1741 1529 1789">
     <span class='ocr_line' id='line_1_26' title="bbox 518 1741 1529 1789; baseline -0.002 -9"><span class='ocrx_word' id='word_1_230' title='bbox 518 1745 579 1780; x_wconf 91' lang='lat' dir='ltr'><strong>De</strong></span> <span class='ocrx_word' id='word_1_231' title='bbox 612 1742 809 1789; x_wconf 90' lang='lat' dir='ltr'><strong>quinque</strong></span> <span class='ocrx_word' id='word_1_232' title='bbox 839 1741 1002 1788; x_wconf 82' lang='lat' dir='ltr'><strong>figuris</strong></span> <span class='ocrx_word' id='word_1_233' title='bbox 1032 1741 1197 1778; x_wconf 86' lang='lat' dir='ltr'><strong>solidis</strong></span> <span class='ocrx_word' id='word_1_234' title='bbox 1228 1741 1529 1787; x_wconf 87' lang='lat' dir='ltr'><strong>regularibus.</strong></span> 
     </span>
    </p>
   </div>
   <div class='ocr_carea' id='block_1_8' title="bbox 604 1835 1653 1871">
    <p class='ocr_par' dir='ltr' id='par_1_9' title="bbox 604 1835 1653 1871">
     <span class='ocr_line' id='line_1_27' title="bbox 604 1835 1653 1871; baseline -0.001 -7"><span class='ocrx_word' id='word_1_235' title='bbox 604 1839 669 1871; x_wconf 68' lang='grc' dir='ltr'><strong>Εἰς.</strong></span> <span class='ocrx_word' id='word_1_236' title='bbox 689 1836 746 1864; x_wconf 82' lang='lat'>36¹.</span> <span class='ocrx_word' id='word_1_237' title='bbox 1471 1842 1475 1843; x_wconf 50' lang='lat'><em>⁷</em></span> <span class='ocrx_word' id='word_1_238' title='bbox 1510 1837 1576 1870; x_wconf 69' lang='lat' dir='ltr'><strong>mg.</strong></span> <span class='ocrx_word' id='word_1_239' title='bbox 1596 1835 1653 1864; x_wconf 77' lang='lat'><strong>362.</strong></span> 
     </span>
    </p>
   </div>
   <div class='ocr_carea' id='block_1_9' title="bbox 155 1939 1898 2914">
    <p class='ocr_par' dir='ltr' id='par_1_10' title="bbox 155 1939 1898 2914">
     <span class='ocr_line' id='line_1_28' title="bbox 155 1939 1898 2914; baseline 0 0"><span class='ocrx_word' id='word_1_240' title='bbox 155 1939 1898 2914; x_wconf 95' lang='lat' dir='ltr'><strong> </strong></span> 
     </span>
    </p>
   </div>
   <div class='ocr_carea' id='block_1_10' title="bbox 121 2943 1919 3065">
    <p class='ocr_par' dir='ltr' id='par_1_11' title="bbox 121 2943 1919 3065">
     <span class='ocr_line' id='line_1_29' title="bbox 224 2943 1918 2993; baseline 0.009 -17"><span class='ocrx_word' id='word_1_241' title='bbox 224 2950 334 2977; x_wconf 77' lang='lat' dir='ltr'><strong>circuli</strong></span> <span class='ocrx_word' id='word_1_242' title='bbox 353 2951 471 2983; x_wconf 76' lang='lat' dir='ltr'><strong>angulis</strong></span> <span class='ocrx_word' id='word_1_243' title='bbox 491 2949 710 2982; x_wconf 76' lang='lat' dir='ltr'><strong>circumscripti</strong></span> <span class='ocrx_word' id='word_1_244' title='bbox 736 2948 908 2976; x_wconf 73' lang='lat' dir='ltr'><strong>adumbrant</strong></span> <span class='ocrx_word' id='word_1_245' title='bbox 934 2951 1105 2984; x_wconf 59' lang='lat' dir='ltr'><strong>sphaerica,</strong></span> <span class='ocrx_word' id='word_1_246' title='bbox 1135 2943 1189 2981; x_wconf 80' lang='lat' dir='ltr'><strong>sed</strong></span> <span class='ocrx_word' id='word_1_247' title='bbox 1207 2956 1261 2982; x_wconf 90' lang='lat' dir='ltr'><strong>illa</strong></span> <span class='ocrx_word' id='word_1_248' title='bbox 1284 2959 1373 2990; x_wconf 84' lang='lat' dir='ltr'><strong>paulo</strong></span> <span class='ocrx_word' id='word_1_249' title='bbox 1400 2958 1512 2993; x_wconf 68' lang='lat' dir='ltr'><strong>majora</strong></span> <span class='ocrx_word' id='word_1_250' title='bbox 1537 2960 1584 2987; x_wconf 86' lang='lat' dir='ltr'><strong>his</strong></span> <span class='ocrx_word' id='word_1_251' title='bbox 1612 2962 1734 2989; x_wconf 78' lang='lat' dir='ltr'><strong>circulis</strong></span> <span class='ocrx_word' id='word_1_252' title='bbox 1761 2966 1833 2990; x_wconf 80' lang='lat' dir='ltr'><strong>sunt</strong></span> <span class='ocrx_word' id='word_1_253' title='bbox 1851 2971 1918 2990; x_wconf 84' lang='lat' dir='ltr'><strong>con-</strong></span> 
     </span>
     <span class='ocr_line' id='line_1_30' title="bbox 121 2983 1448 3026; baseline 0.008 -18"><span class='ocrx_word' id='word_1_254' title='bbox 121 2983 269 3016; x_wconf 80' lang='lat' dir='ltr'><strong>cipienda,</strong></span> <span class='ocrx_word' id='word_1_255' title='bbox 290 2988 498 3018; x_wconf 76' lang='lat' dir='ltr'><strong>praeterquam</strong></span> <span class='ocrx_word' id='word_1_256' title='bbox 515 2987 547 3011; x_wconf 84' lang='lat' dir='ltr'><strong>in</strong></span> <span class='ocrx_word' id='word_1_257' title='bbox 565 2985 593 3018; x_wconf 89' lang='lat'><strong>5,</strong></span> <span class='ocrx_word' id='word_1_258' title='bbox 614 2986 647 3011; x_wconf 83' lang='lat' dir='ltr'><strong>ut</strong></span> <span class='ocrx_word' id='word_1_259' title='bbox 667 2984 784 3010; x_wconf 80' lang='lat' dir='ltr'><strong>scilicet</strong></span> <span class='ocrx_word' id='word_1_260' title='bbox 801 2992 871 3012; x_wconf 81' lang='lat' dir='ltr'><strong>vere</strong></span> <span class='ocrx_word' id='word_1_261' title='bbox 888 2992 989 3011; x_wconf 82' lang='lat' dir='ltr'><strong>omnes</strong></span> <span class='ocrx_word' id='word_1_262' title='bbox 1009 2986 1120 3019; x_wconf 79' lang='lat' dir='ltr'><strong>figurae</strong></span> <span class='ocrx_word' id='word_1_263' title='bbox 1138 2992 1265 3023; x_wconf 82' lang='lat' dir='ltr'><strong>angulos</strong></span> <span class='ocrx_word' id='word_1_264' title='bbox 1286 2994 1448 3026; x_wconf 77' lang='lat' dir='ltr'><strong>stringant.</strong></span> 
     </span>
     <span class='ocr_line' id='line_1_31' title="bbox 224 3019 1919 3065; baseline 0.008 -21"><span class='ocrx_word' id='word_1_265' title='bbox 224 3020 438 3051; x_wconf 74' lang='lat' dir='ltr'><strong>Magnitudinis</strong></span> <span class='ocrx_word' id='word_1_266' title='bbox 457 3021 533 3046; x_wconf 82' lang='lat' dir='ltr'><strong>ratio</strong></span> <span class='ocrx_word' id='word_1_267' title='bbox 551 3020 582 3045; x_wconf 79' lang='lat' dir='ltr'><strong>in</strong></span> <span class='ocrx_word' id='word_1_268' title='bbox 598 3021 654 3046; x_wconf 88' lang='lat' dir='ltr'><strong>boc</strong></span> <span class='ocrx_word' id='word_1_269' title='bbox 673 3019 823 3046; x_wconf 82' lang='lat' dir='ltr'><strong>schemate</strong></span> <span class='ocrx_word' id='word_1_270' title='bbox 845 3021 917 3046; x_wconf 82' lang='lat' dir='ltr'><strong>haec</strong></span> <span class='ocrx_word' id='word_1_271' title='bbox 935 3021 992 3047; x_wconf 79' lang='lat' dir='ltr'><strong>fuit</strong></span> <span class='ocrx_word' id='word_1_272' title='bbox 1011 3023 1184 3055; x_wconf 83' lang='lat' dir='ltr'><strong>observata,</strong></span> <span class='ocrx_word' id='word_1_273' title='bbox 1215 3029 1249 3052; x_wconf 87' lang='lat' dir='ltr'><strong>ut</strong></span> <span class='ocrx_word' id='word_1_274' title='bbox 1268 3028 1458 3060; x_wconf 81' lang='lat' dir='ltr'><strong>sphaericum</strong></span> <span class='ocrx_word' id='word_1_275' title='bbox 1478 3029 1575 3062; x_wconf 83' lang='lat' dir='ltr'><strong>ipsius</strong></span> <span class='ocrx_word' id='word_1_276' title='bbox 1594 3031 1612 3058; x_wconf 89' lang='lat'><strong>5</strong></span> <span class='ocrx_word' id='word_1_277' title='bbox 1630 3033 1729 3065; x_wconf 78' lang='lat' dir='ltr'><strong>possit</strong></span> <span class='ocrx_word' id='word_1_278' title='bbox 1745 3033 1871 3060; x_wconf 75' lang='lat' dir='ltr'><strong>inscribi</strong></span> <span class='ocrx_word' id='word_1_279' title='bbox 1889 3034 1919 3060; x_wconf 79' lang='lat' dir='ltr'><strong>in</strong></span> 
     </span>
    </p>
   </div>
   <div class='ocr_carea' id='block_1_11' title="bbox 121 3050 1918 3123">
    <p class='ocr_par' dir='ltr' id='par_1_12' title="bbox 121 3050 1918 3123">
     <span class='ocr_line' id='line_1_32' title="bbox 121 3050 1918 3101; baseline 0.009 -22"><span class='ocrx_word' id='word_1_280' title='bbox 121 3050 148 3083; x_wconf 76' lang='lat'><strong>4,</strong></span> <span class='ocrx_word' id='word_1_281' title='bbox 168 3052 262 3094; x_wconf 46' lang='lat' dir='ltr'><strong>hujus.</strong></span> <span class='ocrx_word' id='word_1_282' title='bbox 274 3056 381 3081; x_wconf 86' lang='lat' dir='ltr'><strong>iterum</strong></span> <span class='ocrx_word' id='word_1_283' title='bbox 401 3056 585 3097; x_wconf 64' lang='lat' dir='ltr'><strong>sphaericum</strong></span> <span class='ocrx_word' id='word_1_284' title='bbox 604 3056 634 3080; x_wconf 89' lang='lat' dir='ltr'><strong>in</strong></span> <span class='ocrx_word' id='word_1_285' title='bbox 653 3055 747 3087; x_wconf 76' lang='lat' dir='ltr'><strong>figura</strong></span> <span class='ocrx_word' id='word_1_286' title='bbox 765 3055 791 3087; x_wconf 81' lang='lat'><strong>3,</strong></span> <span class='ocrx_word' id='word_1_287' title='bbox 812 3057 843 3082; x_wconf 81' lang='lat' dir='ltr'><strong>et</strong></span> <span class='ocrx_word' id='word_1_288' title='bbox 860 3055 948 3088; x_wconf 86' lang='lat' dir='ltr'><strong>hujus</strong></span> <span class='ocrx_word' id='word_1_289' title='bbox 970 3057 1000 3082; x_wconf 88' lang='lat' dir='ltr'><strong>in</strong></span> <span class='ocrx_word' id='word_1_290' title='bbox 1017 3055 1044 3089; x_wconf 85' lang='lat'><strong>2,</strong></span> <span class='ocrx_word' id='word_1_291' title='bbox 1065 3060 1096 3084; x_wconf 81' lang='lat' dir='ltr'><strong>et</strong></span> <span class='ocrx_word' id='word_1_292' title='bbox 1115 3060 1203 3092; x_wconf 87' lang='lat' dir='ltr'><strong>hujus</strong></span> <span class='ocrx_word' id='word_1_293' title='bbox 1225 3062 1355 3095; x_wconf 83' lang='lat' dir='ltr'><strong>denique</strong></span> <span class='ocrx_word' id='word_1_294' title='bbox 1375 3064 1563 3096; x_wconf 82' lang='lat' dir='ltr'><strong>sphaericum</strong></span> <span class='ocrx_word' id='word_1_295' title='bbox 1582 3067 1612 3092; x_wconf 88' lang='lat' dir='ltr'><strong>in</strong></span> <span class='ocrx_word' id='word_1_296' title='bbox 1629 3067 1640 3093; x_wconf 84' lang='lat'><strong>1</strong></span> <span class='ocrx_word' id='word_1_297' title='bbox 1657 3068 1773 3101; x_wconf 81' lang='lat' dir='ltr'><strong>cubum,</strong></span> <span class='ocrx_word' id='word_1_298' title='bbox 1793 3070 1918 3101; x_wconf 66' lang='lat' dir='ltr'><strong>tangens</strong></span> 
     </span>
     <span class='ocr_line' id='line_1_33' title="bbox 122 3090 763 3123; baseline 0.008 -11"><span class='ocrx_word' id='word_1_299' title='bbox 122 3094 219 3113; x_wconf 81' lang='lat' dir='ltr'><strong>omma</strong></span> <span class='ocrx_word' id='word_1_300' title='bbox 237 3095 302 3121; x_wconf 72' lang='lat' dir='ltr'><strong>ejus</strong></span> <span class='ocrx_word' id='word_1_301' title='bbox 321 3097 375 3117; x_wconf 82' lang='lat' dir='ltr'><strong>sex</strong></span> <span class='ocrx_word' id='word_1_302' title='bbox 396 3090 485 3123; x_wconf 80' lang='lat' dir='ltr'><strong>plana</strong></span> <span class='ocrx_word' id='word_1_303' title='bbox 503 3097 534 3116; x_wconf 86' lang='lat' dir='ltr'><strong>m</strong></span> <span class='ocrx_word' id='word_1_304' title='bbox 553 3090 666 3117; x_wconf 80' lang='lat' dir='ltr'><strong>centris</strong></span> <span class='ocrx_word' id='word_1_305' title='bbox 688 3090 763 3117; x_wconf 79' lang='lat' dir='ltr'><strong>suls.</strong></span> 
     </span>
    </p>
   </div>
   <div class='ocr_carea' id='block_1_12' title="bbox 1976 2741 1994 3276">
    <p class='ocr_par' dir='ltr' id='par_1_13' title="bbox 1976 2741 1994 3276">
     <span class='ocr_line' id='line_1_34' title="bbox 1976 2741 1994 3276; baseline 0 0"><span class='ocrx_word' id='word_1_306' title='bbox 1976 2741 1994 3276; x_wconf 95' lang='lat' dir='ltr'><strong> </strong></span> 
     </span>
    </p>
   </div>
  </div>
 </body>
</html>
