1994 3276
661 98 774 136 Liba·
791 96 859 135 m.
881 95 1064 143 Dkressio
1085 95 1241 142 politica.
1759 98 1849 141 ⁴205

62 223 99 262 si
127 229 176 261 ea·
202 223 467 266 umerum,
495 218 748 268 geometrica,
777 217 812 255 si
841 214 1102 266 ponderentur
1128 225 1198 254 seu
1229 216 1421 266 gravitate
1449 215 1606 256 ferentis
1637 227 1706 255 seu
1735 217 1851 256 boni-

65 285 147 319 tate
186 283 520 329 argmentomm3
558 276 781 314 harmonica
808 271 964 327 (Bodini
1004 271 1135 324 sensu)
1173 274 1341 312 mixtura
1383 273 1457 312 fuit
1494 273 1599 326 apud
1637 273 1849 323 Romanos,

67 348 231 388 quorun
260 335 483 376 consulares
509 335 741 373 sententiam
770 333 943 371 oratione
973 330 1226 380 explicarunt,
1258 333 1374 371 ceteri
1394 331 1559 383 pedibus
1578 334 1619 371 in
1638 341 1724 372 eam
1745 333 1853 372 ibant

66 395 320 443 mutiam,
357 404 476 444 quam
506 392 735 443 probabant.
794 389 892 428 Mihi
932 388 1035 438 quod
1066 390 1307 428 necessitatis
1338 388 1425 440 lege
1463 391 1607 430 factum
1644 389 1737 444 (non
1769 391 1853 430 snr-

67 453 224 493 fec‘uiset
252 453 353 492 enim
384 456 535 502 tempus
563 448 766 489 audiendis
798 445 991 498 omnibus)
1021 446 1061 485 id
1090 446 1337 487 harmonicae
1363 450 1604 498 proportioni
1633 456 1710 488 non
1741 448 1853 488 vide-

70 516 133 551 tur
161 508 472 560 comparandum.

180 567 303 607 XXI.
332 567 379 606 In
408 566 685 606 commutativa
710 564 863 615 institia
891 563 1111 613 requirebat
1132 562 1361 602 Aristoteles
1392 564 1673 604 arithmeticam
1702 572 1852 615 aequa-

68 626 228 666 litatem.
288 625 462 664 Bodiuus
498 635 570 663 nec
598 623 661 661 hic
690 622 910 671 analogiam
951 620 1109 659 exulare
1137 620 1231 659 dicit
1260 624 1545 671 geometricam.
1606 623 1688 662 Etsi
1719 633 1851 661 exem-

71 684 139 734 pla
157 683 318 724 confusa
335 683 525 722 videntur:
561 679 605 735 l)
634 685 678 719 nt
706 682 741 719 si
761 681 848 730 quis
876 679 1032 730 publice
1051 677 1237 718 scandalo
1258 679 1350 718 dato
1370 681 1488 719 etiam
1506 682 1700 732 privatum
1730 680 1856 729 laesit,

69 743 223 792 privato
250 741 408 792 quidem
438 741 600 779 seorsim
628 738 840 778 satisfaciet
868 736 1107 787 aequalitate
1136 737 1398 786 arithmetica,
1430 750 1502 777 nec
1530 739 1619 789 plus
1649 740 1685 778 ei
1715 749 1785 790 pro
1813 749 1853 777 re

70 811 144 843 sna
171 802 393 839 restituetur
421 799 471 837 ab
501 798 657 836 bonnus
686 796 831 847 nobili,
872 806 988 845 quam
1025 795 1076 833 ab
1112 795 1284 845 agricola
1299 824 1309 843 ,
1349 796 1568 848 exemplum
1599 808 1690 836 vero
1728 798 1854 847 pessi-

71 869 178 897 mum
206 857 319 897 aliter
346 857 427 895 luet
456 855 533 904 ille,
564 855 675 894 aliter
703 855 789 901 iste,
820 854 1068 904 proportione
1097 859 1252 892 servata
1282 859 1452 893 statuum
1473 857 1717 905 geometrica.
1769 854 1856 904 Quo

70 915 156 954 loco
193 915 418 955 conciliatur
448 912 677 952 Aristoteles
706 911 870 950 Bodino.
932 908 974 963 2)
1004 909 1118 960 Quod
1157 923 1249 951 vero
1286 912 1389 951 bona
1425 913 1529 963 ejus,
1573 915 1640 963 qui
1682 923 1758 952 non
1798 919 1857 952 est

70 973 272 1020 solvendo,
307 984 376 1024 pro
405 971 540 1011 crediti
569 971 757 1020 quusque
789 968 1056 1019 magnitudine
1092 968 1374 1008 distribuuntur
1410 973 1493 1011 siue
1523 971 1754 1011 creditorum
1793 983 1856 1010 re-

73 1036 231 1082 spectu,
263 1029 471 1075 dummodo
501 1035 672 1079 tempore
702 1035 741 1067 et
770 1027 959 1078 qualitate
989 1026 1123 1066 crediti
1153 1039 1265 1078 pares
1294 1029 1460 1078 fuerint,
1487 1029 1525 1067 id
1556 1029 1736 1080 equidem
1765 1040 1858 1080 pro-

72 1091 249 1140 portione
278 1088 323 1128 fit
349 1099 453 1127 mere
483 1088 737 1138 geometrica3
775 1085 880 1135 quod
918 1090 960 1124 ut
990 1096 1066 1123 non
1106 1088 1265 1135 negavit
1297 1087 1546 1136 Aristoteles,
1589 1090 1645 1127 ita
1674 1089 1860 1127 omissum

74 1147 126 1186 ab
164 1146 233 1186 illo
268 1158 338 1197 per
356 1147 667 1197 ‚incogitantiam
707 1143 860 1182 videtur
905 1149 1084 1193 recteque
1125 1156 1150 1182 a
1194 1144 1349 1184 Bodino
1389 1145 1630 1196 suppletum,
1675 1147 1748 1185 etsi
1786 1145 1860 1184 hoc

76 1203 256 1244 fundatur
293 1204 531 1254 aequalitate
569 1203 809 1242 arithmetica
847 1201 964 1240 soluti
1004 1207 1043 1240 et
1073 1201 1225 1249 crediti,
1268 1205 1300 1241 si
1340 1203 1442 1242 bona
1486 1203 1715 1244 sufficerent.
1778 1203 1860 1243 Nec

77 1268 205 1302 tamen
233 1261 389 1311 'vetatur
415 1259 569 1312 penitus
599 1262 773 1311 superior
801 1261 1050 1309 magistratus
1088 1260 1311 1300 harmonica
1346 1264 1699 1313 contemperatione
1735 1263 1791 1300 uti
1821 1267 1861 1300 et

77 1320 285 1360 creditores
314 1322 451 1371 inopes
480 1313 725 1368 aliquatenus
754 1323 794 1356 et
812 1329 881 1368 pro
901 1329 943 1356 re
961 1323 1055 1355 nata
1087 1319 1278 1368 praeferre
1298 1319 1628 1371 locupletioribus.
1689 1319 1730 1372 3)
1758 1319 1861 1358 Illud

79 1380 198 1418 etiam
226 1378 491 1417 harmonicum
520 1378 719 1427 quippiam
749 1373 887 1429 (sensu
919 1372 1082 1428 Bodini)
1111 1378 1233 1427 sapit,
1275 1377 1380 1428 quod
1418 1380 1591 1428 gentium
1621 1378 1862 1429 quamudam

10 1460 21 1471 .
78 1447 184 1476 more
212 1447 274 1475 res
302 1436 404 1475 furto
432 1435 587 1474 ablatae
612 1446 695 1474 ‘uon
724 1434 865 1484 simplo
894 1439 1121 1484 pensantur,
1151 1435 1220 1473 sed
1249 1435 1488 1486 quadruplo,
1528 1448 1588 1476 res
1618 1437 1719 1476 aliae
1748 1438 1864 1487 quin-

78 1494 211 1546 tuplo;
251 1493 464 1544 aequaliter
505 1493 660 1542 quidem
700 1492 751 1531 ab
790 1492 988 1539 omnibus,
1032 1492 1287 1542 inaequaliter
1325 1499 1452 1533 tamen
1493 1493 1668 1534 diversae
1699 1506 1781 1542 res,
1824 1497 1863 1532 in

79 1552 221 1602 quibus
259 1553 485 1591 aestimatur
523 1552 758 1600 geometrica
795 1551 943 1589 ratione
983 1550 1146 1599 injuriae
1185 1551 1340 1590 diversa
1382 1552 1631 1604 magnitudo,
1670 1564 1747 1591 non
1788 1563 1864 1591 nu-

81 1609 172 1648 dum
216 1611 272 1648 rei
313 1611 491 1659 pretium.
552 1607 593 1659 4)
622 1607 847 1647 Evidentior
884 1613 943 1646 est
980 1607 1202 1647 harmonica
1231 1611 1329 1648 ratio
1360 1611 1399 1647 in
1435 1612 1664 1662 pensatione
1702 1610 1866 1649 damno-

81 1679 171 1713 rum
198 1678 276 1705 non
307 1667 398 1705 dolo
427 1665 530 1705 malo
559 1666 776 1705 illatorum:
805 1666 872 1702 ubi
902 1664 1106 1715 plurimum
1136 1667 1251 1705 situm
1280 1669 1317 1704 in
1342 1668 1649 1707 contrabentium
1668 1671 1867 1719 utriusque

0 1768 1 1772 ,
83 1725 272 1764 factorum
312 1725 625 1772 circumstantiis,
669 1735 769 1773 quae
809 1723 1019 1771 aliquando
1063 1723 1123 1762 vel
1162 1723 1315 1774 legibus
1354 1725 1417 1764 vel
1453 1729 1681 1776 magistratu
1706 1727 1867 1777 jnb'ente

0 1797 1 1804 ¹
83 1782 288 1838 aequalem
328 1787 367 1821 et
395 1781 674 1821 arithmeticam
704 1782 1075 1831 compensationem,
1111 1781 1322 1831 aliquando
1352 1783 1518 1833 nullam,
1561 1790 1620 1823 est
1649 1785 1715 1823 ubi
1752 1792 1788 1823 et
1821 1796 1866 1824 ex

83 1851 214 1890 aequo
250 1845 291 1879 et
325 1840 429 1878 bono
458 1834 695 1879 moderatam
730 1840 937 1888 requirunt.
996 1838 1126 1889 Hujus
1164 1842 1316 1889 generis
1345 1841 1500 1880 videtur
1526 1839 1574 1896 set
1603 1842 1722 1891 illud,
1764 1842 1866 1892 quod

83 1899 261 1949 superior
299 1899 549 1948 magistratus
584 1909 660 1936 non
701 1909 747 1935 ex
779 1908 903 1946 aequo
945 1897 1123 1935 omnibns
1164 1899 1263 1938 inter
1292 1910 1334 1937 se
1366 1901 1454 1950 Jnre
1492 1902 1655 1950 experiri
1693 1900 1868 1939 concedit

85 1967 160 1995 nec
190 1957 228 1993 in
260 1957 388 1994 causis
418 1956 608 2003 omnibus,
641 1954 708 1993 sed
738 1961 852 2004 prout
882 1955 1191 2006 circumstantiae
1218 1956 1358 1995 fuerint
1386 1959 1552 1997 arbitros
1584 1958 1646 1996 vel
1675 1960 1759 2008 ipsc
1789 1958 1867 2005 dat,
1941 1980 1955 1986 κ

87 2013 151 2052 vel
181 2020 314 2052 eorum
345 2012 575 2055 electionem,
610 2013 851 2063 litigantibus
885 2014 1089 2062 permittit,
1130 2019 1173 2051 nt
1213 2014 1275 2052 vel
1318 2017 1516 2066 utriusque
1553 2016 1764 2055 commodis
1805 2016 1868 2055 vel

88 2073 186 2121 reip.
217 2071 452 2110 consulatur.
513 2070 554 2123 5)
583 2071 710 2109 Etiam
750 2081 889 2108 usurae
931 2070 980 2108 ad
1012 2074 1327 2110 commutativam
1363 2074 1538 2122 Justitiae
1574 2080 1723 2124 partem
1754 2085 1868 2125 spec-

91 2133 196 2177 tant,
236 2140 363 2179 neque
392 2136 520 2168 tamen
550 2129 733 2178 aequales
764 2130 867 2166 omni
897 2128 1093 2167 hominum
1123 2132 1254 2179 generi
1293 2132 1344 2169 ab
1375 2133 1553 2171 omnibus
1582 2132 1868 2182 legislatoribus

91 2187 373 2237 permittuntur,
403 2186 471 2225 sed
501 2189 734 2236 geometrica
761 2187 927 2224 mixtura
956 2187 1181 2236 inaequales
1212 2188 1450 2228 diversorum
1477 2190 1653 2229 ordinum
1682 2192 1869 2240 personis,

86 2243 272 2294 aequales
301 2245 473 2294 singulis-
494 2244 687 2292 ordinum,
720 2256 819 2294 quae
849 2246 1078 2294 compositio
1109 2245 1261 2284 Bodino
1291 2246 1513 2286 harmonica
1544 2254 1614 2287 est.
1676 2246 1716 2298 6)
1747 2248 1869 2298 Egre-

89 2304 195 2352 giam
225 2304 491 2351 exceptionem
520 2303 571 2341 ab
601 2302 840 2340 arithmetica
871 2305 1183 2341 commutationis
1212 2305 1450 2353 aequalitate
1481 2306 1609 2344 verbis
1630 2306 1770 2343 Bodini
1800 2317 1870 2344 ex-

89 2361 268 2398 scribam.
337 2359 512 2399 Medicus
551 2360 607 2398 ad
646 2361 845 2398 calculum
882 2360 998 2397 diviti
1027 2360 1313 2400 detrahendum
1353 2375 1500 2402 aureos
1535 2375 1652 2412 saepe
1680 2365 1764 2402 500
1801 2375 1870 2402 ae-

93 2419 191 2466 cipit
219 2414 318 2470 (imo
349 2415 512 2470 exigit),
543 2418 594 2456 ab
621 2423 752 2467 eymte
781 2429 873 2456 vero
904 2418 953 2455 10
983 2423 1055 2455 aut
1076 2420 1100 2455 5
1131 2415 1229 2471 (imo
1259 2420 1365 2467 nihil,
1398 2432 1444 2458 ex
1475 2420 1638 2459 formula
1664 2421 1871 2470 juramenti

88 2472 382 2527 Hippocratis)3
412 2481 467 2512 ae*
488 2477 522 2513 si
550 2476 710 2525 quidem
739 2471 1031 2513 arithmeticam
1062 2481 1136 2513 aut
1163 2480 1441 2526 yeometricam
1475 2478 1739 2528 undiquaque
1762 2491 1870 2518 ana-

89 2533 240 2582 loyiam
267 2537 606 2581 consectarentur,
648 2534 749 2571 alter
777 2533 934 2582 quidem
966 2533 1140 2582 calculo,
1172 2535 1274 2572 alter
1299 2535 1410 2585 fame
1438 2534 1637 2585 interiret,
1680 2537 1748 2575 sed
1773 2538 1872 2574 har-

38 2604 43 2606 *
93 2592 254 2629 monica
282 2592 440 2628 ratione
468 2590 559 2627 huic
587 2591 746 2639 quidem
777 2602 880 2639 opes,
909 2591 1018 2628 salus
1046 2592 1107 2629 illi
1136 2588 1234 2644 (non
1265 2593 1442 2642 equidem
1466 2594 1601 2633 eadem
1622 2591 1870 2647 certitudine)

36 2663 38 2665 ·
90 2653 392 2696 corripui-antur.
450 2650 494 2694 7)
523 2646 650 2695 Quam
676 2648 831 2697 quidem
861 2648 910 2686 ad
930 2650 1117 2686 rationem
1147 2655 1186 2688 et
1210 2651 1362 2699 Judiees
1382 2663 1491 2690 suam
1513 2663 1667 2702 operam
1689 2658 1727 2690 et
1745 2653 1872 2691 bono-

22 2750 28 2757 Ι
92 2707 232 2743 ratium
250 2707 289 2742 in
304 2706 431 2743 causis
447 2704 706 2754 disceptandis
720 2707 869 2773 exigere
889 2713 1181 2745 consueverunt.
1230 2708 1375 2746 Litium
1394 2721 1432 2746 n.
1454 2721 1572 2759 saepe
1589 2710 1872 2749 levissimarum

97 2761 302 2801 difficultas
331 2763 455 2812 major
485 2767 554 2808 est,
585 2773 701 2811 quam
730 2764 764 2800 si
795 2763 840 2801 de
870 2765 984 2802 rebus
1015 2766 1253 2822 gravissimis
1274 2771 1490 2814 quaeratur,
1518 2766 1713 2816 judicibus
1744 2773 1872 2807 tamen

43 2850 58 2855 ‚
97 2819 348 2859 infructuosa.
407 2821 587 2869 Aequum
617 2821 733 2868 igitur
761 2826 831 2868 est,
862 2826 905 2860 ut
936 2833 983 2860 ex
1013 2833 1136 2860 rerum
1163 2823 1485 2872 amplissimarum
1514 2825 1692 2864 vindieiis
1723 2825 1872 2875 adjudi—

45 2919 51 2924 ,
97 2878 192 2916 catis
221 2877 440 2927 plusculum
469 2879 645 2926 exigatur
678 2877 880 2926 mercedis,
921 2885 1013 2917 tunc
1052 2880 1217 2928 scilieet,
1259 2881 1291 2918 si
1331 2881 1484 2930 judices
1517 2892 1593 2920 non
1623 2882 1817 2922 sufficiens
1847 2896 1871 2923 a

14 2942 45 2986 ζ’
95 2945 175 2984 rep.
213 2935 397 2973 salarium
439 2936 615 2984 capiunt,
656 2934 724 2972 sed
754 2935 925 2974 consilio
940 2937 1231 2976 minuendarum
1272 2938 1395 2976 litium
1437 2950 1484 2976 ex
1514 2942 1682 2989 partium
1711 2941 1871 2992 litigan-

14 2999 15 3002 ’
96 2993 192 3031 tium
222 2993 374 3031 tributis
415 3003 555 3042 operae
595 2992 745 3030 locatae
775 2996 1123 3042 compensationem
1162 3006 1347 3044 quaerere
1379 2996 1576 3045 jubentur.
1640 2997 1870 3050 Quanquam
