<?xml version="1.0" encoding="UTF-8"?>
<!DOCTYPE html PUBLIC "-//W3C//DTD XHTML 1.0 Transitional//EN"
    "http://www.w3.org/TR/xhtml1/DTD/xhtml1-transitional.dtd">
<html xmlns="http://www.w3.org/1999/xhtml" xml:lang="en" lang="en">
 <head>
  <title>
</title>
<meta http-equiv="Content-Type" content="text/html;charset=utf-8" />
  <meta name='ocr-system' content='tesseract 3.04.00' />
  <meta name='ocr-capabilities' content='ocr_page ocr_carea ocr_par ocr_line ocrx_word'/>
</head>
<body>
  <div class='ocr_page' id='page_1' title='image "./operaomniaedidit05kepluoft_0185.png"; bbox 0 0 1994 3276; ppageno 0'>
   <div class='ocr_carea' id='block_1_1' title="bbox 618 23 1878 118">
    <p class='ocr_par' dir='ltr' id='par_1_1' title="bbox 618 23 1878 118">
     <span class='ocr_line' id='line_1_1' title="bbox 618 23 1878 118; baseline 0.006 -24"><span class='ocrx_word' id='word_1_1' title='bbox 618 55 857 94; x_wconf 56' lang='lat' dir='ltr'><strong>numnius</strong></span> <span class='ocrx_word' id='word_1_2' title='bbox 900 56 1011 96; x_wconf 65' lang='lat' dir='ltr'><strong>uber</strong></span> <span class='ocrx_word' id='word_1_3' title='bbox 1027 23 1234 104; x_wconf 53' lang='grc' dir='ltr'><strong>ιιιζ-οερζιι</strong></span> <span class='ocrx_word' id='word_1_4' title='bbox 1246 54 1310 94; x_wconf 69' lang='grc' dir='ltr'><strong>ιιι</strong></span> <span class='ocrx_word' id='word_1_5' title='bbox 1774 61 1878 118; x_wconf 60' lang='lat' dir='ltr'><strong>rer*</strong></span> 
     </span>
    </p>
   </div>
   <div class='ocr_carea' id='block_1_2' title="bbox 77 169 1956 232">
    <p class='ocr_par' dir='ltr' id='par_1_2' title="bbox 77 169 1956 232">
     <span class='ocr_line' id='line_1_2' title="bbox 77 169 1956 232; baseline 0.001 -16"><span class='ocrx_word' id='word_1_6' title='bbox 77 169 300 227; x_wconf 74' lang='lat' dir='ltr'><strong>alphabeti,</strong></span> <span class='ocrx_word' id='word_1_7' title='bbox 342 177 458 218; x_wconf 77' lang='lat' dir='ltr'><strong>fidem</strong></span> <span class='ocrx_word' id='word_1_8' title='bbox 486 178 581 219; x_wconf 77' lang='lat' dir='ltr'><strong>tacit</strong></span> <span class='ocrx_word' id='word_1_9' title='bbox 608 179 836 219; x_wconf 81' lang='lat' dir='ltr'><strong>Vincentius</strong></span> <span class='ocrx_word' id='word_1_10' title='bbox 865 176 1068 217; x_wconf 75' lang='lat' dir='ltr'><strong>Galilaeae</strong></span> <span class='ocrx_word' id='word_1_11' title='bbox 1080 206 1092 229; x_wconf 92' lang='lat'>‚</span> <span class='ocrx_word' id='word_1_12' title='bbox 1129 177 1292 229; x_wconf 83' lang='lat' dir='ltr'><strong>prolatis</strong></span> <span class='ocrx_word' id='word_1_13' title='bbox 1319 182 1549 232; x_wconf 77' lang='lat' dir='ltr'><strong>graecarum</strong></span> <span class='ocrx_word' id='word_1_14' title='bbox 1577 175 1871 222; x_wconf 74' lang='lat' dir='ltr'><strong>cantilenarum</strong></span> <span class='ocrx_word' id='word_1_15' title='bbox 1951 214 1956 220; x_wconf 87' lang='lat'><strong>.</strong></span> 
     </span>
    </p>
   </div>
   <div class='ocr_carea' id='block_1_3' title="bbox 0 234 1884 3071">
    <p class='ocr_par' dir='ltr' id='par_1_3' title="bbox 74 234 1872 344">
     <span class='ocr_line' id='line_1_3' title="bbox 76 234 1872 293; baseline 0.002 -21"><span class='ocrx_word' id='word_1_16' title='bbox 76 234 262 286; x_wconf 56' lang='lat' dir='ltr'><strong>exemp&amp;</strong></span> <span class='ocrx_word' id='word_1_17' title='bbox 289 237 578 293; x_wconf 68' lang='lat' dir='ltr'><strong>antiquissimis.</strong></span> <span class='ocrx_word' id='word_1_18' title='bbox 636 237 688 276; x_wconf 83' lang='lat' dir='ltr'><strong>Et</strong></span> <span class='ocrx_word' id='word_1_19' title='bbox 715 238 753 275; x_wconf 88' lang='lat' dir='ltr'><strong>in</strong></span> <span class='ocrx_word' id='word_1_20' title='bbox 784 236 961 276; x_wconf 79' lang='lat' dir='ltr'><strong>confesso</strong></span> <span class='ocrx_word' id='word_1_21' title='bbox 990 241 1070 284; x_wconf 83' lang='lat' dir='ltr'><strong>est,</strong></span> <span class='ocrx_word' id='word_1_22' title='bbox 1109 238 1228 275; x_wconf 84' lang='lat' dir='ltr'><strong>etiam</strong></span> <span class='ocrx_word' id='word_1_23' title='bbox 1257 234 1422 286; x_wconf 85' lang='lat' dir='ltr'><strong>simplex</strong></span> <span class='ocrx_word' id='word_1_24' title='bbox 1447 239 1629 291; x_wconf 85' lang='lat' dir='ltr'><strong>graecum</strong></span> <span class='ocrx_word' id='word_1_25' title='bbox 1655 236 1693 275; x_wconf 91' lang='grc' dir='ltr'><em>Γ</em></span> <span class='ocrx_word' id='word_1_26' title='bbox 1711 238 1762 281; x_wconf 86' lang='lat' dir='ltr'><strong>in</strong></span> <span class='ocrx_word' id='word_1_27' title='bbox 1790 235 1872 276; x_wconf 87' lang='lat' dir='ltr'><strong>la-·</strong></span> 
     </span>
     <span class='ocr_line' id='line_1_4' title="bbox 74 285 1257 344; baseline 0.003 -14"><span class='ocrx_word' id='word_1_28' title='bbox 74 292 157 332; x_wconf 82' lang='lat' dir='ltr'><strong>tina</strong></span> <span class='ocrx_word' id='word_1_29' title='bbox 183 298 317 333; x_wconf 68' lang='lat' dir='ltr'><strong>nostra</strong></span> <span class='ocrx_word' id='word_1_30' title='bbox 341 296 492 334; x_wconf 84' lang='lat' dir='ltr'><strong>musica</strong></span> <span class='ocrx_word' id='word_1_31' title='bbox 512 285 667 335; x_wconf 80' lang='lat' dir='ltr'><strong>&#39;locum</strong></span> <span class='ocrx_word' id='word_1_32' title='bbox 674 295 890 342; x_wconf 77' lang='lat' dir='ltr'><strong>invenisse,</strong></span> <span class='ocrx_word' id='word_1_33' title='bbox 919 299 964 333; x_wconf 97' lang='grc' dir='ltr'><strong>ιιι</strong></span> <span class='ocrx_word' id='word_1_34' title='bbox 986 294 1071 344; x_wconf 83' lang='lat' dir='ltr'><strong>jam</strong></span> <span class='ocrx_word' id='word_1_35' title='bbox 1098 294 1257 333; x_wconf 83' lang='lat' dir='ltr'><strong>dicetur.</strong></span> 
     </span>
    </p>

    <p class='ocr_par' dir='ltr' id='par_1_4' title="bbox 71 341 1864 694">
     <span class='ocr_line' id='line_1_5' title="bbox 100 341 1854 403; baseline 0.002 -14"><span class='ocrx_word' id='word_1_36' title='bbox 100 362 107 368; x_wconf 93' lang='lat'><strong>·</strong></span> <span class='ocrx_word' id='word_1_37' title='bbox 185 349 451 403; x_wconf 76' lang='lat' dir='ltr'><strong>Haecigitur</strong></span> <span class='ocrx_word' id='word_1_38' title='bbox 480 351 525 391; x_wconf 94' lang='lat' dir='ltr'>F</span> <span class='ocrx_word' id='word_1_39' title='bbox 548 358 608 394; x_wconf 88' lang='lat' dir='ltr'><strong>est</strong></span> <span class='ocrx_word' id='word_1_40' title='bbox 636 350 759 393; x_wconf 77' lang='lat' dir='ltr'><strong>altera</strong></span> <span class='ocrx_word' id='word_1_41' title='bbox 793 354 948 403; x_wconf 86' lang='lat' dir='ltr'><strong>signata</strong></span> <span class='ocrx_word' id='word_1_42' title='bbox 987 351 1156 401; x_wconf 83' lang='lat' dir='ltr'><strong>elavis3</strong></span> <span class='ocrx_word' id='word_1_43' title='bbox 1170 352 1372 403; x_wconf 76' lang='lat' dir='ltr'><strong>signantur</strong></span> <span class='ocrx_word' id='word_1_44' title='bbox 1404 354 1535 389; x_wconf 87' lang='lat' dir='ltr'><strong>autem</strong></span> <span class='ocrx_word' id='word_1_45' title='bbox 1568 351 1707 391; x_wconf 82' lang='lat' dir='ltr'><strong>ambae</strong></span> <span class='ocrx_word' id='word_1_46' title='bbox 1738 341 1854 403; x_wconf 80' lang='lat' dir='ltr'><strong>J‘uxta</strong></span> 
     </span>
     <span class='ocr_line' id='line_1_6' title="bbox 74 406 1861 465; baseline 0.003 -21"><span class='ocrx_word' id='word_1_47' title='bbox 74 407 251 456; x_wconf 84' lang='lat' dir='ltr'><strong>invicem,</strong></span> <span class='ocrx_word' id='word_1_48' title='bbox 282 410 344 448; x_wconf 83' lang='lat' dir='ltr'><strong>ubl</strong></span> <span class='ocrx_word' id='word_1_49' title='bbox 376 411 565 458; x_wconf 79' lang='lat' dir='ltr'><strong>commodi</strong></span> <span class='ocrx_word' id='word_1_50' title='bbox 595 410 671 450; x_wconf 78' lang='lat' dir='ltr'><strong>loci</strong></span> <span class='ocrx_word' id='word_1_51' title='bbox 699 422 770 462; x_wconf 89' lang='lat' dir='ltr'><strong>pro</strong></span> <span class='ocrx_word' id='word_1_52' title='bbox 800 415 960 461; x_wconf 83' lang='lat' dir='ltr'><strong>utraque</strong></span> <span class='ocrx_word' id='word_1_53' title='bbox 990 415 1204 449; x_wconf 85' lang='lat' dir='ltr'><strong>occurrunt.</strong></span> <span class='ocrx_word' id='word_1_54' title='bbox 1264 408 1395 448; x_wconf 81' lang='lat' dir='ltr'><strong>Tertia</strong></span> <span class='ocrx_word' id='word_1_55' title='bbox 1425 412 1486 447; x_wconf 88' lang='lat' dir='ltr'><strong>est</strong></span> <span class='ocrx_word' id='word_1_56' title='bbox 1508 406 1555 457; x_wconf 80' lang='lat' dir='ltr'><strong>G,</strong></span> <span class='ocrx_word' id='word_1_57' title='bbox 1586 411 1688 465; x_wconf 77' lang='lat' dir='ltr'><strong>quae</strong></span> <span class='ocrx_word' id='word_1_58' title='bbox 1711 410 1758 452; x_wconf 84' lang='lat' dir='ltr'><strong>in</strong></span> <span class='ocrx_word' id='word_1_59' title='bbox 1774 420 1861 450; x_wconf 80' lang='lat' dir='ltr'><strong>vo-·</strong></span> 
     </span>
     <span class='ocr_line' id='line_1_7' title="bbox 73 465 1851 520; baseline 0.001 -14"><span class='ocrx_word' id='word_1_60' title='bbox 73 465 202 507; x_wconf 71' lang='lat' dir='ltr'><strong>cibus</strong></span> <span class='ocrx_word' id='word_1_61' title='bbox 209 466 411 512; x_wconf 68' lang='lat' dir='ltr'><strong>altioribus</strong></span> <span class='ocrx_word' id='word_1_62' title='bbox 441 471 683 520; x_wconf 82' lang='lat' dir='ltr'><strong>exprimitur,</strong></span> <span class='ocrx_word' id='word_1_63' title='bbox 722 480 810 508; x_wconf 90' lang='lat' dir='ltr'><strong>cum</strong></span> <span class='ocrx_word' id='word_1_64' title='bbox 839 470 874 508; x_wconf 91' lang='lat' dir='ltr'><strong>ei</strong></span> <span class='ocrx_word' id='word_1_65' title='bbox 910 467 1020 507; x_wconf 88' lang='lat' dir='ltr'><strong>locus</strong></span> <span class='ocrx_word' id='word_1_66' title='bbox 1050 474 1110 507; x_wconf 85' lang='lat' dir='ltr'><strong>est</strong></span> <span class='ocrx_word' id='word_1_67' title='bbox 1146 469 1184 506; x_wconf 91' lang='lat' dir='ltr'><strong>in</strong></span> <span class='ocrx_word' id='word_1_68' title='bbox 1222 467 1337 506; x_wconf 88' lang='lat' dir='ltr'><strong>linea.</strong></span> <span class='ocrx_word' id='word_1_69' title='bbox 1395 465 1581 518; x_wconf 80' lang='lat' dir='ltr'><strong>Signatnr</strong></span> <span class='ocrx_word' id='word_1_70' title='bbox 1613 479 1661 506; x_wconf 87' lang='lat' dir='ltr'><strong>ex</strong></span> <span class='ocrx_word' id='word_1_71' title='bbox 1689 469 1851 519; x_wconf 82' lang='lat' dir='ltr'><strong>antiquo</strong></span> 
     </span>
     <span class='ocr_line' id='line_1_8' title="bbox 73 523 1853 588; baseline 0.003 -26"><span class='ocrx_word' id='word_1_72' title='bbox 73 533 179 563; x_wconf 86' lang='lat' dir='ltr'><strong>more</strong></span> <span class='ocrx_word' id='word_1_73' title='bbox 206 526 324 564; x_wconf 78' lang='lat' dir='ltr'><strong>etism</strong></span> <span class='ocrx_word' id='word_1_74' title='bbox 363 528 403 564; x_wconf 90' lang='lat' dir='ltr'><strong>in</strong></span> <span class='ocrx_word' id='word_1_75' title='bbox 433 528 512 566; x_wconf 88' lang='lat' dir='ltr'><strong>ima</strong></span> <span class='ocrx_word' id='word_1_76' title='bbox 550 527 654 567; x_wconf 87' lang='lat' dir='ltr'><strong>linea</strong></span> <span class='ocrx_word' id='word_1_77' title='bbox 692 527 992 577; x_wconf 83' lang='lat' dir='ltr'><strong>diagrammatis.</strong></span> <span class='ocrx_word' id='word_1_78' title='bbox 1050 526 1150 566; x_wconf 83' lang='lat' dir='ltr'><strong>Nam</strong></span> <span class='ocrx_word' id='word_1_79' title='bbox 1188 525 1298 564; x_wconf 89' lang='lat' dir='ltr'><strong>scala</strong></span> <span class='ocrx_word' id='word_1_80' title='bbox 1324 526 1473 563; x_wconf 88' lang='lat' dir='ltr'><strong>musica</strong></span> <span class='ocrx_word' id='word_1_81' title='bbox 1508 523 1624 564; x_wconf 86' lang='lat' dir='ltr'><strong>hodie</strong></span> <span class='ocrx_word' id='word_1_82' title='bbox 1662 527 1821 588; x_wconf 82' lang='lat' dir='ltr'><strong>incipit</strong></span> <span class='ocrx_word' id='word_1_83' title='bbox 1826 538 1853 567; x_wconf 87' lang='lat' dir='ltr'><strong>a</strong></span> 
     </span>
     <span class='ocr_line' id='line_1_9' title="bbox 72 583 1864 658; baseline 0.003 -38"><span class='ocrx_word' id='word_1_84' title='bbox 72 591 184 633; x_wconf 80' lang='lat' dir='ltr'><strong>voce</strong></span> <span class='ocrx_word' id='word_1_85' title='bbox 199 583 326 633; x_wconf 70' lang='lat' dir='ltr'><strong>rut,</strong></span> <span class='ocrx_word' id='word_1_86' title='bbox 365 595 436 624; x_wconf 88' lang='lat' dir='ltr'><strong>seu</strong></span> <span class='ocrx_word' id='word_1_87' title='bbox 469 583 685 633; x_wconf 78' lang='lat' dir='ltr'><strong>Gammut,</strong></span> <span class='ocrx_word' id='word_1_88' title='bbox 730 596 831 635; x_wconf 88' lang='lat' dir='ltr'><strong>quae</strong></span> <span class='ocrx_word' id='word_1_89' title='bbox 871 584 1016 624; x_wconf 85' lang='lat' dir='ltr'><strong>indicat</strong></span> <span class='ocrx_word' id='word_1_90' title='bbox 1048 583 1085 623; x_wconf 99' lang='lat' dir='ltr'><strong><em>G</em></strong></span> <span class='ocrx_word' id='word_1_91' title='bbox 1111 583 1353 635; x_wconf 75' lang='lat' dir='ltr'><strong>phthongum</strong></span> <span class='ocrx_word' id='word_1_92' title='bbox 1388 583 1684 658; x_wconf 79' lang='lat' dir='ltr'><strong>gravissimum3</strong></span> <span class='ocrx_word' id='word_1_93' title='bbox 1723 589 1769 623; x_wconf 92' lang='lat' dir='ltr'><strong>ut</strong></span> <span class='ocrx_word' id='word_1_94' title='bbox 1795 585 1864 625; x_wconf 81' lang='lat' dir='ltr'><strong>its&#39;·</strong></span> 
     </span>
     <span class='ocr_line' id='line_1_10' title="bbox 71 638 1103 695; baseline 0.003 -16"><span class='ocrx_word' id='word_1_95' title='bbox 71 638 266 690; x_wconf 65' lang='lat' dir='ltr'><strong>(hg-mnia</strong></span> <span class='ocrx_word' id='word_1_96' title='bbox 292 646 333 681; x_wconf 86' lang='lat' dir='ltr'><strong>et</strong></span> <span class='ocrx_word' id='word_1_97' title='bbox 360 653 516 692; x_wconf 81' lang='lat' dir='ltr'><strong>gamma</strong></span> <span class='ocrx_word' id='word_1_98' title='bbox 543 645 622 695; x_wconf 82' lang='lat' dir='ltr'><strong>sint</strong></span> <span class='ocrx_word' id='word_1_99' title='bbox 648 642 750 682; x_wconf 90' lang='lat' dir='ltr'><strong>idem</strong></span> <span class='ocrx_word' id='word_1_100' title='bbox 780 642 884 694; x_wconf 85' lang='lat' dir='ltr'><strong>quod</strong></span> <span class='ocrx_word' id='word_1_101' title='bbox 917 640 961 681; x_wconf 92' lang='lat' dir='ltr'>F</span> <span class='ocrx_word' id='word_1_102' title='bbox 985 646 1023 682; x_wconf 91' lang='lat' dir='ltr'><strong>et</strong></span> <span class='ocrx_word' id='word_1_103' title='bbox 1055 640 1103 682; x_wconf 89' lang='lat' dir='ltr'><strong>G.</strong></span> 
     </span>
    </p>

    <p class='ocr_par' dir='ltr' id='par_1_5' title="bbox 68 677 1851 983">
     <span class='ocr_line' id='line_1_11' title="bbox 182 677 1851 751; baseline 0.001 -13"><span class='ocrx_word' id='word_1_104' title='bbox 182 697 262 737; x_wconf 84' lang='lat' dir='ltr'><strong>Sed</strong></span> <span class='ocrx_word' id='word_1_105' title='bbox 290 704 332 739; x_wconf 89' lang='lat' dir='ltr'><strong>et</strong></span> <span class='ocrx_word' id='word_1_106' title='bbox 358 700 382 739; x_wconf 89' lang='lat' dir='ltr'><strong>b</strong></span> <span class='ocrx_word' id='word_1_107' title='bbox 411 701 451 738; x_wconf 91' lang='lat' dir='ltr'><strong>in</strong></span> <span class='ocrx_word' id='word_1_108' title='bbox 479 701 608 740; x_wconf 87' lang='lat' dir='ltr'><strong>mollis</strong></span> <span class='ocrx_word' id='word_1_109' title='bbox 639 705 774 740; x_wconf 88' lang='lat' dir='ltr'><strong>cautus</strong></span> <span class='ocrx_word' id='word_1_110' title='bbox 804 701 1082 751; x_wconf 73' lang='lat' dir='ltr'><strong>diagrammate</strong></span> <span class='ocrx_word' id='word_1_111' title='bbox 1111 701 1279 750; x_wconf 76' lang='lat' dir='ltr'><strong>pingitur</strong></span> <span class='ocrx_word' id='word_1_112' title='bbox 1303 700 1470 748; x_wconf 87' lang='lat' dir='ltr'><strong>insuper,</strong></span> <span class='ocrx_word' id='word_1_113' title='bbox 1501 679 1553 737; x_wconf 87' lang='lat' dir='ltr'><strong>ad</strong></span> <span class='ocrx_word' id='word_1_114' title='bbox 1582 677 1851 739; x_wconf 85' lang='lat' dir='ltr'><strong>discriminan-</strong></span> 
     </span>
     <span class='ocr_line' id='line_1_12' title="bbox 71 754 1850 809; baseline 0.002 -16"><span class='ocrx_word' id='word_1_115' title='bbox 71 754 162 794; x_wconf 82' lang='lat' dir='ltr'><strong>dum</strong></span> <span class='ocrx_word' id='word_1_116' title='bbox 188 758 311 806; x_wconf 73' lang='lat' dir='ltr'><strong>genus</strong></span> <span class='ocrx_word' id='word_1_117' title='bbox 341 763 602 808; x_wconf 81' lang='lat' dir='ltr'><strong>cantus,s1ve</strong></span> <span class='ocrx_word' id='word_1_118' title='bbox 624 760 669 797; x_wconf 91' lang='lat' dir='ltr'><strong>in</strong></span> <span class='ocrx_word' id='word_1_119' title='bbox 700 758 842 798; x_wconf 87' lang='lat' dir='ltr'><strong>lineam</strong></span> <span class='ocrx_word' id='word_1_120' title='bbox 862 764 1056 809; x_wconf 72' lang='lat' dir='ltr'><strong>competat</strong></span> <span class='ocrx_word' id='word_1_121' title='bbox 1085 759 1168 798; x_wconf 86' lang='lat' dir='ltr'><strong>sive</strong></span> <span class='ocrx_word' id='word_1_122' title='bbox 1199 760 1238 796; x_wconf 91' lang='lat' dir='ltr'><strong>in</strong></span> <span class='ocrx_word' id='word_1_123' title='bbox 1257 755 1524 806; x_wconf 77' lang='lat' dir='ltr'><strong>intervallum3</strong></span> <span class='ocrx_word' id='word_1_124' title='bbox 1554 757 1746 807; x_wconf 79' lang='lat' dir='ltr'><strong>significat</strong></span> <span class='ocrx_word' id='word_1_125' title='bbox 1765 758 1850 807; x_wconf 85' lang='lat' dir='ltr'><strong>ejus</strong></span> 
     </span>
     <span class='ocr_line' id='line_1_13' title="bbox 68 816 1850 867; baseline 0.002 -15"><span class='ocrx_word' id='word_1_126' title='bbox 68 816 288 863; x_wconf 79' lang='lat' dir='ltr'><strong>praesentia</strong></span> <span class='ocrx_word' id='word_1_127' title='bbox 316 819 472 857; x_wconf 84' lang='lat' dir='ltr'><strong>cantum</strong></span> <span class='ocrx_word' id='word_1_128' title='bbox 501 817 669 865; x_wconf 86' lang='lat' dir='ltr'><strong>mollem,</strong></span> <span class='ocrx_word' id='word_1_129' title='bbox 701 818 878 856; x_wconf 89' lang='lat' dir='ltr'><strong>absentia</strong></span> <span class='ocrx_word' id='word_1_130' title='bbox 899 817 1048 856; x_wconf 88' lang='lat' dir='ltr'><strong>durum.</strong></span> <span class='ocrx_word' id='word_1_131' title='bbox 1108 817 1161 854; x_wconf 84' lang='lat' dir='ltr'><strong>At</strong></span> <span class='ocrx_word' id='word_1_132' title='bbox 1179 827 1256 855; x_wconf 89' lang='lat' dir='ltr'><strong>non</strong></span> <span class='ocrx_word' id='word_1_133' title='bbox 1286 816 1363 854; x_wconf 88' lang='lat' dir='ltr'><strong>boc</strong></span> <span class='ocrx_word' id='word_1_134' title='bbox 1382 819 1552 866; x_wconf 78' lang='lat' dir='ltr'><strong>tantum,-</strong></span> <span class='ocrx_word' id='word_1_135' title='bbox 1574 826 1706 867; x_wconf 79' lang='lat' dir='ltr'><strong>verum</strong></span> <span class='ocrx_word' id='word_1_136' title='bbox 1732 817 1850 855; x_wconf 89' lang='lat' dir='ltr'><strong>etiam</strong></span> 
     </span>
     <span class='ocr_line' id='line_1_14' title="bbox 69 864 1850 926; baseline 0.002 -17"><span class='ocrx_word' id='word_1_137' title='bbox 69 873 107 909; x_wconf 87' lang='lat' dir='ltr'><strong>in</strong></span> <span class='ocrx_word' id='word_1_138' title='bbox 135 871 224 911; x_wconf 82' lang='lat' dir='ltr'><strong>aliis</strong></span> <span class='ocrx_word' id='word_1_139' title='bbox 250 872 366 912; x_wconf 87' lang='lat' dir='ltr'><strong>lineis</strong></span> <span class='ocrx_word' id='word_1_140' title='bbox 395 875 460 914; x_wconf 78' lang='lat' dir='ltr'><strong>vel</strong></span> <span class='ocrx_word' id='word_1_141' title='bbox 488 875 723 923; x_wconf 83' lang='lat' dir='ltr'><strong>intervallis,</strong></span> <span class='ocrx_word' id='word_1_142' title='bbox 761 887 862 926; x_wconf 84' lang='lat' dir='ltr'><strong>quae</strong></span> <span class='ocrx_word' id='word_1_143' title='bbox 892 887 969 914; x_wconf 90' lang='grc' dir='ltr'><strong>ιιοιι</strong></span> <span class='ocrx_word' id='word_1_144' title='bbox 1000 879 1089 913; x_wconf 88' lang='lat' dir='ltr'><strong>sunt</strong></span> <span class='ocrx_word' id='word_1_145' title='bbox 1120 874 1222 913; x_wconf 87' lang='lat' dir='ltr'><strong>clavi</strong></span> <span class='ocrx_word' id='word_1_146' title='bbox 1252 874 1276 913; x_wconf 92' lang='lat' dir='ltr'><strong>b</strong></span> <span class='ocrx_word' id='word_1_147' title='bbox 1305 874 1461 921; x_wconf 86' lang='lat' dir='ltr'><strong>tributa,</strong></span> <span class='ocrx_word' id='word_1_148' title='bbox 1491 874 1679 923; x_wconf 87' lang='lat' dir='ltr'><strong>reperitur</strong></span> <span class='ocrx_word' id='word_1_149' title='bbox 1704 864 1850 912; x_wconf 85' lang='lat' dir='ltr'><strong>nihilo-</strong></span> 
     </span>
     <span class='ocr_line' id='line_1_15' title="bbox 68 923 1849 983; baseline 0.001 -15"><span class='ocrx_word' id='word_1_150' title='bbox 68 927 191 968; x_wconf 75' lang='lat' dir='ltr'><strong>minus</strong></span> <span class='ocrx_word' id='word_1_151' title='bbox 220 936 278 970; x_wconf 84' lang='lat' dir='ltr'><strong>et-</strong></span> <span class='ocrx_word' id='word_1_152' title='bbox 288 927 411 970; x_wconf 81' lang='lat' dir='ltr'><strong>abusu</strong></span> <span class='ocrx_word' id='word_1_153' title='bbox 441 923 609 983; x_wconf 86' lang='lat' dir='ltr'><strong>quodam</strong></span> <span class='ocrx_word' id='word_1_154' title='bbox 637 935 823 983; x_wconf 83' lang='lat' dir='ltr'><strong>repetitur</strong></span> <span class='ocrx_word' id='word_1_155' title='bbox 848 934 963 972; x_wconf 83' lang='lat' dir='ltr'><strong>litera</strong></span> <span class='ocrx_word' id='word_1_156' title='bbox 980 933 1004 972; x_wconf 89' lang='lat' dir='ltr'><strong>b</strong></span> <span class='ocrx_word' id='word_1_157' title='bbox 1032 943 1104 983; x_wconf 88' lang='lat' dir='ltr'><strong>pro</strong></span> <span class='ocrx_word' id='word_1_158' title='bbox 1121 934 1233 982; x_wconf 89' lang='lat' dir='ltr'><strong>signo</strong></span> <span class='ocrx_word' id='word_1_159' title='bbox 1253 932 1446 971; x_wconf 86' lang='lat' dir='ltr'><strong>semitonii</strong></span> <span class='ocrx_word' id='word_1_160' title='bbox 1475 933 1545 974; x_wconf 81' lang='lat' dir='ltr'><strong>seu&#39;</strong></span> <span class='ocrx_word' id='word_1_161' title='bbox 1565 931 1751 983; x_wconf 72' lang='lat' dir='ltr'><strong>syllabae</strong></span> <span class='ocrx_word' id='word_1_162' title='bbox 1762 931 1849 971; x_wconf 74' lang='grc' dir='ltr'><strong>ΡΑ.</strong></span> 
     </span>
    </p>

    <p class='ocr_par' dir='ltr' id='par_1_6' title="bbox 57 987 1858 1158">
     <span class='ocr_line' id='line_1_16' title="bbox 180 987 1850 1040; baseline 0.002 -13"><span class='ocrx_word' id='word_1_163' title='bbox 180 987 336 1039; x_wconf 84' lang='lat' dir='ltr'><strong>Contra-</strong></span> <span class='ocrx_word' id='word_1_164' title='bbox 360 990 517 1040; x_wconf 88' lang='lat' dir='ltr'><strong>qnando</strong></span> <span class='ocrx_word' id='word_1_165' title='bbox 547 991 848 1032; x_wconf 78' lang='lat' dir='ltr'><strong>extraordinarie</strong></span> <span class='ocrx_word' id='word_1_166' title='bbox 891 992 1136 1031; x_wconf 87' lang='lat' dir='ltr'><strong>semitonium</strong></span> <span class='ocrx_word' id='word_1_167' title='bbox 1162 992 1345 1030; x_wconf 78' lang='lat' dir='ltr'><strong>statuitur</strong></span> <span class='ocrx_word' id='word_1_168' title='bbox 1382 989 1469 1028; x_wconf 91' lang='lat' dir='ltr'><strong>loco</strong></span> <span class='ocrx_word' id='word_1_169' title='bbox 1503 989 1602 1028; x_wconf 70' lang='grc' dir='ltr'><strong>κιιιῑΔ</strong></span> <span class='ocrx_word' id='word_1_170' title='bbox 1628 996 1676 1029; x_wconf 87' lang='lat' dir='ltr'><strong>et</strong></span> <span class='ocrx_word' id='word_1_171' title='bbox 1696 989 1850 1040; x_wconf 85' lang='lat' dir='ltr'><strong>syllaba</strong></span> 
     </span>
     <span class='ocr_line' id='line_1_17' title="bbox 68 1043 1853 1136; baseline 0.003 -53"><span class='ocrx_word' id='word_1_172' title='bbox 68 1044 129 1083; x_wconf 67' lang='lat' dir='ltr'><strong>Ma·</strong></span> <span class='ocrx_word' id='word_1_173' title='bbox 164 1044 251 1085; x_wconf 90' lang='lat' dir='ltr'><strong>loco</strong></span> <span class='ocrx_word' id='word_1_174' title='bbox 301 1047 477 1099; x_wconf 76' lang='lat' dir='ltr'><strong>syllabae</strong></span> <span class='ocrx_word' id='word_1_175' title='bbox 509 1047 594 1097; x_wconf 86' lang='lat' dir='ltr'><strong>Fa,</strong></span> <span class='ocrx_word' id='word_1_176' title='bbox 635 1055 725 1088; x_wconf 89' lang='lat' dir='ltr'><strong>tunc</strong></span> <span class='ocrx_word' id='word_1_177' title='bbox 766 1055 882 1089; x_wconf 86' lang='lat' dir='ltr'><strong>notae</strong></span> <span class='ocrx_word' id='word_1_178' title='bbox 920 1050 1177 1100; x_wconf 89' lang='lat' dir='ltr'><strong>praemittitur</strong></span> <span class='ocrx_word' id='word_1_179' title='bbox 1214 1048 1326 1087; x_wconf 87' lang='lat' dir='ltr'><strong>litera</strong></span> <span class='ocrx_word' id='word_1_180' title='bbox 1339 1046 1378 1136; x_wconf 62' lang='lat' dir='ltr'><strong>E1)</strong></span> <span class='ocrx_word' id='word_1_181' title='bbox 1412 1052 1481 1086; x_wconf 90' lang='lat' dir='ltr'><strong>aut</strong></span> <span class='ocrx_word' id='word_1_182' title='bbox 1519 1043 1673 1098; x_wconf 82' lang='lat' dir='ltr'><strong>signnm</strong></span> <span class='ocrx_word' id='word_1_183' title='bbox 1711 1048 1763 1086; x_wconf 89' lang='lat' dir='ltr'><strong>ab</strong></span> <span class='ocrx_word' id='word_1_184' title='bbox 1802 1056 1853 1088; x_wconf 82' lang='lat' dir='ltr'><strong>ea</strong></span> 
     </span>
     <span class='ocr_line' id='line_1_18' title="bbox 57 1101 1858 1158; baseline 0.001 -16"><span class='ocrx_word' id='word_1_185' title='bbox 57 1102 304 1145; x_wconf 64' lang='lat' dir='ltr'><strong>derivatum</strong></span> <span class='ocrx_word' id='word_1_186' title='bbox 335 1106 453 1145; x_wconf 84' lang='lat' dir='ltr'><strong>-Nam</strong></span> <span class='ocrx_word' id='word_1_187' title='bbox 490 1112 666 1146; x_wconf 85' lang='lat' dir='ltr'><strong>veteres</strong></span> <span class='ocrx_word' id='word_1_188' title='bbox 675 1108 810 1158; x_wconf 87' lang='lat' dir='ltr'><strong>procul</strong></span> <span class='ocrx_word' id='word_1_189' title='bbox 854 1108 973 1147; x_wconf 89' lang='lat' dir='ltr'><strong>dubio</strong></span> <span class='ocrx_word' id='word_1_190' title='bbox 1005 1110 1061 1147; x_wconf 87' lang='lat' dir='ltr'><strong>sic</strong></span> <span class='ocrx_word' id='word_1_191' title='bbox 1104 1101 1362 1158; x_wconf 63' lang='lat' dir='ltr'><strong>pingebantfl</strong></span> <span class='ocrx_word' id='word_1_192' title='bbox 1339 1118 1386 1155; x_wconf 83' lang='lat'><strong>..3</strong></span> <span class='ocrx_word' id='word_1_193' title='bbox 1432 1110 1471 1144; x_wconf 91' lang='lat' dir='ltr'><strong>et</strong></span> <span class='ocrx_word' id='word_1_194' title='bbox 1513 1117 1583 1157; x_wconf 90' lang='lat' dir='ltr'><strong>pro</strong></span> <span class='ocrx_word' id='word_1_195' title='bbox 1626 1116 1683 1144; x_wconf 90' lang='lat' dir='ltr'><strong>eo</strong></span> <span class='ocrx_word' id='word_1_196' title='bbox 1715 1117 1786 1144; x_wconf 88' lang='lat' dir='ltr'><strong>uos</strong></span> <span class='ocrx_word' id='word_1_197' title='bbox 1823 1103 1858 1150; x_wconf 60' lang='grc' dir='ltr'><strong>ιζ’</strong></span> 
     </span>
    </p>

    <p class='ocr_par' dir='ltr' id='par_1_7' title="bbox 34 1151 1884 1332">
     <span class='ocr_line' id='line_1_19' title="bbox 67 1151 1849 1214; baseline -0.002 -8.915"><span class='ocrx_word' id='word_1_198' title='bbox 67 1151 193 1209; x_wconf 43' lang='lat' dir='ltr'><strong>veh}</strong></span> <span class='ocrx_word' id='word_1_199' title='bbox 229 1163 351 1212; x_wconf 71' lang='lat' dir='ltr'><strong>quod.</strong></span> <span class='ocrx_word' id='word_1_200' title='bbox 365 1163 566 1204; x_wconf 83' lang='lat' dir='ltr'><strong>Galilaeus</strong></span> <span class='ocrx_word' id='word_1_201' title='bbox 596 1162 696 1213; x_wconf 76' lang='lat' dir='ltr'><strong>idem</strong></span> <span class='ocrx_word' id='word_1_202' title='bbox 725 1165 860 1205; x_wconf 85' lang='lat' dir='ltr'><strong>lectori</strong></span> <span class='ocrx_word' id='word_1_203' title='bbox 890 1166 1015 1205; x_wconf 78' lang='lat' dir='ltr'><strong>dicere</strong></span> <span class='ocrx_word' id='word_1_204' title='bbox 1045 1161 1147 1205; x_wconf 81' lang='lat' dir='ltr'><strong>velle</strong></span> <span class='ocrx_word' id='word_1_205' title='bbox 1182 1165 1397 1212; x_wconf 84' lang='lat' dir='ltr'><strong>existimat,</strong></span> <span class='ocrx_word' id='word_1_206' title='bbox 1436 1162 1542 1213; x_wconf 88' lang='lat' dir='ltr'><strong>quod</strong></span> <span class='ocrx_word' id='word_1_207' title='bbox 1578 1163 1697 1203; x_wconf 84' lang='grc' dir='ltr'><strong>οΙίιιι</strong></span> <span class='ocrx_word' id='word_1_208' title='bbox 1708 1174 1849 1214; x_wconf 81' lang='lat' dir='ltr'><strong>graeca</strong></span> 
     </span>
     <span class='ocr_line' id='line_1_20' title="bbox 34 1210 1884 1275; baseline 0.002 -18"><span class='ocrx_word' id='word_1_209' title='bbox 34 1231 38 1233; x_wconf 62' lang='grc'><strong><em>’</em></strong></span> <span class='ocrx_word' id='word_1_210' title='bbox 67 1229 146 1260; x_wconf 82' lang='lat' dir='ltr'><strong>vox</strong></span> <span class='ocrx_word' id='word_1_211' title='bbox 176 1218 437 1272; x_wconf 80' lang='lat' dir='ltr'><strong>diaschisma3</strong></span> <span class='ocrx_word' id='word_1_212' title='bbox 467 1225 563 1262; x_wconf 87' lang='lat' dir='ltr'><strong>satis</strong></span> <span class='ocrx_word' id='word_1_213' title='bbox 594 1226 711 1263; x_wconf 88' lang='lat' dir='ltr'><strong>enim</strong></span> <span class='ocrx_word' id='word_1_214' title='bbox 735 1224 933 1263; x_wconf 84' lang='lat' dir='ltr'><strong>evidenter</strong></span> <span class='ocrx_word' id='word_1_215' title='bbox 961 1224 1137 1266; x_wconf 85' lang='lat' dir='ltr'><strong>fissuram</strong></span> <span class='ocrx_word' id='word_1_216' title='bbox 1167 1223 1346 1273; x_wconf 84' lang='lat' dir='ltr'><strong>exprimit</strong></span> <span class='ocrx_word' id='word_1_217' title='bbox 1383 1226 1421 1260; x_wconf 90' lang='lat' dir='ltr'><strong>et</strong></span> <span class='ocrx_word' id='word_1_218' title='bbox 1450 1220 1595 1275; x_wconf 81' lang='lat' dir='ltr'><strong>indicat</strong></span> <span class='ocrx_word' id='word_1_219' title='bbox 1613 1210 1735 1263; x_wconf 81' lang='lat' dir='ltr'><strong>‚nobis</strong></span> <span class='ocrx_word' id='word_1_220' title='bbox 1774 1222 1847 1275; x_wconf 83' lang='lat' dir='ltr'><strong>ab·</strong></span> <span class='ocrx_word' id='word_1_221' title='bbox 1868 1238 1884 1266; x_wconf 66' lang='lat' dir='ltr'>j</span> 
     </span>
     <span class='ocr_line' id='line_1_21' title="bbox 68 1278 1538 1341; baseline 0.001 -26"><span class='ocrx_word' id='word_1_222' title='bbox 68 1278 274 1318; x_wconf 67' lang='lat' dir='ltr'><strong>scissiones</strong></span> <span class='ocrx_word' id='word_1_223' title='bbox 303 1281 609 1329; x_wconf 88' lang='lat' dir='ltr'><strong>semitoniorum,</strong></span> <span class='ocrx_word' id='word_1_224' title='bbox 641 1281 689 1324; x_wconf 90' lang='lat' dir='ltr'><strong>de</strong></span> <span class='ocrx_word' id='word_1_225' title='bbox 719 1280 859 1332; x_wconf 87' lang='lat' dir='ltr'><strong>quibus</strong></span> <span class='ocrx_word' id='word_1_226' title='bbox 889 1280 1038 1341; x_wconf 81' lang='lat' dir='ltr'><strong>egimus</strong></span> <span class='ocrx_word' id='word_1_227' title='bbox 1068 1283 1193 1332; x_wconf 83' lang='lat' dir='ltr'><strong>eapite</strong></span> <span class='ocrx_word' id='word_1_228' title='bbox 1222 1279 1469 1331; x_wconf 90' lang='lat' dir='ltr'><strong>praecedenti</strong></span> <span class='ocrx_word' id='word_1_229' title='bbox 1500 1278 1538 1320; x_wconf 90' lang='grc'>8</span> 
     </span>
    </p>

    <p class='ocr_par' dir='ltr' id='par_1_8' title="bbox 34 1330 1847 2258">
     <span class='ocr_line' id='line_1_22' title="bbox 177 1330 1847 1399; baseline 0.001 -26"><span class='ocrx_word' id='word_1_230' title='bbox 177 1336 233 1374; x_wconf 91' lang='lat' dir='ltr'><strong>In</strong></span> <span class='ocrx_word' id='word_1_231' title='bbox 260 1332 473 1377; x_wconf 75' lang='lat' dir='ltr'><strong>manubriis</strong></span> <span class='ocrx_word' id='word_1_232' title='bbox 510 1344 706 1378; x_wconf 84' lang='lat' dir='ltr'><strong>tensorum</strong></span> <span class='ocrx_word' id='word_1_233' title='bbox 743 1351 973 1399; x_wconf 84' lang='lat' dir='ltr'><strong>organorum</strong></span> <span class='ocrx_word' id='word_1_234' title='bbox 1011 1351 1090 1381; x_wconf 90' lang='lat' dir='ltr'><strong>non</strong></span> <span class='ocrx_word' id='word_1_235' title='bbox 1119 1340 1393 1379; x_wconf 84' lang='lat' dir='ltr'><strong>committimus</strong></span> <span class='ocrx_word' id='word_1_236' title='bbox 1426 1338 1527 1377; x_wconf 88' lang='lat' dir='ltr'><strong>banc</strong></span> <span class='ocrx_word' id='word_1_237' title='bbox 1553 1330 1847 1388; x_wconf 80' lang='lat' dir='ltr'><strong>ambiguitatem</strong></span> 
     </span>
     <span class='ocr_line' id='line_1_23' title="bbox 64 1390 1847 1448; baseline 0.002 -17"><span class='ocrx_word' id='word_1_238' title='bbox 64 1403 151 1431; x_wconf 89' lang='lat' dir='ltr'><strong>cum</strong></span> <span class='ocrx_word' id='word_1_239' title='bbox 179 1393 292 1434; x_wconf 87' lang='lat' dir='ltr'><strong>litera</strong></span> <span class='ocrx_word' id='word_1_240' title='bbox 319 1395 364 1443; x_wconf 80' lang='lat' dir='ltr'><strong>b,</strong></span> <span class='ocrx_word' id='word_1_241' title='bbox 392 1396 480 1436; x_wconf 80' lang='lat' dir='ltr'><strong>lo‘co</strong></span> <span class='ocrx_word' id='word_1_242' title='bbox 510 1409 563 1436; x_wconf 91' lang='lat' dir='ltr'><strong>sc.</strong></span> <span class='ocrx_word' id='word_1_243' title='bbox 577 1409 672 1436; x_wconf 91' lang='lat' dir='ltr'><strong>·non</strong></span> <span class='ocrx_word' id='word_1_244' title='bbox 701 1409 785 1437; x_wconf 87' lang='lat' dir='ltr'><strong>suo.</strong></span> <span class='ocrx_word' id='word_1_245' title='bbox 845 1390 943 1437; x_wconf 87' lang='lat' dir='ltr'><strong>Nam</strong></span> <span class='ocrx_word' id='word_1_246' title='bbox 973 1400 1097 1448; x_wconf 88' lang='lat' dir='ltr'><strong>primo</strong></span> <span class='ocrx_word' id='word_1_247' title='bbox 1128 1409 1260 1437; x_wconf 88' lang='lat' dir='ltr'><strong>omues</strong></span> <span class='ocrx_word' id='word_1_248' title='bbox 1290 1397 1420 1436; x_wconf 84' lang='lat' dir='ltr'><strong>claves</strong></span> <span class='ocrx_word' id='word_1_249' title='bbox 1450 1407 1517 1435; x_wconf 83' lang='lat' dir='ltr'><strong>seu</strong></span> <span class='ocrx_word' id='word_1_250' title='bbox 1548 1396 1750 1435; x_wconf 87' lang='lat' dir='ltr'><strong>manubria</strong></span> <span class='ocrx_word' id='word_1_251' title='bbox 1779 1407 1847 1434; x_wconf 88' lang='lat' dir='ltr'><strong>so-</strong></span> 
     </span>
     <span class='ocr_line' id='line_1_24' title="bbox 61 1452 1844 1505; baseline 0.002 -17"><span class='ocrx_word' id='word_1_252' title='bbox 61 1458 199 1490; x_wconf 82' lang='lat' dir='ltr'><strong>norum</strong></span> <span class='ocrx_word' id='word_1_253' title='bbox 226 1452 396 1503; x_wconf 76' lang='lat' dir='ltr'><strong>morum,</strong></span> <span class='ocrx_word' id='word_1_254' title='bbox 435 1456 502 1505; x_wconf 87' lang='lat' dir='ltr'><strong>qui</strong></span> <span class='ocrx_word' id='word_1_255' title='bbox 539 1458 823 1497; x_wconf 81' lang='lat' dir='ltr'><strong>constituuntur</strong></span> <span class='ocrx_word' id='word_1_256' title='bbox 859 1457 1043 1495; x_wconf 82' lang='lat' dir='ltr'><strong>abscissis</strong></span> <span class='ocrx_word' id='word_1_257' title='bbox 1082 1457 1296 1495; x_wconf 82' lang='lat' dir='ltr'><strong>semitoniis</strong></span> <span class='ocrx_word' id='word_1_258' title='bbox 1334 1467 1359 1494; x_wconf 94' lang='lat' dir='ltr'><strong>a</strong></span> <span class='ocrx_word' id='word_1_259' title='bbox 1397 1459 1491 1493; x_wconf 91' lang='lat' dir='ltr'><strong>tono</strong></span> <span class='ocrx_word' id='word_1_260' title='bbox 1534 1459 1574 1493; x_wconf 88' lang='lat' dir='ltr'><strong>et</strong></span> <span class='ocrx_word' id='word_1_261' title='bbox 1602 1455 1670 1504; x_wconf 88' lang='lat' dir='ltr'><strong>qui</strong></span> <span class='ocrx_word' id='word_1_262' title='bbox 1700 1458 1844 1503; x_wconf 86' lang='lat' dir='ltr'><strong>augent</strong></span> 
     </span>
     <span class='ocr_line' id='line_1_25' title="bbox 62 1508 1846 1564; baseline 0.002 -18"><span class='ocrx_word' id='word_1_263' title='bbox 62 1519 260 1549; x_wconf 84' lang='lat' dir='ltr'><strong>numerum</strong></span> <span class='ocrx_word' id='word_1_264' title='bbox 298 1514 536 1552; x_wconf 84' lang='lat' dir='ltr'><strong>octonarium</strong></span> <span class='ocrx_word' id='word_1_265' title='bbox 574 1516 794 1564; x_wconf 83' lang='lat' dir='ltr'><strong>systematis</strong></span> <span class='ocrx_word' id='word_1_266' title='bbox 832 1519 1013 1561; x_wconf 85' lang='lat' dir='ltr'><strong>octavae,</strong></span> <span class='ocrx_word' id='word_1_267' title='bbox 1059 1519 1098 1552; x_wconf 94' lang='lat' dir='ltr'><strong>et</strong></span> <span class='ocrx_word' id='word_1_268' title='bbox 1137 1508 1346 1553; x_wconf 82' lang='lat' dir='ltr'><strong>eminentia</strong></span> <span class='ocrx_word' id='word_1_269' title='bbox 1384 1516 1495 1559; x_wconf 87' lang='lat' dir='ltr'><strong>sunt,</strong></span> <span class='ocrx_word' id='word_1_270' title='bbox 1544 1515 1615 1550; x_wconf 89' lang='lat' dir='ltr'><strong>sen&#39;</strong></span> <span class='ocrx_word' id='word_1_271' title='bbox 1653 1513 1846 1551; x_wconf 86' lang='lat' dir='ltr'><strong>exstantia</strong></span> 
     </span>
     <span class='ocr_line' id='line_1_26' title="bbox 60 1567 1846 1622; baseline 0.002 -17"><span class='ocrx_word' id='word_1_272' title='bbox 60 1578 177 1617; x_wconf 85' lang='lat' dir='ltr'><strong>supra</strong></span> <span class='ocrx_word' id='word_1_273' title='bbox 204 1569 406 1608; x_wconf 86' lang='lat' dir='ltr'><strong>manubria</strong></span> <span class='ocrx_word' id='word_1_274' title='bbox 422 1567 662 1622; x_wconf 83' lang='lat' dir='ltr'><strong>principalia</strong></span> <span class='ocrx_word' id='word_1_275' title='bbox 690 1572 819 1621; x_wconf 88' lang='lat' dir='ltr'><strong>plana,</strong></span> <span class='ocrx_word' id='word_1_276' title='bbox 850 1578 889 1610; x_wconf 90' lang='lat' dir='ltr'><strong>et</strong></span> <span class='ocrx_word' id='word_1_277' title='bbox 917 1574 1028 1622; x_wconf 91' lang='lat' dir='ltr'><strong>nigra</strong></span> <span class='ocrx_word' id='word_1_278' title='bbox 1057 1571 1205 1621; x_wconf 83' lang='lat' dir='ltr'><strong>colore3</strong></span> <span class='ocrx_word' id='word_1_279' title='bbox 1237 1571 1374 1610; x_wconf 87' lang='lat' dir='ltr'><strong>deinde</strong></span> <span class='ocrx_word' id='word_1_280' title='bbox 1401 1569 1562 1609; x_wconf 86' lang='lat' dir='ltr'><strong>cuilibet</strong></span> <span class='ocrx_word' id='word_1_281' title='bbox 1578 1572 1713 1619; x_wconf 86' lang='lat' dir='ltr'><strong>nigrae</strong></span> <span class='ocrx_word' id='word_1_282' title='bbox 1744 1569 1846 1608; x_wconf 84' lang='lat' dir='ltr'><strong>elavi</strong></span> 
     </span>
     <span class='ocr_line' id='line_1_27' title="bbox 34 1625 1843 1681; baseline 0.003 -19"><span class='ocrx_word' id='word_1_283' title='bbox 34 1625 279 1680; x_wconf 71' lang='lat' dir='ltr'><strong>inscribitur</strong></span> <span class='ocrx_word' id='word_1_284' title='bbox 304 1625 419 1678; x_wconf 67' lang='lat' dir='ltr'><strong>{itera</strong></span> <span class='ocrx_word' id='word_1_285' title='bbox 446 1631 596 1668; x_wconf 85' lang='lat' dir='ltr'><strong>vicinae</strong></span> <span class='ocrx_word' id='word_1_286' title='bbox 627 1630 760 1678; x_wconf 88' lang='lat' dir='ltr'><strong>clavis,</strong></span> <span class='ocrx_word' id='word_1_287' title='bbox 792 1629 860 1668; x_wconf 91' lang='lat' dir='ltr'><strong>sed</strong></span> <span class='ocrx_word' id='word_1_288' title='bbox 891 1630 1054 1669; x_wconf 87' lang='lat' dir='ltr'><strong>caudata</strong></span> <span class='ocrx_word' id='word_1_289' title='bbox 1083 1629 1134 1668; x_wconf 89' lang='lat' dir='ltr'><strong>ad</strong></span> <span class='ocrx_word' id='word_1_290' title='bbox 1166 1630 1453 1668; x_wconf 86' lang='lat' dir='ltr'><strong>distinctionem</strong></span> <span class='ocrx_word' id='word_1_291' title='bbox 1483 1629 1664 1677; x_wconf 88' lang='lat' dir='ltr'><strong>(excepto</strong></span> <span class='ocrx_word' id='word_1_292' title='bbox 1686 1625 1725 1681; x_wconf 77' lang='lat'><strong>1),</strong></span> <span class='ocrx_word' id='word_1_293' title='bbox 1755 1627 1843 1667; x_wconf 86' lang='lat' dir='ltr'><strong>loco</strong></span> 
     </span>
     <span class='ocr_line' id='line_1_28' title="bbox 62 1683 1845 1737; baseline 0.002 -17"><span class='ocrx_word' id='word_1_294' title='bbox 62 1683 172 1732; x_wconf 85' lang='lat' dir='ltr'><strong>cnjus</strong></span> <span class='ocrx_word' id='word_1_295' title='bbox 200 1683 224 1722; x_wconf 86' lang='lat' dir='ltr'><strong>b</strong></span> <span class='ocrx_word' id='word_1_296' title='bbox 253 1685 418 1734; x_wconf 82' lang='lat' dir='ltr'><strong>simplex</strong></span> <span class='ocrx_word' id='word_1_297' title='bbox 446 1688 579 1736; x_wconf 83' lang='lat' dir='ltr'><strong>nigrae</strong></span> <span class='ocrx_word' id='word_1_298' title='bbox 599 1687 701 1726; x_wconf 85' lang='lat' dir='ltr'><strong>clavi</strong></span> <span class='ocrx_word' id='word_1_299' title='bbox 730 1689 922 1737; x_wconf 82' lang='lat' dir='ltr'><strong>ponitur),</strong></span> <span class='ocrx_word' id='word_1_300' title='bbox 961 1694 1000 1727; x_wconf 89' lang='lat' dir='ltr'><strong>et</strong></span> <span class='ocrx_word' id='word_1_301' title='bbox 1029 1687 1375 1737; x_wconf 31' lang='lat' dir='ltr'><strong>cauda-significat</strong></span> <span class='ocrx_word' id='word_1_302' title='bbox 1404 1697 1540 1725; x_wconf 82' lang='lat' dir='ltr'><strong>vocem</strong></span> <span class='ocrx_word' id='word_1_303' title='bbox 1569 1685 1764 1734; x_wconf 86' lang='lat' dir='ltr'><strong>altiorem,</strong></span> <span class='ocrx_word' id='word_1_304' title='bbox 1800 1691 1845 1724; x_wconf 91' lang='lat' dir='ltr'><strong>nt</strong></span> 
     </span>
     <span class='ocr_line' id='line_1_29' title="bbox 57 1739 1844 1797; baseline 0.001 -16"><span class='ocrx_word' id='word_1_305' title='bbox 57 1739 89 1790; x_wconf 65' lang='lat' dir='ltr'><strong>t}</strong></span> <span class='ocrx_word' id='word_1_306' title='bbox 116 1741 175 1791; x_wconf 76' lang='grc' dir='ltr'><strong>Ῑρ,</strong></span> <span class='ocrx_word' id='word_1_307' title='bbox 204 1754 243 1790; x_wconf 85' lang='grc'><strong>9,</strong></span> <span class='ocrx_word' id='word_1_308' title='bbox 271 1743 403 1795; x_wconf 75' lang='grc' dir='ltr'><strong>9ρ,,ὁ,</strong></span> <span class='ocrx_word' id='word_1_309' title='bbox 432 1742 467 1797; x_wconf 77' lang='lat'><strong>1),</strong></span> <span class='ocrx_word' id='word_1_310' title='bbox 497 1756 533 1796; x_wconf 78' lang='lat' dir='ltr'><strong>s,</strong></span> <span class='ocrx_word' id='word_1_311' title='bbox 562 1757 618 1795; x_wconf 78' lang='grc' dir='ltr'><strong>ορ,</strong></span> <span class='ocrx_word' id='word_1_312' title='bbox 649 1745 686 1793; x_wconf 85' lang='lat' dir='ltr'><strong>d,</strong></span> <span class='ocrx_word' id='word_1_313' title='bbox 718 1745 782 1795; x_wconf 73' lang='lat' dir='ltr'><strong>dp,</strong></span> <span class='ocrx_word' id='word_1_314' title='bbox 814 1745 882 1784; x_wconf 87' lang='lat' dir='ltr'><strong>sed</strong></span> <span class='ocrx_word' id='word_1_315' title='bbox 912 1747 1010 1784; x_wconf 89' lang='lat' dir='ltr'><strong>inter</strong></span> <span class='ocrx_word' id='word_1_316' title='bbox 1036 1747 1079 1797; x_wconf 86' lang='grc' dir='ltr'><strong>Γ,</strong></span> <span class='ocrx_word' id='word_1_317' title='bbox 1107 1747 1172 1796; x_wconf 85' lang='grc' dir='ltr'><strong>Γρ,</strong></span> <span class='ocrx_word' id='word_1_318' title='bbox 1203 1757 1247 1795; x_wconf 91' lang='grc'><strong>9,</strong></span> <span class='ocrx_word' id='word_1_319' title='bbox 1277 1757 1350 1796; x_wconf 69' lang='grc' dir='ltr'><strong>9ρ,</strong></span> <span class='ocrx_word' id='word_1_320' title='bbox 1382 1753 1426 1792; x_wconf 82' lang='lat' dir='ltr'><strong>c,</strong></span> <span class='ocrx_word' id='word_1_321' title='bbox 1454 1755 1500 1794; x_wconf 77' lang='grc' dir='ltr'><strong>ορ</strong></span> <span class='ocrx_word' id='word_1_322' title='bbox 1531 1748 1591 1782; x_wconf 89' lang='lat' dir='ltr'><strong>est</strong></span> <span class='ocrx_word' id='word_1_323' title='bbox 1620 1743 1774 1791; x_wconf 87' lang='lat' dir='ltr'><strong>lemma,</strong></span> <span class='ocrx_word' id='word_1_324' title='bbox 1805 1749 1844 1783; x_wconf 92' lang='lat' dir='ltr'><strong>et</strong></span> 
     </span>
     <span class='ocr_line' id='line_1_30' title="bbox 59 1798 1841 1855; baseline 0.002 -20"><span class='ocrx_word' id='word_1_325' title='bbox 59 1799 157 1836; x_wconf 83' lang='lat' dir='ltr'><strong>inter</strong></span> <span class='ocrx_word' id='word_1_326' title='bbox 185 1798 231 1845; x_wconf 87' lang='lat' dir='ltr'><strong>b,</strong></span> <span class='ocrx_word' id='word_1_327' title='bbox 261 1798 286 1851; x_wconf 72' lang='lat'><strong>1&gt;</strong></span> <span class='ocrx_word' id='word_1_328' title='bbox 316 1799 451 1849; x_wconf 86' lang='lat' dir='ltr'><strong>diesis,</strong></span> <span class='ocrx_word' id='word_1_329' title='bbox 482 1803 581 1841; x_wconf 89' lang='lat' dir='ltr'><strong>inter</strong></span> <span class='ocrx_word' id='word_1_330' title='bbox 610 1802 766 1842; x_wconf 85' lang='lat' dir='ltr'><strong>easdem</strong></span> <span class='ocrx_word' id='word_1_331' title='bbox 797 1813 850 1841; x_wconf 91' lang='lat' dir='ltr'><strong>sc.</strong></span> <span class='ocrx_word' id='word_1_332' title='bbox 881 1803 1030 1852; x_wconf 85' lang='lat' dir='ltr'><strong>literas,</strong></span> <span class='ocrx_word' id='word_1_333' title='bbox 1073 1805 1175 1855; x_wconf 89' lang='lat' dir='ltr'><strong>sicut</strong></span> <span class='ocrx_word' id='word_1_334' title='bbox 1203 1804 1320 1841; x_wconf 88' lang='lat' dir='ltr'><strong>etiam</strong></span> <span class='ocrx_word' id='word_1_335' title='bbox 1350 1813 1482 1841; x_wconf 88' lang='lat' dir='ltr'><strong>earum</strong></span> <span class='ocrx_word' id='word_1_336' title='bbox 1511 1802 1627 1840; x_wconf 87' lang='lat' dir='ltr'><strong>binae</strong></span> <span class='ocrx_word' id='word_1_337' title='bbox 1657 1813 1773 1840; x_wconf 81' lang='lat' dir='ltr'><strong>voces</strong></span> <span class='ocrx_word' id='word_1_338' title='bbox 1804 1803 1841 1839; x_wconf 89' lang='lat' dir='ltr'><strong>in</strong></span> 
     </span>
     <span class='ocr_line' id='line_1_31' title="bbox 58 1856 1843 1910; baseline 0.003 -17"><span class='ocrx_word' id='word_1_339' title='bbox 58 1866 136 1894; x_wconf 90' lang='lat' dir='ltr'><strong>uuo</strong></span> <span class='ocrx_word' id='word_1_340' title='bbox 166 1856 250 1896; x_wconf 87' lang='lat' dir='ltr'><strong>solo</strong></span> <span class='ocrx_word' id='word_1_341' title='bbox 280 1857 367 1897; x_wconf 82' lang='lat' dir='ltr'><strong>loco</strong></span> <span class='ocrx_word' id='word_1_342' title='bbox 390 1858 687 1909; x_wconf 82' lang='lat' dir='ltr'><strong>diagrammatis</strong></span> <span class='ocrx_word' id='word_1_343' title='bbox 718 1862 991 1910; x_wconf 82' lang='lat' dir='ltr'><strong>exprimuntur.</strong></span> <span class='ocrx_word' id='word_1_344' title='bbox 1051 1860 1105 1899; x_wconf 86' lang='lat' dir='ltr'><strong>At</strong></span> <span class='ocrx_word' id='word_1_345' title='bbox 1133 1862 1232 1899; x_wconf 89' lang='lat' dir='ltr'><strong>inter</strong></span> <span class='ocrx_word' id='word_1_346' title='bbox 1261 1861 1306 1907; x_wconf 80' lang='lat' dir='ltr'><strong>d,</strong></span> <span class='ocrx_word' id='word_1_347' title='bbox 1338 1861 1389 1910; x_wconf 75' lang='grc' dir='ltr'><strong>ἀρ</strong></span> <span class='ocrx_word' id='word_1_348' title='bbox 1420 1864 1479 1899; x_wconf 91' lang='lat' dir='ltr'><strong>est</strong></span> <span class='ocrx_word' id='word_1_349' title='bbox 1498 1859 1755 1906; x_wconf 89' lang='lat' dir='ltr'><strong>semitonium,</strong></span> <span class='ocrx_word' id='word_1_350' title='bbox 1786 1860 1843 1898; x_wconf 88' lang='lat' dir='ltr'><strong>sic</strong></span> 
     </span>
     <span class='ocr_line' id='line_1_32' title="bbox 59 1913 1842 1965; baseline 0.003 -15"><span class='ocrx_word' id='word_1_351' title='bbox 59 1918 101 1951; x_wconf 93' lang='lat' dir='ltr'><strong>ut</strong></span> <span class='ocrx_word' id='word_1_352' title='bbox 129 1913 205 1952; x_wconf 82' lang='lat' dir='ltr'><strong>hae</strong></span> <span class='ocrx_word' id='word_1_353' title='bbox 234 1914 335 1954; x_wconf 83' lang='lat' dir='ltr'><strong>duae</strong></span> <span class='ocrx_word' id='word_1_354' title='bbox 364 1915 516 1965; x_wconf 87' lang='lat' dir='ltr'><strong>literae,</strong></span> <span class='ocrx_word' id='word_1_355' title='bbox 561 1915 652 1957; x_wconf 90' lang='lat' dir='ltr'><strong>licet</strong></span> <span class='ocrx_word' id='word_1_356' title='bbox 683 1918 860 1965; x_wconf 81' lang='lat' dir='ltr'><strong>eaedem,</strong></span> <span class='ocrx_word' id='word_1_357' title='bbox 902 1931 979 1957; x_wconf 93' lang='lat' dir='ltr'><strong>non</strong></span> <span class='ocrx_word' id='word_1_358' title='bbox 1009 1923 1136 1958; x_wconf 87' lang='lat' dir='ltr'><strong>tamen</strong></span> <span class='ocrx_word' id='word_1_359' title='bbox 1168 1918 1436 1960; x_wconf 85' lang='lat' dir='ltr'><strong>adscribantur</strong></span> <span class='ocrx_word' id='word_1_360' title='bbox 1471 1917 1559 1956; x_wconf 86' lang='lat' dir='ltr'><strong>loco</strong></span> <span class='ocrx_word' id='word_1_361' title='bbox 1590 1916 1736 1965; x_wconf 85' lang='lat' dir='ltr'><strong>eidem,</strong></span> <span class='ocrx_word' id='word_1_362' title='bbox 1772 1917 1842 1956; x_wconf 88' lang='lat' dir='ltr'><strong>sed</strong></span> 
     </span>
     <span class='ocr_line' id='line_1_33' title="bbox 58 1946 1841 2027; baseline 0.003 -18"><span class='ocrx_word' id='word_1_363' title='bbox 58 1970 363 2012; x_wconf 86' lang='lat' dir='ltr'><strong>succedentibus.</strong></span> <span class='ocrx_word' id='word_1_364' title='bbox 421 1975 552 2014; x_wconf 86' lang='lat' dir='ltr'><strong>Diesis</strong></span> <span class='ocrx_word' id='word_1_365' title='bbox 582 1987 675 2015; x_wconf 84' lang='lat' dir='ltr'><strong>vero</strong></span> <span class='ocrx_word' id='word_1_366' title='bbox 706 1983 763 2015; x_wconf 88' lang='lat' dir='ltr'><strong>est</strong></span> <span class='ocrx_word' id='word_1_367' title='bbox 793 1978 892 2015; x_wconf 86' lang='lat' dir='ltr'><strong>inter</strong></span> <span class='ocrx_word' id='word_1_368' title='bbox 916 1977 981 2027; x_wconf 59' lang='lat'><strong>219,</strong></span> <span class='ocrx_word' id='word_1_369' title='bbox 1013 1989 1044 2023; x_wconf 85' lang='lat' dir='ltr'><strong>s,</strong></span> <span class='ocrx_word' id='word_1_370' title='bbox 1076 1983 1114 2015; x_wconf 91' lang='lat' dir='ltr'><strong>et</strong></span> <span class='ocrx_word' id='word_1_371' title='bbox 1144 1982 1368 2026; x_wconf 87' lang='lat' dir='ltr'><strong>competunt</strong></span> <span class='ocrx_word' id='word_1_372' title='bbox 1395 1976 1470 2014; x_wconf 89' lang='lat' dir='ltr'><strong>hae</strong></span> <span class='ocrx_word' id='word_1_373' title='bbox 1502 1975 1679 2018; x_wconf 83' lang='lat' dir='ltr'><strong>diversae</strong></span> <span class='ocrx_word' id='word_1_374' title='bbox 1706 1946 1841 2014; x_wconf 71' lang='lat' dir='ltr'><strong>literae</strong></span> 
     </span>
     <span class='ocr_line' id='line_1_34' title="bbox 57 2029 1842 2084; baseline 0.003 -19"><span class='ocrx_word' id='word_1_375' title='bbox 57 2029 95 2065; x_wconf 91' lang='lat' dir='ltr'><strong>in</strong></span> <span class='ocrx_word' id='word_1_376' title='bbox 126 2029 255 2069; x_wconf 88' lang='lat' dir='ltr'><strong>locum</strong></span> <span class='ocrx_word' id='word_1_377' title='bbox 270 2030 468 2081; x_wconf 86' lang='lat' dir='ltr'><strong>eundem,</strong></span> <span class='ocrx_word' id='word_1_378' title='bbox 499 2045 600 2082; x_wconf 87' lang='lat' dir='ltr'><strong>quae</strong></span> <span class='ocrx_word' id='word_1_379' title='bbox 632 2034 837 2073; x_wconf 79' lang='lat' dir='ltr'><strong>diversitas</strong></span> <span class='ocrx_word' id='word_1_380' title='bbox 868 2034 1115 2075; x_wconf 86' lang='lat' dir='ltr'><strong>concedenda</strong></span> <span class='ocrx_word' id='word_1_381' title='bbox 1145 2040 1204 2073; x_wconf 87' lang='lat' dir='ltr'><strong>est</strong></span> <span class='ocrx_word' id='word_1_382' title='bbox 1232 2037 1329 2073; x_wconf 90' lang='lat' dir='ltr'><strong>mori</strong></span> <span class='ocrx_word' id='word_1_383' title='bbox 1359 2035 1519 2084; x_wconf 90' lang='lat' dir='ltr'><strong>antiquo</strong></span> <span class='ocrx_word' id='word_1_384' title='bbox 1557 2039 1606 2072; x_wconf 88' lang='lat' dir='ltr'><strong>et</strong></span> <span class='ocrx_word' id='word_1_385' title='bbox 1626 2044 1701 2071; x_wconf 87' lang='lat' dir='ltr'><strong>usu</strong></span> <span class='ocrx_word' id='word_1_386' title='bbox 1737 2034 1842 2072; x_wconf 91' lang='lat' dir='ltr'><strong>mol-</strong></span> 
     </span>
     <span class='ocr_line' id='line_1_35' title="bbox 56 2080 1839 2145; baseline 0.004 -22"><span class='ocrx_word' id='word_1_387' title='bbox 56 2080 198 2125; x_wconf 81' lang='lat' dir='ltr'><strong>lienda.</strong></span> <span class='ocrx_word' id='word_1_388' title='bbox 257 2088 436 2139; x_wconf 88' lang='lat' dir='ltr'><strong>Denique</strong></span> <span class='ocrx_word' id='word_1_389' title='bbox 467 2091 565 2129; x_wconf 86' lang='lat' dir='ltr'><strong>inter</strong></span> <span class='ocrx_word' id='word_1_390' title='bbox 590 2093 647 2142; x_wconf 77' lang='grc' dir='ltr'><strong>Γρ,</strong></span> <span class='ocrx_word' id='word_1_391' title='bbox 677 2105 723 2142; x_wconf 89' lang='grc'><strong><em>9;</em></strong></span> <span class='ocrx_word' id='word_1_392' title='bbox 752 2105 816 2144; x_wconf 81' lang='grc' dir='ltr'><strong>9ρ,</strong></span> <span class='ocrx_word' id='word_1_393' title='bbox 847 2105 896 2141; x_wconf 85' lang='grc' dir='ltr'><strong>α,·</strong></span> <span class='ocrx_word' id='word_1_394' title='bbox 926 2106 965 2138; x_wconf 86' lang='grc' dir='ltr'><strong>α,</strong></span> <span class='ocrx_word' id='word_1_395' title='bbox 997 2094 1043 2142; x_wconf 79' lang='lat' dir='ltr'><strong>b3</strong></span> <span class='ocrx_word' id='word_1_396' title='bbox 1075 2091 1111 2145; x_wconf 71' lang='lat' dir='ltr'><strong>I),</strong></span> <span class='ocrx_word' id='word_1_397' title='bbox 1140 2104 1183 2141; x_wconf 88' lang='lat' dir='ltr'><strong>c,·</strong></span> <span class='ocrx_word' id='word_1_398' title='bbox 1212 2092 1251 2141; x_wconf 81' lang='lat' dir='ltr'><strong>d,</strong></span> <span class='ocrx_word' id='word_1_399' title='bbox 1282 2093 1356 2142; x_wconf 67' lang='grc' dir='ltr'><strong>ἀρ,</strong></span> <span class='ocrx_word' id='word_1_400' title='bbox 1384 2102 1425 2140; x_wconf 81' lang='lat' dir='ltr'><strong>e,</strong></span> <span class='ocrx_word' id='word_1_401' title='bbox 1454 2092 1481 2142; x_wconf 86' lang='grc' dir='ltr'><em>Γ</em></span> <span class='ocrx_word' id='word_1_402' title='bbox 1503 2096 1594 2130; x_wconf 89' lang='lat' dir='ltr'><strong>sunt</strong></span> <span class='ocrx_word' id='word_1_403' title='bbox 1623 2092 1839 2130; x_wconf 82' lang='lat' dir='ltr'><strong>semitonia.</strong></span> 
     </span>
     <span class='ocr_line' id='line_1_36' title="bbox 56 2122 1839 2201; baseline 0.003 -19"><span class='ocrx_word' id='word_1_404' title='bbox 56 2139 195 2195; x_wconf 84' lang='lat' dir='ltr'><strong>Itaque</strong></span> <span class='ocrx_word' id='word_1_405' title='bbox 224 2148 352 2185; x_wconf 88' lang='lat' dir='ltr'><strong>cautio</strong></span> <span class='ocrx_word' id='word_1_406' title='bbox 381 2148 445 2186; x_wconf 88' lang='lat' dir='ltr'><strong>hic</strong></span> <span class='ocrx_word' id='word_1_407' title='bbox 476 2154 536 2187; x_wconf 91' lang='lat' dir='ltr'><strong>est</strong></span> <span class='ocrx_word' id='word_1_408' title='bbox 564 2149 795 2199; x_wconf 88' lang='lat' dir='ltr'><strong>adhibenda,</strong></span> <span class='ocrx_word' id='word_1_409' title='bbox 825 2162 876 2189; x_wconf 92' lang='lat' dir='ltr'><strong>ne</strong></span> <span class='ocrx_word' id='word_1_410' title='bbox 906 2162 974 2200; x_wconf 90' lang='lat' dir='ltr'><strong>per</strong></span> <span class='ocrx_word' id='word_1_411' title='bbox 992 2122 1215 2201; x_wconf 86' lang='lat' dir='ltr'><strong>analogiam</strong></span> <span class='ocrx_word' id='word_1_412' title='bbox 1233 2150 1403 2201; x_wconf 88' lang='lat' dir='ltr'><strong>aliquam</strong></span> <span class='ocrx_word' id='word_1_413' title='bbox 1430 2161 1477 2188; x_wconf 85' lang='lat' dir='ltr'><strong>ex</strong></span> <span class='ocrx_word' id='word_1_414' title='bbox 1497 2151 1685 2198; x_wconf 85' lang='lat' dir='ltr'><strong>scriptura</strong></span> <span class='ocrx_word' id='word_1_415' title='bbox 1704 2149 1839 2188; x_wconf 88' lang='lat' dir='ltr'><strong>eadem</strong></span> 
     </span>
     <span class='ocr_line' id='line_1_37' title="bbox 58 2201 1822 2258; baseline 0.007 -19"><span class='ocrx_word' id='word_1_416' title='bbox 58 2201 106 2240; x_wconf 85' lang='lat' dir='ltr'><strong>de</strong></span> <span class='ocrx_word' id='word_1_417' title='bbox 136 2203 331 2242; x_wconf 75' lang='lat' dir='ltr'><strong>intervalli</strong></span> <span class='ocrx_word' id='word_1_418' title='bbox 359 2205 561 2246; x_wconf 87' lang='lat' dir='ltr'><strong>identitate</strong></span> <span class='ocrx_word' id='word_1_419' title='bbox 591 2209 798 2257; x_wconf 90' lang='lat' dir='ltr'><strong>quicquam</strong></span> <span class='ocrx_word' id='word_1_420' title='bbox 828 2220 1131 2258; x_wconf 86' lang='lat' dir='ltr'><strong>praesumamus.</strong></span> <span class='ocrx_word' id='word_1_421' title='bbox 1818 2223 1822 2227; x_wconf 86' lang='grc'><strong>’</strong></span> 
     </span>
    </p>

    <p class='ocr_par' dir='ltr' id='par_1_9' title="bbox 3 2256 1872 2606">
     <span class='ocr_line' id='line_1_38' title="bbox 168 2256 1838 2315; baseline 0.003 -17"><span class='ocrx_word' id='word_1_422' title='bbox 168 2256 272 2300; x_wconf 85' lang='lat' dir='ltr'><strong>Illud</strong></span> <span class='ocrx_word' id='word_1_423' title='bbox 311 2263 428 2301; x_wconf 88' lang='lat' dir='ltr'><strong>etiam</strong></span> <span class='ocrx_word' id='word_1_424' title='bbox 463 2267 671 2315; x_wconf 89' lang='lat' dir='ltr'><strong>praecipue</strong></span> <span class='ocrx_word' id='word_1_425' title='bbox 712 2268 850 2304; x_wconf 89' lang='lat' dir='ltr'><strong>mirum</strong></span> <span class='ocrx_word' id='word_1_426' title='bbox 890 2272 929 2305; x_wconf 89' lang='lat' dir='ltr'><strong>et</strong></span> <span class='ocrx_word' id='word_1_427' title='bbox 970 2266 1265 2305; x_wconf 89' lang='lat' dir='ltr'><strong>condonandum</strong></span> <span class='ocrx_word' id='word_1_428' title='bbox 1311 2265 1488 2304; x_wconf 87' lang='lat' dir='ltr'><strong>similiter</strong></span> <span class='ocrx_word' id='word_1_429' title='bbox 1529 2265 1689 2314; x_wconf 89' lang='lat' dir='ltr'><strong>antiquo</strong></span> <span class='ocrx_word' id='word_1_430' title='bbox 1728 2266 1838 2313; x_wconf 89' lang='lat' dir='ltr'><strong>mori,</strong></span> 
     </span>
     <span class='ocr_line' id='line_1_39' title="bbox 56 2317 1838 2376; baseline 0.004 -22"><span class='ocrx_word' id='word_1_431' title='bbox 56 2317 161 2366; x_wconf 80' lang='lat' dir='ltr'><strong>quod</strong></span> <span class='ocrx_word' id='word_1_432' title='bbox 204 2319 241 2356; x_wconf 87' lang='lat' dir='ltr'><strong>in</strong></span> <span class='ocrx_word' id='word_1_433' title='bbox 270 2321 465 2360; x_wconf 87' lang='lat' dir='ltr'><strong>nonnullis</strong></span> <span class='ocrx_word' id='word_1_434' title='bbox 501 2322 770 2363; x_wconf 86' lang='lat' dir='ltr'><strong>clavichordiis</strong></span> <span class='ocrx_word' id='word_1_435' title='bbox 809 2329 846 2363; x_wconf 88' lang='lat' dir='ltr'><strong>et</strong></span> <span class='ocrx_word' id='word_1_436' title='bbox 887 2326 1041 2374; x_wconf 89' lang='lat' dir='ltr'><strong>organis</strong></span> <span class='ocrx_word' id='word_1_437' title='bbox 1071 2323 1125 2376; x_wconf 91' lang='lat' dir='ltr'><strong>(in</strong></span> <span class='ocrx_word' id='word_1_438' title='bbox 1165 2325 1307 2374; x_wconf 90' lang='lat' dir='ltr'><strong>quibus</strong></span> <span class='ocrx_word' id='word_1_439' title='bbox 1338 2325 1609 2362; x_wconf 80' lang='lat' dir='ltr'><strong>continuantur</strong></span> <span class='ocrx_word' id='word_1_440' title='bbox 1646 2321 1838 2375; x_wconf 77' lang='lat' dir='ltr'><strong>octavae),</strong></span> 
     </span>
     <span class='ocr_line' id='line_1_40' title="bbox 56 2378 1838 2432; baseline 0.004 -20"><span class='ocrx_word' id='word_1_441' title='bbox 56 2385 143 2427; x_wconf 81' lang='lat' dir='ltr'><strong>cum</strong></span> <span class='ocrx_word' id='word_1_442' title='bbox 171 2382 328 2427; x_wconf 84' lang='lat' dir='ltr'><strong>propter</strong></span> <span class='ocrx_word' id='word_1_443' title='bbox 356 2378 594 2419; x_wconf 85' lang='lat' dir='ltr'><strong>identitatem</strong></span> <span class='ocrx_word' id='word_1_444' title='bbox 626 2383 902 2420; x_wconf 87' lang='lat' dir='ltr'><strong>consonantiae</strong></span> <span class='ocrx_word' id='word_1_445' title='bbox 933 2382 1120 2432; x_wconf 87' lang='lat' dir='ltr'><strong>diapason</strong></span> <span class='ocrx_word' id='word_1_446' title='bbox 1152 2382 1311 2420; x_wconf 87' lang='lat' dir='ltr'><strong>eaedem</strong></span> <span class='ocrx_word' id='word_1_447' title='bbox 1341 2381 1475 2420; x_wconf 89' lang='lat' dir='ltr'><strong>literae</strong></span> <span class='ocrx_word' id='word_1_448' title='bbox 1502 2380 1596 2429; x_wconf 83' lang='lat' dir='ltr'><strong>jure</strong></span> <span class='ocrx_word' id='word_1_449' title='bbox 1609 2381 1744 2419; x_wconf 87' lang='lat' dir='ltr'><strong>merito</strong></span> <span class='ocrx_word' id='word_1_450' title='bbox 1774 2393 1838 2419; x_wconf 87' lang='lat' dir='ltr'><strong>re-</strong></span> 
     </span>
     <span class='ocr_line' id='line_1_41' title="bbox 3 2436 1838 2488; baseline 0.003 -16"><span class='ocrx_word' id='word_1_451' title='bbox 3 2436 7 2439; x_wconf 86' lang='lat'>&#39;</span> <span class='ocrx_word' id='word_1_452' title='bbox 54 2438 253 2482; x_wconf 80' lang='lat' dir='ltr'><strong>petantur,</strong></span> <span class='ocrx_word' id='word_1_453' title='bbox 292 2446 367 2473; x_wconf 90' lang='lat' dir='ltr'><strong>non</strong></span> <span class='ocrx_word' id='word_1_454' title='bbox 389 2436 437 2474; x_wconf 90' lang='lat' dir='ltr'><strong>id</strong></span> <span class='ocrx_word' id='word_1_455' title='bbox 466 2442 596 2476; x_wconf 87' lang='lat' dir='ltr'><strong>tamen</strong></span> <span class='ocrx_word' id='word_1_456' title='bbox 636 2439 678 2477; x_wconf 84' lang='lat' dir='ltr'><strong>fit</strong></span> <span class='ocrx_word' id='word_1_457' title='bbox 718 2441 828 2477; x_wconf 89' lang='lat' dir='ltr'><strong>initio</strong></span> <span class='ocrx_word' id='word_1_458' title='bbox 858 2440 960 2478; x_wconf 83' lang='lat' dir='ltr'><strong>facto</strong></span> <span class='ocrx_word' id='word_1_459' title='bbox 999 2452 1024 2478; x_wconf 87' lang='lat' dir='ltr'><strong>a</strong></span> <span class='ocrx_word' id='word_1_460' title='bbox 1052 2441 1176 2488; x_wconf 87' lang='lat' dir='ltr'><strong>prima</strong></span> <span class='ocrx_word' id='word_1_461' title='bbox 1205 2441 1261 2486; x_wconf 93' lang='lat' dir='ltr'><strong>A,</strong></span> <span class='ocrx_word' id='word_1_462' title='bbox 1306 2438 1374 2477; x_wconf 88' lang='lat' dir='ltr'><strong>sed</strong></span> <span class='ocrx_word' id='word_1_463' title='bbox 1412 2450 1443 2477; x_wconf 89' lang='lat' dir='ltr'><strong>a</strong></span> <span class='ocrx_word' id='word_1_464' title='bbox 1465 2437 1638 2476; x_wconf 86' lang='lat' dir='ltr'><strong>secunda</strong></span> <span class='ocrx_word' id='word_1_465' title='bbox 1666 2438 1703 2477; x_wconf 87' lang='lat' dir='ltr'><strong>b.</strong></span> <span class='ocrx_word' id='word_1_466' title='bbox 1761 2438 1838 2477; x_wconf 85' lang='lat' dir='ltr'><strong>Hic</strong></span> 
     </span>
     <span class='ocr_line' id='line_1_42' title="bbox 54 2492 1872 2556; baseline 0.003 -28"><span class='ocrx_word' id='word_1_467' title='bbox 54 2492 156 2528; x_wconf 85' lang='lat' dir='ltr'><strong>enim</strong></span> <span class='ocrx_word' id='word_1_468' title='bbox 184 2497 243 2530; x_wconf 87' lang='lat' dir='ltr'><strong>est</strong></span> <span class='ocrx_word' id='word_1_469' title='bbox 274 2493 367 2531; x_wconf 90' lang='lat' dir='ltr'><strong>ordo</strong></span> <span class='ocrx_word' id='word_1_470' title='bbox 397 2494 681 2552; x_wconf 75' lang='lat' dir='ltr'><strong>characterum.</strong></span> <span class='ocrx_word' id='word_1_471' title='bbox 726 2497 768 2545; x_wconf 81' lang='grc' dir='ltr'><strong>Ο,</strong></span> <span class='ocrx_word' id='word_1_472' title='bbox 809 2497 862 2545; x_wconf 88' lang='lat' dir='ltr'><strong>D,</strong></span> <span class='ocrx_word' id='word_1_473' title='bbox 895 2498 944 2544; x_wconf 90' lang='lat' dir='ltr'><strong>E,</strong></span> <span class='ocrx_word' id='word_1_474' title='bbox 977 2497 1025 2544; x_wconf 90' lang='lat' dir='ltr'><strong>F,</strong></span> <span class='ocrx_word' id='word_1_475' title='bbox 1060 2497 1106 2546; x_wconf 86' lang='lat' dir='ltr'><strong>G,</strong></span> <span class='ocrx_word' id='word_1_476' title='bbox 1138 2500 1188 2544; x_wconf 77' lang='lat' dir='ltr'><strong>A,</strong></span> <span class='ocrx_word' id='word_1_477' title='bbox 1220 2497 1256 2544; x_wconf 81' lang='lat' dir='ltr'><strong>b,</strong></span> <span class='ocrx_word' id='word_1_478' title='bbox 1287 2508 1319 2544; x_wconf 85' lang='lat' dir='ltr'><strong>c,</strong></span> <span class='ocrx_word' id='word_1_479' title='bbox 1350 2496 1389 2543; x_wconf 82' lang='lat' dir='ltr'><strong>cl,</strong></span> <span class='ocrx_word' id='word_1_480' title='bbox 1420 2509 1452 2543; x_wconf 81' lang='lat' dir='ltr'><strong>e,</strong></span> <span class='ocrx_word' id='word_1_481' title='bbox 1474 2497 1513 2556; x_wconf 93' lang='grc' dir='ltr'><strong>Γ,</strong></span> <span class='ocrx_word' id='word_1_482' title='bbox 1544 2509 1598 2546; x_wconf 92' lang='lat'><strong>9,-</strong></span> <span class='ocrx_word' id='word_1_483' title='bbox 1613 2509 1653 2545; x_wconf 86' lang='lat' dir='ltr'><strong>a,</strong></span> <span class='ocrx_word' id='word_1_484' title='bbox 1691 2496 1752 2544; x_wconf 78' lang='lat' dir='ltr'><strong>bb,</strong></span> <span class='ocrx_word' id='word_1_485' title='bbox 1781 2508 1834 2545; x_wconf 83' lang='lat' dir='ltr'><strong>cc,</strong></span> <span class='ocrx_word' id='word_1_486' title='bbox 1870 2531 1872 2533; x_wconf 93' lang='lat'><strong>.</strong></span> 
     </span>
     <span class='ocr_line' id='line_1_43' title="bbox 3 2547 1539 2610; baseline 0.005 -25"><span class='ocrx_word' id='word_1_487' title='bbox 3 2547 128 2597; x_wconf 80' lang='lat' dir='ltr'><strong>-dd‚</strong></span> <span class='ocrx_word' id='word_1_488' title='bbox 158 2560 217 2597; x_wconf 85' lang='lat' dir='ltr'><strong>ee,</strong></span> <span class='ocrx_word' id='word_1_489' title='bbox 246 2550 297 2600; x_wconf 79' lang='lat' dir='ltr'><strong>ff,</strong></span> <span class='ocrx_word' id='word_1_490' title='bbox 327 2563 400 2600; x_wconf 88' lang='lat'><strong>99,</strong></span> <span class='ocrx_word' id='word_1_491' title='bbox 431 2564 504 2599; x_wconf 88' lang='grc' dir='ltr'><strong>αα,</strong></span> <span class='ocrx_word' id='word_1_492' title='bbox 535 2554 627 2598; x_wconf 84' lang='lat' dir='ltr'><strong>bbb,</strong></span> <span class='ocrx_word' id='word_1_493' title='bbox 658 2566 737 2603; x_wconf 83' lang='lat' dir='ltr'><strong>ccc,</strong></span> <span class='ocrx_word' id='word_1_494' title='bbox 770 2555 870 2603; x_wconf 80' lang='lat' dir='ltr'><strong>ddd,</strong></span> <span class='ocrx_word' id='word_1_495' title='bbox 901 2568 980 2602; x_wconf 75' lang='lat' dir='ltr'><strong>ees,</strong></span> <span class='ocrx_word' id='word_1_496' title='bbox 1011 2556 1080 2606; x_wconf 75' lang='grc' dir='ltr'><strong>ῙῙΓ,</strong></span> <span class='ocrx_word' id='word_1_497' title='bbox 1110 2567 1204 2604; x_wconf 89' lang='grc'><strong><em>999,</em></strong></span> <span class='ocrx_word' id='word_1_498' title='bbox 1235 2559 1414 2610; x_wconf 73' lang='lat' dir='ltr'><strong>aaaetc.</strong></span> <span class='ocrx_word' id='word_1_499' title='bbox 1534 2585 1539 2589; x_wconf 90' lang='lat'><strong>.</strong></span> 
     </span>
    </p>

    <p class='ocr_par' dir='ltr' id='par_1_10' title="bbox 0 2599 1836 3071">
     <span class='ocr_line' id='line_1_44' title="bbox 109 2599 1836 2662; baseline 0.004 -18"><span class='ocrx_word' id='word_1_500' title='bbox 109 2652 112 2653; x_wconf 19' lang='lat'><em>⁷</em></span> <span class='ocrx_word' id='word_1_501' title='bbox 167 2606 287 2656; x_wconf 77' lang='lat' dir='ltr'><strong>Porro</strong></span> <span class='ocrx_word' id='word_1_502' title='bbox 319 2608 446 2658; x_wconf 79' lang='lat' dir='ltr'><strong>qnod</strong></span> <span class='ocrx_word' id='word_1_503' title='bbox 453 2615 512 2647; x_wconf 90' lang='lat' dir='ltr'><strong>est</strong></span> <span class='ocrx_word' id='word_1_504' title='bbox 541 2610 778 2660; x_wconf 83' lang='lat' dir='ltr'><strong>diagramma</strong></span> <span class='ocrx_word' id='word_1_505' title='bbox 806 2615 847 2650; x_wconf 89' lang='lat' dir='ltr'><strong>in</strong></span> <span class='ocrx_word' id='word_1_506' title='bbox 877 2613 1030 2660; x_wconf 80' lang='lat' dir='ltr'><strong>charta,</strong></span> <span class='ocrx_word' id='word_1_507' title='bbox 1059 2613 1134 2651; x_wconf 88' lang='lat' dir='ltr'><strong>hoc</strong></span> <span class='ocrx_word' id='word_1_508' title='bbox 1163 2617 1222 2651; x_wconf 89' lang='lat' dir='ltr'><strong>est</strong></span> <span class='ocrx_word' id='word_1_509' title='bbox 1252 2618 1423 2662; x_wconf 88' lang='lat' dir='ltr'><strong>systema</strong></span> <span class='ocrx_word' id='word_1_510' title='bbox 1451 2609 1495 2649; x_wconf 84' lang='lat' dir='ltr'><strong>iri</strong></span> <span class='ocrx_word' id='word_1_511' title='bbox 1522 2614 1686 2660; x_wconf 87' lang='lat' dir='ltr'><strong>organo,</strong></span> <span class='ocrx_word' id='word_1_512' title='bbox 1717 2599 1836 2651; x_wconf 73' lang='lat' dir='ltr'><strong>series</strong></span> 
     </span>
     <span class='ocr_line' id='line_1_45' title="bbox 54 2648 1833 2735; baseline 0.005 -36"><span class='ocrx_word' id='word_1_513' title='bbox 54 2662 200 2702; x_wconf 86' lang='lat' dir='ltr'><strong>seilicet</strong></span> <span class='ocrx_word' id='word_1_514' title='bbox 235 2648 460 2704; x_wconf 87' lang='lat' dir='ltr'><strong>chordarum</strong></span> <span class='ocrx_word' id='word_1_515' title='bbox 499 2670 689 2718; x_wconf 85' lang='lat' dir='ltr'><strong>omnium,</strong></span> <span class='ocrx_word' id='word_1_516' title='bbox 731 2682 849 2708; x_wconf 87' lang='lat' dir='ltr'><strong>unum</strong></span> <span class='ocrx_word' id='word_1_517' title='bbox 879 2670 1124 2709; x_wconf 89' lang='lat' dir='ltr'><strong>intervallum</strong></span> <span class='ocrx_word' id='word_1_518' title='bbox 1156 2676 1366 2709; x_wconf 88' lang='lat' dir='ltr'><strong>consonum</strong></span> <span class='ocrx_word' id='word_1_519' title='bbox 1397 2669 1692 2735; x_wconf 77' lang='lat' dir='ltr'><strong>dividentium,.</strong></span> <span class='ocrx_word' id='word_1_520' title='bbox 1716 2669 1833 2721; x_wconf 84' lang='lat' dir='ltr'><strong>quod,</strong></span> 
     </span>
     <span class='ocr_line' id='line_1_46' title="bbox 53 2720 1833 2777; baseline 0.004 -18.773"><span class='ocrx_word' id='word_1_521' title='bbox 53 2725 94 2758; x_wconf 90' lang='lat' dir='ltr'><strong>nt</strong></span> <span class='ocrx_word' id='word_1_522' title='bbox 123 2732 207 2770; x_wconf 87' lang='lat' dir='ltr'><strong>cap.</strong></span> <span class='ocrx_word' id='word_1_523' title='bbox 236 2723 279 2760; x_wconf 79' lang='lat'>5</span> <span class='ocrx_word' id='word_1_524' title='bbox 312 2720 474 2771; x_wconf 78' lang='lat' dir='ltr'><strong>dietum,</strong></span> <span class='ocrx_word' id='word_1_525' title='bbox 504 2727 627 2773; x_wconf 85' lang='lat' dir='ltr'><strong>primo</strong></span> <span class='ocrx_word' id='word_1_526' title='bbox 657 2730 826 2766; x_wconf 91' lang='lat' dir='ltr'><strong>omnium</strong></span> <span class='ocrx_word' id='word_1_527' title='bbox 855 2730 1038 2767; x_wconf 86' lang='lat' dir='ltr'><strong>convenit</strong></span> <span class='ocrx_word' id='word_1_528' title='bbox 1066 2721 1271 2767; x_wconf 81' lang='lat' dir='ltr'><strong>intervallo</strong></span> <span class='ocrx_word' id='word_1_529' title='bbox 1306 2727 1536 2776; x_wconf 85' lang='lat' dir='ltr'><strong>diapason,</strong></span> <span class='ocrx_word' id='word_1_530' title='bbox 1550 2737 1596 2765; x_wconf 81' lang='lat' dir='ltr'><strong>cx</strong></span> <span class='ocrx_word' id='word_1_531' title='bbox 1628 2738 1675 2765; x_wconf 91' lang='lat' dir='ltr'><strong>eo</strong></span> <span class='ocrx_word' id='word_1_532' title='bbox 1703 2728 1833 2777; x_wconf 78' lang='lat' dir='ltr'><strong>maJo·</strong></span> 
     </span>
     <span class='ocr_line' id='line_1_47' title="bbox 0 2778 1832 2834; baseline 0.002 -19"><span class='ocrx_word' id='word_1_533' title='bbox 0 2781 5 2831; x_wconf 39' lang='grc' dir='ltr'>ζ</span> <span class='ocrx_word' id='word_1_534' title='bbox 53 2778 157 2816; x_wconf 88' lang='lat' dir='ltr'><strong>ribus</strong></span> <span class='ocrx_word' id='word_1_535' title='bbox 188 2782 387 2830; x_wconf 88' lang='lat' dir='ltr'><strong>omnibus,</strong></span> <span class='ocrx_word' id='word_1_536' title='bbox 419 2787 565 2831; x_wconf 84' lang='lat' dir='ltr'><strong>quanta</strong></span> <span class='ocrx_word' id='word_1_537' title='bbox 592 2783 658 2821; x_wconf 92' lang='lat' dir='ltr'><strong>illa</strong></span> <span class='ocrx_word' id='word_1_538' title='bbox 684 2786 887 2834; x_wconf 86' lang='lat' dir='ltr'><strong>quodlibet</strong></span> <span class='ocrx_word' id='word_1_539' title='bbox 916 2789 1211 2825; x_wconf 86' lang='lat' dir='ltr'><strong>instrumentum</strong></span> <span class='ocrx_word' id='word_1_540' title='bbox 1240 2784 1518 2834; x_wconf 89' lang='lat' dir='ltr'><strong>complectitur.</strong></span> <span class='ocrx_word' id='word_1_541' title='bbox 1564 2797 1568 2802; x_wconf 89' lang='lat'>·</span> <span class='ocrx_word' id='word_1_542' title='bbox 1609 2798 1623 2802; x_wconf 85' lang='lat'><strong>··</strong></span> <span class='ocrx_word' id='word_1_543' title='bbox 1717 2819 1722 2824; x_wconf 81' lang='grc'><strong>,</strong></span> <span class='ocrx_word' id='word_1_544' title='bbox 1819 2804 1832 2818; x_wconf 88' lang='grc'><strong>.-</strong></span> 
     </span>
     <span class='ocr_line' id='line_1_48' title="bbox 24 2837 1832 2892; baseline 0.006 -20"><span class='ocrx_word' id='word_1_545' title='bbox 24 2865 40 2872; x_wconf 78' lang='grc'><strong>,.</strong></span> <span class='ocrx_word' id='word_1_546' title='bbox 166 2837 248 2877; x_wconf 87' lang='lat' dir='ltr'><strong>Etsi</strong></span> <span class='ocrx_word' id='word_1_547' title='bbox 278 2850 371 2878; x_wconf 82' lang='lat' dir='ltr'><strong>vero</strong></span> <span class='ocrx_word' id='word_1_548' title='bbox 401 2851 478 2877; x_wconf 91' lang='lat' dir='ltr'><strong>non</strong></span> <span class='ocrx_word' id='word_1_549' title='bbox 510 2845 568 2878; x_wconf 89' lang='lat' dir='ltr'><strong>est</strong></span> <span class='ocrx_word' id='word_1_550' title='bbox 595 2842 762 2881; x_wconf 85' lang='lat' dir='ltr'><strong>instituti</strong></span> <span class='ocrx_word' id='word_1_551' title='bbox 780 2846 868 2892; x_wconf 89' lang='lat' dir='ltr'><strong>mei,</strong></span> <span class='ocrx_word' id='word_1_552' title='bbox 900 2845 1062 2883; x_wconf 88' lang='lat' dir='ltr'><strong>multum</strong></span> <span class='ocrx_word' id='word_1_553' title='bbox 1082 2844 1274 2882; x_wconf 82' lang='lat' dir='ltr'><strong>immorari</strong></span> <span class='ocrx_word' id='word_1_554' title='bbox 1302 2844 1340 2879; x_wconf 91' lang='lat' dir='ltr'><strong>in</strong></span> <span class='ocrx_word' id='word_1_555' title='bbox 1359 2845 1510 2880; x_wconf 88' lang='lat' dir='ltr'><strong>&#39;musica</strong></span> <span class='ocrx_word' id='word_1_556' title='bbox 1528 2847 1733 2890; x_wconf 82' lang='lat' dir='ltr'><strong>vetemm,·</strong></span> <span class='ocrx_word' id='word_1_557' title='bbox 1745 2853 1832 2882; x_wconf 87' lang='lat' dir='ltr'><strong>cum</strong></span> 
     </span>
     <span class='ocr_line' id='line_1_49' title="bbox 0 2893 1831 2952; baseline 0.005 -22"><span class='ocrx_word' id='word_1_558' title='bbox 0 2923 5 2936; x_wconf 32' lang='grc' dir='ltr'><strong>ι,</strong></span> <span class='ocrx_word' id='word_1_559' title='bbox 52 2893 103 2930; x_wconf 87' lang='lat' dir='ltr'><strong>sit</strong></span> <span class='ocrx_word' id='word_1_560' title='bbox 131 2894 376 2935; x_wconf 87' lang='lat' dir='ltr'><strong>obscuritatis</strong></span> <span class='ocrx_word' id='word_1_561' title='bbox 406 2897 539 2949; x_wconf 88' lang='lat' dir='ltr'><strong>plena,</strong></span> <span class='ocrx_word' id='word_1_562' title='bbox 570 2909 648 2935; x_wconf 89' lang='lat' dir='ltr'><strong>non</strong></span> <span class='ocrx_word' id='word_1_563' title='bbox 678 2903 808 2939; x_wconf 88' lang='lat' dir='ltr'><strong>censui</strong></span> <span class='ocrx_word' id='word_1_564' title='bbox 836 2908 964 2941; x_wconf 79' lang='lat' dir='ltr'><strong>tamen</strong></span> <span class='ocrx_word' id='word_1_565' title='bbox 995 2901 1273 2952; x_wconf 84' lang='lat' dir='ltr'><strong>praetereunda</strong></span> <span class='ocrx_word' id='word_1_566' title='bbox 1302 2901 1471 2946; x_wconf 87' lang='lat' dir='ltr'><strong>nomina,</strong></span> <span class='ocrx_word' id='word_1_567' title='bbox 1507 2900 1648 2949; x_wconf 84' lang='lat' dir='ltr'><strong>quibus</strong></span> <span class='ocrx_word' id='word_1_568' title='bbox 1675 2899 1734 2938; x_wconf 83' lang='lat' dir='ltr'><strong>illi</strong></span> <span class='ocrx_word' id='word_1_569' title='bbox 1762 2912 1831 2940; x_wconf 88' lang='lat' dir='ltr'><strong>so-</strong></span> 
     </span>
     <span class='ocr_line' id='line_1_50' title="bbox 52 2946 1831 3016; baseline 0.007 -29"><span class='ocrx_word' id='word_1_570' title='bbox 52 2951 156 2988; x_wconf 88' lang='lat' dir='ltr'><strong>nitus</strong></span> <span class='ocrx_word' id='word_1_571' title='bbox 194 2958 281 2990; x_wconf 89' lang='lat' dir='ltr'><strong>octo</strong></span> <span class='ocrx_word' id='word_1_572' title='bbox 306 2953 360 2991; x_wconf 86' lang='lat' dir='ltr'><strong>&#39;in</strong></span> <span class='ocrx_word' id='word_1_573' title='bbox 396 2957 510 2993; x_wconf 89' lang='lat' dir='ltr'><strong>unius</strong></span> <span class='ocrx_word' id='word_1_574' title='bbox 551 2962 714 2994; x_wconf 86' lang='lat' dir='ltr'><strong>octavae</strong></span> <span class='ocrx_word' id='word_1_575' title='bbox 750 2959 959 3007; x_wconf 81' lang='lat' dir='ltr'><strong>systemate</strong></span> <span class='ocrx_word' id='word_1_576' title='bbox 1003 2961 1270 3016; x_wconf 75' lang='lat' dir='ltr'><strong>indigetarin&#39;t3</strong></span> <span class='ocrx_word' id='word_1_577' title='bbox 1320 2969 1409 2995; x_wconf 90' lang='lat' dir='ltr'><strong>nam</strong></span> <span class='ocrx_word' id='word_1_578' title='bbox 1452 2946 1735 3008; x_wconf 65' lang='lat' dir='ltr'><strong>denominatio*</strong></span> <span class='ocrx_word' id='word_1_579' title='bbox 1755 2960 1831 2999; x_wconf 89' lang='lat' dir='ltr'><strong>ista</strong></span> 
     </span>
     <span class='ocr_line' id='line_1_51' title="bbox 53 3011 1832 3071; baseline 0.008 -26"><span class='ocrx_word' id='word_1_580' title='bbox 53 3011 320 3060; x_wconf 80' lang='lat' dir='ltr'><strong>cognationem</strong></span> <span class='ocrx_word' id='word_1_581' title='bbox 356 3012 473 3054; x_wconf 86' lang='lat' dir='ltr'><strong>babet</strong></span> <span class='ocrx_word' id='word_1_582' title='bbox 515 3025 602 3054; x_wconf 86' lang='lat' dir='ltr'><strong>cum</strong></span> <span class='ocrx_word' id='word_1_583' title='bbox 642 3014 781 3065; x_wconf 80' lang='lat' dir='ltr'><strong>literis,</strong></span> <span class='ocrx_word' id='word_1_584' title='bbox 824 3016 872 3056; x_wconf 91' lang='lat' dir='ltr'><strong>de</strong></span> <span class='ocrx_word' id='word_1_585' title='bbox 902 3019 1042 3071; x_wconf 86' lang='lat' dir='ltr'><strong>quibus</strong></span> <span class='ocrx_word' id='word_1_586' title='bbox 1085 3019 1232 3071; x_wconf 82' lang='lat' dir='ltr'><strong>egimus</strong></span> <span class='ocrx_word' id='word_1_587' title='bbox 1263 3016 1460 3056; x_wconf 83' lang='lat' dir='ltr'><strong>hactenus.</strong></span> <span class='ocrx_word' id='word_1_588' title='bbox 1490 3015 1644 3070; x_wconf 81' lang='lat' dir='ltr'><strong>Igitur</strong></span> <span class='ocrx_word' id='word_1_589' title='bbox 1679 3020 1832 3065; x_wconf 71' lang='lat' dir='ltr'><strong>veteres</strong></span> 
     </span>
    </p>
   </div>
  </div>
 </body>
</html>
