1994 3276
773 84 887 122 Πω-
906 83 951 119 v.
977 82 1095 130 caput
1116 83 1180 120 m
1787 71 1881 124 311‘

186 207 283 244 112-
305 204 391 253 quia
412 203 545 248 durum
569 211 683 249 genus
707 205 764 239 est
786 199 1013 246 apheliorum
1043 203 1207 235 motuum
1231 198 1438 245 proprium,
1469 197 1578 234 molle
1600 197 1871 243 periheliorum,

74 269 141 312 per
161 258 415 305 praemisum,
439 255 575 302 aphelii
598 264 683 291 vero
707 255 792 288 sunt
813 250 994 288 tardiores
1019 255 1056 287 et
1078 251 1262 296 graviores
1285 249 1471 296 periheliis
1485 277 1495 295 ‚
1527 249 1660 287 durum
1682 250 1795 296 igitur
1815 254 1874 290 est

74 315 239 353 motuum
265 307 483 349 tardiorum,
516 306 626 343 molle
655 304 883 341 ede-ium.
928 303 1040 348 Atqui
1070 303 1118 340 ad
1146 303 1272 340 tardos
1294 308 1416 339 motus
1447 303 1662 340 familiarius
1694 314 1735 339 se
1762 303 1874 339 babet

72 364 301 410 planetaru-
324 360 478 398 duorum
501 358 687 403 superior,-
721 356 768 392 ad
788 356 926 392 celeres
946 355 1117 401 inferior,
1150 356 1236 401 quia
1259 365 1403 401 semper
1424 355 1462 390 in
1486 355 1622 392 mundo
1646 354 1874 391 altitudinem

73 406 307 463 conequi&
323 417 459 452 motus
483 410 620 457 proprii
654 408 816 446 tarditas.
866 408 966 454 Ergo
990 410 1100 445 etiam
1132 408 1179 443 ad
1212 407 1341 458 durum
1370 407 1491 444 scalae
1524 417 1639 452 genus
1662 406 1874 444 familiarius
1919 423 1926 429 -

74 456 119 507 ze
136 465 445 510 habetunorum,
479 463 542 510 qui
565 463 708 509 utrique
732 471 772 497 se
795 461 1070 497 accommodant
1092 460 1237 506 generi,
1259 461 1292 496 is
1316 460 1377 506 qni
1400 459 1583 506 superior,
1617 459 1663 495 ad
1687 459 1819 496 molle*
1829 459 1871 504 is,

74 521 137 567 qui
159 518 318 556 inferior.
364 515 551 562 Amplius,
582 514 712 551 durum
734 523 849 558 genus
872 513 987 550 utitur
1009 512 1209 550 intervallis
1233 512 1431 557 majoribus
1454 512 1499 557 ⁴!5
1525 516 1561 547 et
1586 511 1649 557 ³l5v
1678 510 1786 547 moue
1809 510 1872 547 mi-

74 573 221 613 noribus
245 572 292 619 ’1.
315 575 353 607 et
367 566 438 615 ils.
487 568 599 613 Atqui
615 566 724 603 etiam
747 565 912 611 superior
935 564 1083 612 planeta
1107 570 1144 602 et
1167 565 1340 611 majorem
1356 565 1478 601 orbem
1496 564 1605 599 habet
1629 569 1666 601 et
1682 563 1875 607 tardiores,

73 624 111 661 id
134 628 192 661 est
219 623 374 667 naiores
398 625 538 665 motus,
572 619 875 666 prolixioremque
909 617 1113 663 circuitum,
1154 617 1284 664 quibus
1317 627 1402 653 vero
1438 617 1606 663 utrinque
1629 627 1761 670 magna
1788 627 1871 654 eon·

74 676 239 720 veniunt,
260 675 326 712 illa
346 674 442 711 inter
466 684 506 710 se
530 671 742 708 familiarius
767 674 911 706 coeunt.
1658 667 1662 670 ’

189 735 492 788 Ρῐοροίίιίο
522 732 704 772 XXXV.
764 727 955 771 Saturnus
1001 742 1088 770 cum
1117 729 1274 787 Tellure
1305 729 1444 769 durum
1473 742 1597 782 genus
1628 731 1873 783 amplectun-

76 801 137 835 tur
165 794 416 845 familiarium,
445 791 601 843 Jupiter
632 803 719 830 cum
751 789 903 830 Venere
933 801 1056 840 genus
1087 788 1217 828 molle.
1578 799 1591 803 ·
1695 799 1704 811 ·

187 862 281 899 Ram
311 859 428 907 primo
452 857 578 895 Tellus
611 867 693 893 cum
715 857 858 892 Venere
893 861 1101 901 comparata
1136 860 1172 891 et
1197 866 1278 891 cum
1302 854 1427 892 eadem
1457 854 1651 902 utrumque
1674 867 1790 902 genus
1813 857 1873 893 de·

76 915 223 961 signans
245 913 412 960 superior
435 916 502 953 est,
526 911 639 947 Terra
661 909 771 954 igitur
793 909 921 945 durum
946 908 1172 963 potissim‘um
1197 919 1311 953 genus
1335 908 1579 954 amplectitur,
1612 909 1737 946 Venus
1760 919 1874 954 genus

75 966 196 1009 molle,
221 975 288 1012 per
310 964 555 1011 praemissam.
602 962 779 999 Saturnus
810 972 894 998 vero
919 961 1065 1008 aphelio
1098 972 1163 997 suo
1197 971 1263 1006 per
1287 961 1461 1007 diapason
1486 967 1662 998 consonat
1685 973 1766 998 cum
1791 963 1874 998 Tel·

74 1019 163 1056 luris
187 1017 331 1066 aphelio
354 1027 420 1063 per
442 1027 497 1062 pr.
516 1016 584 1061 31,
621 1025 731 1060 quare
756 1014 863 1049 etiam
890 1014 1067 1049 Saturnus
1092 1025 1157 1059 per
1179 1025 1233 1060 pr.
1252 1010 1309 1050 33.
1334 1013 1462 1049 durum
1492 1023 1606 1060 genus
1630 1013 1872 1060 amplectitur.

75 1071 215 1109 Deinde
237 1071 414 1108 Saturnus
437 1067 583 1114 aphelio
606 1071 720 1111 motu,
744 1075 811 1112 per
834 1066 1002 1109 eandem,
1027 1066 1126 1102 fovet
1147 1067 1261 1112 magis
1286 1077 1401 1113 genus
1426 1067 1573 1111 durum,
1598 1067 1738 1112 respuit
1760 1076 1873 1112 genus

74 1123 202 1168 molle,
226 1133 293 1170 per
314 1131 367 1167 pr.
393 1120 462 1165 32,
497 1120 609 1156 habet
634 1130 673 1154 se
698 1118 810 1165 igitur
832 1118 1045 1156 familiarius
1071 1119 1118 1155 ad
1142 1129 1257 1164 genus
1282 1118 1422 1163 durum,
1449 1129 1558 1164 quam
1582 1118 1627 1155 ad
1645 1119 1765 1164 molle,
1790 1119 1874 1165 qnia

75 1185 208 1222 geum
227 1174 374 1223 proprie
397 1172 635 1219 designantur
655 1171 815 1207 motibus
840 1172 1020 1208 extremis.

68 1222 72 1227 ”
187 1226 272 1264 Jam
294 1225 393 1272 quod
415 1225 543 1262 Jovem
567 1224 714 1268 attinet,
749 1223 781 1259 is
804 1223 841 1258 in
867 1224 1135 1270 comparatione
1160 1234 1241 1259 cum
1267 1223 1424 1259 Saturno
1449 1226 1505 1259 est
1527 1222 1689 1262 inferior,
1722 1234 1809 1270 ergo
1832 1229 1874 1260 ut

76 1281 232 1315 Saturno
255 1277 408 1315 debetur
431 1278 560 1314 durum
585 1287 717 1323 genus,
742 1276 795 1312 sic
817 1276 900 1312 Jovi
925 1275 1077 1312 debetur
1100 1275 1225 1321 molle,
1250 1286 1316 1321 per
1339 1276 1584 1321 praemissam.

189 1339 494 1391 Prospositio
524 1336 728 1377 XXXVI.
787 1335 904 1376 Jovis
944 1342 1073 1375 motus
1108 1335 1320 1386 perihelius
1362 1348 1449 1376 cum
1490 1336 1677 1388 perihelio
1707 1335 1872 1378 Veneris

75 1398 115 1437 iu
156 1409 274 1438 unam
309 1396 457 1436 scalam
497 1397 708 1442 musicam,
749 1399 792 1434 at
827 1406 905 1433 non
944 1397 1062 1436 etiam
1099 1396 1137 1432 iu
1176 1394 1342 1440 eandem
1375 1395 1621 1435 harmoniam
1651 1396 1872 1447 conspirare

76 1455 235 1504 debuit,
263 1455 467 1506 multoque
496 1455 624 1493 minus
652 1453 728 1492 hoc
757 1464 845 1492 cnm
876 1452 1064 1504 perihelio
1094 1452 1277 1492 Telluris.

189 1511 282 1549 Nam
300 1511 391 1556 *quia
414 1509 559 1555 Jupiter
582 1507 783 1545 debebatur
805 1508 927 1552 generi
950 1508 1050 1543 molli
1074 1508 1319 1553 potissimum,
1344 1518 1410 1553 per
1433 1508 1685 1554 praemissam,
1709 1508 1764 1544 illi
1787 1519 1872 1546 vero

75 1563 269 1601 famili-re·
293 1567 378 1599 suut
401 1567 521 1597 motus
543 1560 722 1606 perihelii,
758 1570 824 1606 per
848 1561 911 1605 30,
942 1561 1087 1606 Jupiter
1110 1560 1219 1605 igitur
1241 1560 1416 1605 perihelio
1442 1571 1509 1597 suo
1533 1560 1724 1607 designare
1748 1561 1873 1598 debuit

75 1615 209 1652 scalam
230 1612 376 1660 gnei-is
396 1612 533 1657 mollis,
569 1612 647 1657 ejus
671 1612 810 1647 scilicet
842 1619 980 1648 certum
1011 1614 1131 1649 locum
1162 1623 1226 1648 seu
1250 1613 1486 1658 phthongum.
1536 1613 1608 1648 Sed
1644 1619 1681 1649 et
1709 1614 1874 1659 perihelii

74 1666 227 1705 Veneris
251 1671 288 1703 et
310 1665 466 1702 Telluris
491 1665 641 1700 eandem
667 1662 810 1699 scalam
827 1665 1027 1709 designant.
1050 1675 1116 1709 per
1138 1675 1196 1709 pr.
1221 1665 1294 1708 28„
1321 1675 1406 1710 ergo
1431 1676 1512 1699 cum
1534 1665 1664 1700 horum
1686 1666 1872 1710 periheliis

74 1720 176 1757 Jovis
199 1718 398 1766 perihelius
421 1718 460 1752 in
484 1717 634 1752 eandem
658 1717 860 1752 tensionem
885 1716 1078 1752 sociandus
1102 1715 1196 1761 fuit,¹
1213 1726 1285 1750 non
1310 1727 1394 1752 vero
1419 1727 1500 1751 cum
1523 1717 1674 1753 Veneris
1696 1717 1872 1762 perihelio

73 1772 194 1819 ponit
215 1770 434 1812 constituere
456 1769 691 1816 harmoniam.
738 1769 830 1803 Nam
862 1767 946 1812 quia
989 1777 1056 1812 per
1080 1778 1134 1811 pr.
1157 1768 1191 1804 8.
1218 1779 1300 1803 cum
1325 1769 1467 1814 aphelio
1493 1769 1639 1805 Saturni
1666 1766 1788 1806 facere
1812 1770 1871 1806 de-

73 1820 154 1866 buit
179 1823 220 1869 ¹1,
243 1823 402 1867 circiter,
436 1820 473 1857 id
498 1826 555 1857 est
577 1821 714 1856 clavem
739 1821 764 1856 d
798 1819 1004 1864 systematis
1035 1819 1151 1864 illius,
1183 1820 1221 1855 in
1246 1831 1316 1865 quo
1342 1821 1486 1856 Saturni
1519 1821 1686 1867 aphelius
1718 1821 1872 1858 faciebat

9 1901 11 1903 -
76 1874 212 1912 clavem
236 1874 280 1920 G,
303 1873 451 1910 veneris
474 1883 558 1908 vero
583 1873 748 1918 aphelius
773 1872 908 1908 clavem
925 1884 960 1912 e,
984 1872 1096 1917 igitur
1119 1873 1420 1918 appropinquavit
1444 1873 1537 1909 clavi
1552 1885 1571 1909 e
1594 1873 1690 1910 intra
1713 1875 1871 1920 spatium

75 1927 283 1964 harmoniae
305 1927 482 1963 minimae.
530 1926 622 1961 Nam
645 1926 708 1961 illa
732 1931 789 1961 est
812 1924 876 1970 ‘lo’
902 1928 940 1959 at
964 1925 1057 1960 inter
1079 1925 1114 1969 d,
1141 1936 1160 1960 e
1182 1930 1238 1961 est
1261 1926 1489 1961 intervallum
1512 1923 1628 1962 multo
1650 1926 1778 1971 minus,
1805 1927 1871 1962 sci-

75 1979 163 2016 lieet
183 1980 247 2025 ’lm
268 1984 388 2016 tonus.
436 1983 487 2014 Ac
511 1978 581 2013 etsi
603 1978 640 2013 in
663 1977 831 2013 tensione
854 1977 1031 2023 perihelia
1054 1977 1176 2014 Venus
1202 1978 1364 2013 elevatur
1387 1990 1409 2014 a
1433 1979 1458 2015 d
1486 1978 1660 2014 tensionis
1694 1979 1869 2025 apheliae,
1924 1995 1931 2009 e

0 2031 7 2071 ζ
47 2052 55 2061 .
75 2037 115 2067 at
138 2031 291 2068 elevatio
314 2031 406 2067 haec
430 2035 486 2066 est
508 2031 623 2065 minor
648 2031 747 2072 diesi,
771 2040 836 2075 per
860 2041 912 2074 pr.
931 2030 988 2065 28.
1041 2030 1158 2066 Diesis
1184 2041 1267 2065 vero
1293 2038 1419 2076 (eaque
1433 2031 1552 2067 minus
1576 2031 1722 2076 aliquid)
1741 2032 1871 2076 juncta

5 2127 7 2131 Ι
77 2089 162 2120 tono
183 2083 315 2119 minori
354 2082 512 2118 nondum
544 2088 677 2126 aequat
703 2081 933 2117 intervallum
966 2082 1174 2117 harmoniae
1198 2082 1364 2117 minimae
1391 2083 1453 2128 516.
1501 2084 1582 2119 Non
1612 2083 1730 2128 potuit
1761 2084 1870 2128 igitur

76 2134 275 2182 perihelius
295 2134 397 2170 Jon‘s
421 2147 502 2171 cum
525 2135 669 2180 aphelio
688 2134 835 2170 Saturni
858 2138 1153 2179 praeterpropter
1181 2135 1218 2179 Ι18
1244 2136 1339 2170 tueri
1363 2140 1400 2170 et
1418 2135 1523 2170 simul
1546 2135 1765 2171 concordare
1789 2146 1869 2171 cum

75 2187 226 2223 Venere.
274 2186 344 2221 Sed
368 2197 434 2222 nec
460 2198 540 2222 cum
564 2186 721 2222 Tellure.
768 2187 861 2222 Nam
885 2186 914 2220 si
940 2186 1137 2230 perihelius
1162 2188 1262 2223 Jovis
1294 2188 1339 2222 ad
1365 2188 1531 2233 perihelii
1554 2188 1703 2223 Veneris
1736 2187 1869 2222 scalam

0 2239 21 2262 ³³⁵
74 2237 366 2279 accommodatus
388 2238 497 2274 fuerit
519 2238 555 2272 in
580 2238 732 2273 eandem
756 2238 977 2283 tensionem,
1013 2238 1063 2273 sic
1088 2245 1127 2273 ut
1152 2239 1244 2274 infra
1268 2241 1506 2284 quantitatem
1540 2239 1705 2275 concinni
1735 2240 1869 2275 minimi

12 2304 25 2323 r
73 2296 219 2328 meatur
245 2290 472 2327 intervallum
494 2301 576 2326 cum
600 2290 744 2335 aphelio
770 2290 917 2325 Saturni
945 2290 1003 2334 ¹l³‚
1029 2290 1167 2326 distans
1193 2291 1331 2327 scilicet
1362 2303 1384 2326 a
1407 2291 1583 2336 perihelio
1606 2291 1757 2326 Veneris
1781 2296 1867 2327 tono

6 2348 31 2382 4³:4⁴3
76 2343 236 2386 minore,
273 2352 323 2377 sc.
346 2341 409 2387 ’l¹⁰
437 2353 504 2378 seu
527 2343 604 2386 ³⁶5„
627 2346 799 2386 (praeter.
816 2341 939 2387 aliqua
963 2342 1150 2386 diapason)
1185 2353 1310 2378 versus
1342 2344 1480 2388 gravia:
1514 2343 1670 2379 Telluris
1703 2343 1868 2389 equidem

9 2378 29 2422 ᾖ
77 2393 274 2440 perihelius
302 2393 349 2429 ab
379 2393 503 2429 eodem
534 2392 709 2439 perihelio
734 2393 885 2428 Veneris
917 2393 1028 2429 distat
1058 2405 1123 2439 per
1148 2394 1208 2437 51ρ,
1234 2395 1273 2430 id
1295 2401 1353 2431 est
1374 2406 1439 2440 per
1463 2395 1560 2440 ²⁵l4o-
1607 2396 1735 2440 Itaque
1759 2396 1867 2431 dista-

8 2405 34 2518 }
78 2447 170 2482 bunt
191 2444 356 2490 perihelii
378 2444 535 2481 Telluris
566 2452 602 2479 et
625 2444 727 2480 Jovis
751 2441 818 2488 per
844 2444 936 2493 blas,
970 2451 1115 2489 praeter
1145 2445 1319 2490 diapason
1351 2447 1496 2491 aliquot.
1546 2447 1589 2482 Id
1611 2458 1695 2482 vero
1727 2447 1867 2483 harmo-

8 2498 34 2550 35,
82 2500 202 2535 uicum
226 2509 297 2533 non
322 2501 394 2542 est,
420 2497 552 2542 quippe
576 2497 726 2542 duplum
750 2497 863 2541 ipsius
889 2497 932 2542 ⁵1⁶
958 2508 1024 2532 seu
1048 2497 1217 2542 diapente
1241 2498 1454 2533 diminutum
1478 2509 1551 2534 una
1574 2498 1676 2534 diesi.

6 2546 34 2644 {s
106 2586 111 2591 -
196 2560 490 2609 Propositio
519 2559 742 2598 XXXVII.
803 2558 866 2596 Ad
895 2570 1084 2596 summam
1120 2560 1361 2610 propriarum
1397 2560 1680 2597 harmoniarum
1710 2560 1868 2598 Saturni

14 2619 35 2673 .{
83 2622 122 2655 et
150 2616 266 2668 ‚Iovis
297 2615 371 2669 ²13,
402 2621 439 2654 et
469 2615 517 2653 ad
549 2628 792 2655 communem
820 2617 868 2654 iis
895 2617 1083 2665 majorem
1120 2614 1164 2670 ¹13
1194 2617 1378 2656 accedere
1410 2619 1578 2668 oportuit
1618 2617 1867 2657 intervallum
1918 2615 1922 2621 ’

8 2662 37 2724 Ξ
83 2675 247 2725 aequale
278 2673 484 2712 intervallo
514 2673 690 2712 Veneris.

10 2737 32 2755 *r
110 2721 114 2725 ’
196 2730 290 2764 Nam
314 2729 436 2764 Venus
460 2727 601 2772 aphelio
624 2733 725 2764 motu
748 2728 893 2773 proprie
918 2728 1199 2772 designationem
1235 2728 1382 2772 adjuvat
1405 2729 1544 2772 generis
1570 2729 1665 2773 duri,
1691 2729 1865 2774 perihelio

10 2777 38 2804 Ὗ
60 2781 223 2826 ‘generis
247 2780 383 2825 mollis,
408 2790 474 2825 per
495 2790 549 2823 pr.
575 2779 631 2814 27.
661 2785 698 2815 et
723 2781 777 2815 33.
824 2781 895 2817 Sed
922 2782 1098 2817 Saturnus
1134 2780 1278 2826 aphelio
1304 2781 1511 2825 conspirare
1535 2780 1657 2816 debuit
1689 2782 1795 2816 etiam
1818 2782 1866 2818 ad

15 2853 42 2871 a
89 2843 202 2879 genus
227 2833 355 2868 durum
379 2837 417 2867 et
440 2832 492 2867 sic
516 2830 561 2866 ad
585 2831 766 2875 aphelium
789 2834 950 2878 Veneris,
973 2845 1040 2879 per
1062 2845 1115 2878 pr.
1140 2834 1202 2876 35,
1231 2831 1375 2876 Jupiter
1398 2841 1481 2866 vero
1505 2833 1679 2877 perihelio
1702 2833 1748 2868 ad
1772 2834 1864 2879 peri-

21 2876 43 2898 Ψ
87 2886 223 2921 heliam
246 2885 413 2929 Veneris,
438 2895 503 2928 per
526 2883 768 2928 praemissam.
815 2885 996 2929 Quantum
1019 2887 1128 2931 igitur
1151 2886 1273 2920 Venus
1297 2884 1382 2918 facit
1404 2883 1630 2919 intervallum
1652 2884 1697 2919 ab
1722 2885 1864 2930 aphelio

18 2932 41 2955 *¹
87 2938 125 2978 in
147 2936 377 2982 perihelium,
411 2940 550 2971 tantum
575 2934 682 2969 etiam
706 2937 876 2972 accedere
907 2949 1055 2980 necesse
1080 2943 1136 2974 est
1158 2936 1269 2972 motui
1290 2936 1393 2971 ‘Jovis
1425 2936 1495 2980 illi,
1531 2937 1593 2981 qui
1617 2948 1698 2972 cum
1721 2939 1862 2983 aphelio

91 2989 235 3026 Saturni
267 2988 354 3023 facit
379 2987 439 3033 ι1,-,,
475 2986 521 3023 ad
549 2986 762 3032 perihelium
785 2988 885 3024 Jovis
909 2990 1136 3034 ipsissimum.
1185 2989 1256 3024 Sed
1290 2988 1579 3033 eonvergentium
1603 2989 1704 3025 Jovis
1739 2995 1777 3034 et
1799 2990 1862 3038 Sa-

55 3080 59 3084 .
89 3040 187 3083 ‚turni
217 3039 403 3076 harmonia
436 3045 492 3076 est
516 3039 676 3085 praecise
703 3039 760 3084 ¹12,
795 3049 862 3085 per
883 3050 937 3086 pr.
961 3042 997 3079 8.
1042 3041 1171 3078 Ablato
1194 3041 1304 3086 igitur
1326 3039 1513 3077 intervauo
1540 3041 1583 3089 ¹12
1605 3041 1651 3078 ab
1675 3051 1738 3089 eo,
1766 3043 1862 3093 quod
