1994 3276
724 127 836 166 uter
856 126 921 164 m.
948 127 1065 189 Caput
1086 122 1151 162 IX.
1424 177 1441 185 ν
1750 118 1833 163 877

51 255 165 283 caasa
183 244 290 283 nih
307 248 386 291 aa,
401 245 586 291 gignitque
608 243 902 282 ratiocinationes
923 244 960 279 in
978 242 1174 288 disciplina
1197 240 1404 277 harmonica
1416 237 1607 285 injurio-aa
1629 235 1668 273 in
1691 244 1835 273 sensum

49 298 203 336 andha-
250 297 453 344 umens,
475 301 551 334 tam
576 296 619 334 12
641 295 730 333 adi
756 306 864 343 quam
890 295 932 332 12
956 294 1042 333 ad5
1065 291 1624 334 nontautmainterconcinnas,
1648 287 1836 335 sedplane

49 351 146 388 inter
165 357 346 388 conanus
366 349 621 397 proportiones
643 350 749 394 tunt,
780 348 915 395 quippe
937 359 1019 384 cnm
1043 352 1080 383 et
1101 347 1196 383 latus
1222 346 1443 392 dodecagoni
1472 349 1509 380 ct
1537 342 1710 380 subtensa
1734 340 1836 387 quin·

49 411 120 451 qao
143 403 255 449 signis
277 403 352 440 aiat
373 400 692 446 demonstrabiles;
723 405 761 437 ct
782 400 945 437 abutitur
966 399 1106 436 ratione
1129 399 1374 443 Ptolemaeus,
1406 397 1436 433 si
1461 399 1585 441 negat,
1611 395 1707 440 quod
1731 402 1836 430 aures

50 447 239 500 affimant,
261 465 315 492 ac.
337 453 603 500 semiditonum,
626 453 688 500 qui
710 453 981 500 proportionem
1004 452 1027 488 6
1051 451 1097 488 ad
1122 453 1143 488 5
1168 451 1338 496 continet,
1366 455 1404 487 et
1427 448 1603 494 diapason
1628 458 1709 484 cum
1733 445 1835 482 semi·

53 506 188 552 ditono,
218 505 282 553 qui
307 505 360 544 12‘
374 505 420 542 ad
444 506 483 547 5,
506 505 758 542 consonantias
781 515 872 542 esse.
1471 509 1481 514 “

167 559 264 596 lton
282 557 381 594 vm.
429 557 603 602 Superest
628 557 752 595 ultima
775 557 885 602 hujus
909 556 1036 602 capitis
1060 555 1300 601 comparatio.
1326 553 1423 599 quod
1447 554 1528 589 cum
1552 553 1654 596 signa
1683 550 1757 587 sint
1783 549 1836 593 ¹2,

49 609 512 654 deuthessnntspecies
537 608 1387 654 diatessawmsicctiamtressintsignorum
1412 602 1838 650 quadranguli‚etsicut

48 666 205 708 quatuor
224 661 412 708 diapente,
446 662 498 698 sic
522 662 630 697 etiam
654 667 812 708 quatuor
832 672 915 698 esse
937 661 1121 707 signorum
1144 658 1342 704 triangula,
1374 656 1435 694 nbi
1459 655 1549 693 nihil
1571 656 1706 700 habeo,
1739 652 1836 701 qnod

53 713 258 751 Ptole-m
282 722 328 750 ex
350 713 428 749 suis
451 713 636 759 principiis
661 723 858 759 opponam3
882 713 1035 760 pulcher
1058 724 1146 750 sane
1170 721 1367 759 responsus
1384 717 1452 747 est,
1477 711 1509 748 si
1530 719 1610 745 eum
1629 707 1753 743 rhetor
1774 708 1837 741 aut

49 769 159 812 poeta
178 764 310 812 alianis
332 765 532 810 intueatur,
562 767 630 802 etsi
653 767 954 812 comparationem
978 768 1057 812 ipse
1086 767 1122 802 in
1146 766 1234 802 meis
1264 761 1599 800 ratiocinationibus
1630 770 1705 814 non
1735 757 1838 795 adhi-

49 819 187 864 δοται,
212 819 298 865 quia
320 818 406 854 mihi
431 819 584 856 circulus
607 831 679 855 non
705 826 843 856 tannim
865 820 902 856 in
927 819 1096 863 dodeca-,
1129 817 1192 855 sed
1216 816 1324 852 etiam
1348 816 1384 852 in
1409 812 1668 855 decatemoria,
1693 815 1731 846 et
1754 810 1831 855 qui·

51 870 132 908 dem
154 881 178 908 a
200 870 363 917 quolibet
383 870 485 908 initio
510 872 676 909 dividuus
701 879 774 909 est.
799 883 916 918 eoque
939 871 1090 908 fortuita
1113 870 1254 907 videtur
1275 869 1338 905 illa
1361 866 1597 914 conspiratio,
1621 864 1837 901 necessitate

51 923 205 970 ’11111111
226 923 377 960 aflorum
401 924 692 970 praecedentium
716 935 955 971 consequens,
990 934 1056 961 nec
1089 922 1182 960 ultra
1206 923 1340 969 primas
1363 919 1619 957 consonantias
1650 926 1731 953 sese
1753 924 1837 961 pro·

49 976 180 1022 ferens,
202 975 249 1012 ad
271 975 370 1022 ipsas
393 977 500 1012 etiam
525 983 664 1023 septem
691 978 828 1023 species
853 976 1043 1024 diapason:
1075 987 1157 1013 nam
1180 985 1255 1012 ,sex
1281 974 1397 1011 solum
1426 972 1675 1020 oppositiones
1706 969 1744 1005 in
1769 967 1837 1004 cir·

48 1028 130 1065 culo
152 1028 223 1064 hoc
245 1033 352 1075 paeto
384 1030 475 1065 sumi
498 1036 679 1075 poterunt.
729 1024 956 1067 Ptolemaeus
985 1029 1131 1076 quidem
1156 1033 1304 1064 excusat
1334 1027 1420 1071 hoc,
1457 1024 1553 1070 quod
1586 1023 1723 1070 primae
1753 1030 1837 1058 con-

52 1080 239 1117 sonantiae
261 1081 361 1117 solae
386 1081 458 1116 sint
480 1082 756 1128 incompositae,
791 1083 964 1129 diapason
997 1081 1197 1128 composita
1227 1091 1273 1117 ex
1298 1080 1385 1116 illis:
1427 1079 1538 1125 Atqui
1570 1078 1641 1113 hoc
1670 1074 1759 1112 nihil
1789 1072 1835 1109 ad

50 1132 259 1175 rhombum,
293 1139 349 1170 est
374 1134 468 1169 enim
491 1136 689 1172 communis
713 1137 916 1180 excusatio,
947 1146 1019 1182 qua
1041 1134 1103 1181 qni
1127 1133 1211 1170 velit
1234 1133 1304 1174 uti,
1338 1134 1369 1169 is
1393 1142 1458 1179 per
1481 1139 1606 1167 omnes
1630 1125 1836 1184 considera·
1855 1132 1858 1140 “

50 1184 166 1222 tiones
190 1191 228 1221 et
251 1187 536 1232 comparationes
559 1187 731 1234 diapason
757 1199 778 1224 e
801 1199 949 1225 numero
973 1192 1096 1234 posset
1120 1187 1292 1223 eximere.
1324 1191 1451 1222 contra
1474 1188 1597 1219 votum
1611 1179 1835 1220 Ptolemaei?

50 1235 151 1273 nulla
173 1237 267 1274 enim
289 1238 466 1274 connexio
489 1244 545 1275 est
570 1241 677 1276 medii
701 1240 759 1275 hic
784 1240 930 1286 allegati
955 1251 1035 1278 cnm
1059 1239 1301 1282 conclusione,
1336 1244 1373 1275 et
1396 1242 1521 1284 posset
1543 1234 1673 1280 alianis
1696 1235 1836 1290 contra-

52 1288 144 1324 rium
166 1288 314 1325 inferre
345 1291 377 1326 si
408 1296 464 1328 est
488 1294 726 1339 compositum
758 1294 931 1339 diapason
965 1303 1010 1327 ex
1035 1292 1203 1338 diapente
1236 1297 1274 1327 et
1297 1291 1541 1326 diatessaron.
1574 1285 1699 1322 debuit
1730 1288 1837 1319 etiam

51 1349 236 1377 nnmerum
258 1340 395 1378 babere
417 1346 655 1390 compositum
680 1357 723 1381 ex
750 1345 907 1382 numeris
932 1345 1189 1381 elementorum
1213 1348 1235 1380 3
1260 1351 1297 1380 et
1317 1344 1350 1388 4,
1376 1348 1418 1378 ut
1441 1341 1574 1378 babeat
1596 1337 1742 1384 quidem
1764 1334 1838 1371 dia·

54 1401 168 1436 panon
190 1392 332 1437 speeies
342 1395 376 1439 7,
402 1405 588 1432 numerum
612 1398 848 1444 compositum
873 1409 918 1434 ex
942 1398 964 1435 3
988 1397 1213 1433 diatessaron
1245 1402 1281 1433 et
1305 1398 1327 1433 4
1353 1396 1536 1441 diapente,
1570 1402 1636 1429 ctu·
1657 1400 1744 1436 0¹8⁰
1766 1398 1839 1425 1¹⁰¹!

52 1444 159 1481 etiam
183 1445 419 1491 oppositionis
443 1457 526 1484 sunt
550 1451 571 1486 7
596 1451 812 1491 sumtioneS,
843 1455 992 1496 propter
1015 1452 1035 1485 4
1061 1450 1144 1485 trini
1176 1457 1211 1485 et
1236 1451 1258 1486 3
1283 1447 1446 1494 quadrati
1476 1443 1698 1482 sumtiones?
1745 1440 1836 1477 Mihi

52 1494 196 1541 quidem
213 1501 281 1556 ⁸est
301 1495 348 1548 ¹in
382 1506 521 1543 promtu
555 1502 761 1548 responsio,
797 1503 861 1538 sed
891 1513 986 1548 qnae
1016 1513 1085 1537 non
1111 1507 1167 1538 est
1198 1507 1442 1542 consentanea
1469 1500 1554 1535 huic
1581 1492 1839 1541 comparationi

51 1547 300 1593 Ptolmffle,
323 1558 373 1584 fle.
399 1553 484 1596 quia
507 1565 578 1590 non
603 1554 656 1590 sic
679 1555 866 1600 oppositus
892 1565 935 1589 ex
961 1555 1054 1590 trino
1079 1560 1115 1589 et
1138 1555 1312 1599 quadrato
1338 1553 1575 1598 componitur,
1601 1554 1641 1584 ut
1665 1548 1837 1593 diapason

51 1609 99 1656 ⁸¹-
118 1600 288 1646 diapente
310 1606 348 1637 ει
371 1602 605 1651 diatessaron,
632 1605 695 1642 sed
720 1608 948 1652 componitur
970 1608 1159 1652 oppositus
1183 1618 1229 1642 ex
1253 1607 1348 1642 trino
1373 1611 1410 1642 et
1434 1604 1569 1648 sextili,
1598 1601 1654 1637 vel
1681 1611 1726 1636 cx
1750 1600 1837 1636 dno·

0 1680 4 1709 J
52 1650 121 1688 bu
149 1652 353 1698 quadratis3
385 1659 423 1689 et
447 1664 538 1692 ‘vero
571 1658 768 1698 sexangula
792 1659 973 1703 signorum
1005 1659 1077 1695 duo
1101 1666 1200 1696 sunt.
1236 1659 1307 1695 dno
1338 1670 1422 1695 vero
1452 1663 1488 1693 et
1522 1660 1676 1701 quatuor
1697 1652 1835 1689 facium

0 1712 3 1734 ῑ
51 1712 132 1749 sex,
156 1704 208 1741 sic
231 1713 269 1742 et
290 1708 348 1745 bis
370 1710 451 1744 tria.
1772 1743 1781 1746 ,-

72 1808 81 1816 0
156 1758 269 1814 >ΩΙειιπὶ
290 1767 411 1802 autem
436 1762 605 1807 diapente
628 1774 699 1798 non
725 1764 772 1798 sit
796 1765 996 1808 composita
1020 1764 1269 1807 consonantia,
1296 1767 1383 1808 puta
1406 1772 1452 1796 ex
1475 1759 1722 1797 consonantiis
1745 1757 1836 1795 aliia

5 1831 10 1862 ,⁴
51 1818 143 1852 sive,
163 1811 271 1856 'quod
293 1813 390 1849 idem
412 1819 486 1857 est,
520 1814 617 1859 qnod
650 1826 723 1851 uon
747 1817 862 1861 possit
888 1815 996 1852 dividi
1026 1817 1060 1852 in
1086 1816 1339 1852 consonantias
1364 1826 1403 1850 se
1428 1814 1601 1857 minores,
1633 1812 1670 1848 id
1704 1811 1836 1848 falsum

3 1913 6 1919 ,
53 1873 277 1909 consequens
300 1871 360 1901 est*
379 1866 426 1902 ad
448 1866 580 1904 falsum
603 1868 834 1903 antecedens:
861 1868 1023 1904 ditonum
1042 1874 1078 1904 et
1095 1866 1356 1911 semiditonum,
1381 1871 1501 1912 partes
1525 1865 1640 1911 ipsius
1656 1863 1840 1908 diapente,

50 1926 123 1952 non
146 1925 226 1952 esse
247 1919 517 1963 consonantias;
551 1919 636 1964 quia
662 1930 699 1955 sc
738 1919 968 1956 Ptolemaeus
993 1931 1077 1956 suas
1101 1919 1357 1956 consonantias
1388 1918 1468 1954 aliis
1498 1915 1682 1963 principiis
1712 1920 1749 1950 et
1772 1924 1837 1950 nu-

11 1982 13 1986 *
51 1978 228 2004 merorum
255 1969 398 2006 familiis
435 1981 622 2016 perperam
652 1971 795 2015 definit,
830 1971 899 2006 vim
931 1972 1089 2008 inferens
1121 1972 1268 2009 auribus
1298 1978 1361 2008 aut
1394 1976 1491 2007 certe
1516 1969 1622 2005 modo
1645 1965 1836 2014 loquendi:

18 2035 21 2038 ⁴
51 2018 194 2055 omnino
217 2021 310 2057 enim
333 2022 405 2058 dno
430 2023 606 2058 elementa
632 2024 745 2068 ipsius
769 2023 954 2068 diapente,
981 2024 1124 2060 ditonus
1141 2030 1179 2060 et
1193 2024 1438 2060 semiditonus.
1464 2031 1549 2058 sunt
1567 2020 1835 2057 consonantiae.

14 2079 16 2082 ’
167 2071 331 2118 Denique
354 2072 566 2117 ἆιυρυλογια
591 2081 647 2111 est
672 2075 707 2109 in
734 2076 801 2110 hac
827 2075 1076 2120 philosophiae
1094 2084 1207 2122 parte,
1236 2077 1504 2112 consonantiam
1522 2075 1695 2119 diapason
1719 2072 1837 2108 dicere

57 2124 308 2168 compositam,
333 2137 399 2170 pro
423 2137 481 2160 eo.
514 2127 609 2170 quod
636 2128 704 2163 dici
730 2126 870 2167 debuit,
902 2127 999 2163 illam
1024 2130 1105 2164 esse
1131 2129 1166 2163 iu
1192 2128 1442 2164 consonantias
1466 2128 1620 2163 minores
1645 2124 1835 2161 dividuam.

15 2183 26 2186 ·
52 2174 144 2211 Nam
178 2176 208 2211 si
238 2183 339 2213 ortus
371 2178 609 2215 conditionem
634 2180 844 2224 respicias‚=
859 2180 946 2215 nihil
971 2181 1038 2216 hac
1064 2181 1296 2217 consonantia
1321 2182 1523 2217 identisona
1546 2179 1744 2225 simplicius
1767 2181 1837 2220 est,

50 2236 117 2262 nec
139 2229 254 2274 magis
278 2240 322 2263 ex
347 2229 570 2266 diatessaron
600 2237 633 2266 et
658 2232 826 2277 diapente
856 2234 1054 2278 composita
1078 2235 1147 2270 dici
1172 2240 1308 2279 potest,
1343 2232 1449 2279 quam
1481 2243 1613 2279 corpus
1637 2244 1682 2267 ex
1706 2229 1837 2275 capite,

31 2285 90 2327 Iet
111 2286 256 2325 trunco,
290 2282 374 2327 quia
398 2293 447 2318 sc.
483 2284 518 2317 in
544 2284 611 2319 isui
645 2283 838 2319 dividuum.
888 2285 961 2321 Sed
991 2297 1057 2322 nec
1090 2287 1314 2322 diatessaron
1349 2292 1385 2321 et
1410 2286 1577 2331 diapente
1607 2285 1654 2319 ob
1682 2283 1720 2319 id
1754 2287 1837 2318 suut

28 2333 316 2377 consonantiae,
340 2334 424 2378 quia
447 2334 672 2371 constituunt
690 2336 819 2380 juncta
837 2337 1021 2382 diapason,
1047 2338 1111 2373 sed
1128 2339 1214 2383 quia
1228 2337 1413 2383 quodlibet
1431 2348 1474 2372 ex
1492 2347 1558 2372 sua
1573 2336 1705 2372 idonea
1721 2334 1837 2378 figura

52 2386 200 2422 seorsim
224 2385 354 2428 oritur,
381 2392 419 2421 ut
444 2385 620 2431 explicavi
644 2386 735 2423 libro
761 2399 839 2423 meo
863 2389 927 2424 ΙΙΙ.
954 2400 1031 2434 cap.
1057 2392 1088 2425 4.
1113 2390 1197 2425 folio
1223 2391 1275 2425 ΞΗ.
1302 2391 1415 2433 (152.)
1750 2422 1757 2428 .

12 2500 14 2502 q
167 2449 368 2497 Explicatis
391 2450 501 2494 igitur
525 2451 581 2487 his
606 2452 747 2489 duobus
772 2455 966 2490 Ptolemaei
991 2455 1170 2500 capitibus
1202 2459 1238 2490 et
1262 2459 1408 2489 ostensa
1438 2452 1623 2498 multiplici
1654 2460 1836 2497 compara-

10 2538 14 2539 ⁷
46 2502 189 2551 tionum
215 2503 342 2539 harum
366 2503 607 2548 absurditate,
642 2511 782 2550 tempus
808 2512 879 2549 est,
905 2512 947 2542 ut
974 2506 1059 2550 quid
1082 2507 1118 2541 in
1142 2506 1185 2540 iis
1211 2516 1351 2547 verum,
1383 2510 1533 2540 naturae
1556 2509 1835 2540 consentaneum

45 2561 90 2606 et
112 2555 256 2592 causale
279 2555 338 2599 sit,
363 2555 512 2590 seorsim
537 2557 574 2591 in
597 2563 794 2603 conspectu
812 2557 984 2595 collocem
1002 2569 1247 2604 summamque
1265 2558 1322 2594 hic
1336 2558 1493 2603 aliquam
1509 2568 1709 2603 proponam
1725 2557 1836 2592 totius

47 2617 123 2643 ‘wel
144 2607 226 2642 libri
248 2609 379 2652 quarti.
427 2607 495 2642 Est
519 2615 638 2644 autem
662 2610 749 2644 ista:
782 2611 878 2654 quod
902 2611 1042 2646 animus
1066 2610 1265 2646 formaliter
1290 2610 1355 2645 sibi
1379 2610 1489 2646 habet
1516 2610 1728 2655 impressum
1753 2607 1852 2645 cha-⁷

143 2674 147 2679 ·
183 2674 187 2679 ·
206 2676 221 2689 ιι
255 2658 379 2694 circuli
397 2659 676 2705 figurarumque,
701 2672 793 2706 quae
811 2662 982 2698 circulum
1002 2662 1164 2698 dividunt
1186 2662 1472 2706 demonstrative,
1497 2667 1534 2697 et
1554 2662 1835 2707 proportionum,

50 2731 66 2747 -‚·
88 2730 92 2741 ·
132 2727 138 2743 2
166 2711 356 2747 constituit
385 2711 538 2746 circulus
561 2717 661 2748 totns
685 2724 765 2749 cum
788 2715 959 2758 arcubus,
991 2726 1081 2760 quos
1105 2716 1266 2760 singulae
1299 2715 1490 2760 figurarum
1522 2714 1637 2750 lineae
1672 2712 1836 2749 determi-

53 2806 58 2813 ί
110 2769 150 2798 t.
199 2764 286 2798 Cum
309 2763 418 2807 igitur
439 2763 576 2823 figurae
599 2764 681 2800 illae
705 2776 776 2800 non
799 2772 938 2803 tantum
963 2769 1060 2828 entia
1083 2769 1154 2803 sint
1176 2767 1383 2827 scientialia,
1410 2772 1450 2802 ut
1475 2767 1754 2825 demonstrat-um
1779 2770 1836 2801 est

111 2985 116 3000 2
145 2981 269 3008 earum
291 2980 357 3015 per
380 2981 507 3007 sensus
530 2971 724 3008 introrsum
748 2974 793 3009 ad
818 2975 957 3012 animae
980 2978 1103 3013 limina
1128 2977 1295 3013 exhibitis
1318 2976 1438 3020 ibique
1461 2975 1556 3011 inter
1581 2984 1621 3010 se
1646 2974 1691 3010 ab
1716 2974 1833 3011 anima

107 3023 299 3081 :pai-atis),
335 3022 399 3059 sed
429 3023 536 3060 etiam
569 3034 608 3058 se
642 3025 740 3069 ipsas
771 3026 996 3066 conforment
1024 3029 1061 3064 in
1094 3030 1169 3065 suis
1201 3027 1468 3073 operationibus
1504 3026 1550 3064 ad
1573 3026 1832 3072 praescriptum

72 3094 75 3096 -
106 3089 110 3103 ι
131 3089 170 3104 ···=
202 3075 489 3120 proportionum,
524 3081 562 3112 ut
587 3086 658 3122 quo
682 3076 865 3122 pulchrior
894 3084 951 3117 est
979 3080 1233 3128 unaquaelibet
1256 3089 1378 3116 earum
1412 3084 1449 3116 et
1471 3089 1543 3125 quo
1567 3079 1831 3125 congruentior,
