1994 3276
177 68 258 112 382
856 61 1052 105 Ptolemaei
1075 61 1282 106 Harmonia.

173 193 301 228 sumta
319 189 447 228 minus
467 184 562 238 quid
580 191 682 236 sunt,
703 193 820 238 qnam
843 188 1053 239 residuum,
1074 191 1113 228 in
1133 191 1263 240 specie
1285 193 1394 230 tensa
1415 189 1537 242 dicta3
1559 189 1626 242 qui
1647 187 1818 242 denique
1833 192 1968 231 cursus

174 249 387 295 maximos,
429 247 513 285 sive
544 247 610 296 qui
640 256 790 285 rursum
821 246 872 286 ad
901 247 1070 287 maxima
1099 247 1306 287 intervalla
1335 260 1360 287 a
1397 247 1520 288 Terra
1556 248 1844 300 consequantur
1883 246 1968 288 'slve

172 305 222 345 ad
252 306 424 353 minima,
455 304 661 343 diatonicis
691 302 1110 355 accommodabuntur,
1141 305 1247 358 quod
1277 307 1316 344 in
1348 307 1395 346 iis
1425 304 1637 360 secundum
1668 309 1804 358 geniis,
1835 304 1966 347 inten-

173 376 260 402 sum
292 359 457 411 dictum,
487 374 736 412 nequaquam
768 363 849 402 duo
874 362 1081 404 intervalla
1111 363 1262 414 reliquo
1292 367 1441 404 minora
1469 362 1585 415 fiant,
1616 373 1656 406 et
1685 367 1781 421 quia
1807 366 1848 405 in
1877 365 1968 405 uni-

174 434 342 462 versum·
371 422 461 460 hinc
495 432 620 471 genus
660 421 974 471 enharmonium,
1019 422 1109 461 inde
1151 435 1332 462 cursuum
1374 422 1626 464 brevissimus
1671 418 1890 475 deprimunt
1929 429 1968 463 et

171 480 405 520 contrahunt
441 478 522 519 illic
568 485 746 527 cantum,
778 481 841 519 hic
871 480 1124 530 celeritatem,
1170 481 1407 521 diatonicum
1437 493 1532 522 vero
1562 489 1600 522 et
1630 494 1811 522 cursuum
1839 484 1968 522 maxi-

112 554 116 558 ·
172 550 258 578 mus
298 538 487 577 diducunt
528 543 567 576 ct
609 537 798 584 dilatant,
845 538 1124 578 chromaticum
1167 539 1324 578 tandem
1365 546 1404 579 et
1440 550 1574 580 cursus
1603 541 1810 580 mediocris
1838 540 1967 580 locum

170 596 458 648 quodammodo
489 595 658 635 medium
688 598 786 635 inter
816 602 988 637 extrema
1019 595 1223 650 teneutVI).

284 669 381 706 Nota
406 669 432 704 I.
481 667 589 703 Haud
612 668 721 714 paulo
753 668 880 705 melius
913 680 1007 705 nunc
1033 670 1159 716 incipit
1183 669 1411 706 Ptolemaeus
1443 664 1711 717 philosophari,
1748 670 1832 707 dnm
1855 671 1965 708 misso

168 727 269 760 motu
303 723 418 769 primo
446 721 573 757 diurno
609 720 684 766 (qui
707 727 746 757 re
773 731 856 757 vera
879 722 1063 759 volutione
1087 722 1243 758 Telluris
1279 720 1421 768 accidit)
1457 721 1588 759 transit
1610 722 1656 758 ad
1681 723 1860 760 secundos
1883 732 1966 760 vere

169 775 356 818 coelestes,
381 779 417 811 et
441 774 702 810 mutationibus
726 772 1013 820 intervallorum,
1040 784 1134 821 quae
1157 774 1370 820 contingunt
1393 776 1430 811 in
1453 771 1515 821 iis,
1546 779 1731 821 comparat
1753 770 1963 812 varietatem

168 839 340 877 generum
363 832 492 864 cantus
516 837 538 862 a
562 826 743 863 veteribus
768 832 998 872 usurpatam3
1033 829 1100 864 etsi
1131 832 1270 873 portam
1298 826 1344 864 ad
1367 824 1620 876 philosophiae
1643 829 1828 877 mysteria,
1858 834 1965 875 quam

166 881 311 928 reperit,
336 891 407 916 non
431 879 640 925 ingreditur,
667 889 753 916 suae
778 878 961 917 felicitatis
986 881 1063 927 ipse
1087 881 1244 925 ignarus.
1276 881 1539 927 Praetereaque
1563 887 1600 917 et
1622 881 1756 918 titubat
1778 880 1877 919 varie
1899 883 1964 918 im·

166 934 355 981 pingitque
378 933 415 967 in
438 932 663 970 harmonices
688 933 873 969 salebrosa
898 934 964 977 via,
991 938 1056 979 per
1079 945 1248 970 numeros
1265 933 1463 979 incedente,
1489 934 1646 970 nondum
1672 933 1859 993 explorata
1881 941 1966 971 vera

167 991 204 1022 et
226 986 312 1023 trita
336 986 461 1022 semita
488 990 554 1030 per
576 984 710 1030 figuras
735 984 874 1031 planas.

257 1051 355 1086 Nota
378 1049 422 1085 11
470 1050 563 1084 Nam
579 1049 706 1095 primo,
731 1061 803 1095 quo
828 1050 946 1086 medio
967 1051 1198 1087 Ptolemaeus
1222 1051 1259 1086 in
1276 1051 1471 1087 traditione
1496 1051 1786 1089 harmonicorum
1802 1055 1965 1090 veterum

167 1102 421 1147 tetrachorda,
458 1102 495 1137 in
519 1102 610 1138 haec
635 1101 777 1138 diversa
812 1113 944 1147 genera
981 1103 1258 1149 transformata,
1296 1104 1390 1140 inter
1412 1102 1628 1139 inconcinna
1650 1102 1799 1151 rejecit,
1837 1105 1963 1142 eodem

164 1153 281 1192 medio
308 1159 344 1191 et
369 1166 436 1200 ego
463 1146 684 1192 Ptolemaica
708 1156 957 1200 tetrachorda,
983 1156 1130 1202 rejectis
1157 1157 1364 1198 substituta
1391 1161 1428 1193 et
1453 1157 1598 1192 omnino
1621 1168 1756 1204 genera
1777 1158 1858 1205 ipsa
1882 1161 1966 1204 (nisi

165 1210 202 1244 in
222 1212 401 1268 quantum
427 1208 649 1253 respondent
673 1213 797 1244 nostro
824 1209 945 1245 cantui
972 1209 1062 1245 duro
1101 1214 1137 1244 et
1162 1208 1274 1255 molli)
1312 1215 1350 1245 ιιι
1375 1209 1590 1252 inconcinna
1627 1216 1664 1247 et
1687 1222 1760 1246 non
1783 1212 1965 1253 naturalia

165 1260 300 1306 rejicio
348 1259 417 1295 Ille
453 1259 598 1320 quidem
636 1259 710 1295 suis
744 1260 803 1295 hic
839 1260 939 1296 falsis
975 1262 1159 1307 principiis
1197 1267 1233 1298 et
1268 1273 1401 1298 numer·
1395 1261 1504 1298 -ιΙιιιιιι
1536 1259 1717 1298 rationum
1739 1258 1884 1300 familiis
1907 1268 1964 1301 est

166 1325 278 1358 usus,
315 1323 382 1357 ego
406 1313 495 1349 meis
521 1312 612 1348 veris
638 1313 823 1359 principiis
850 1319 887 1353 et
909 1314 1146 1351 monochordi
1170 1315 1389 1351 sectionibus
1415 1319 1518 1360 utor,
1555 1321 1648 1359 quae
1671 1325 1744 1351 non
1769 1314 1963 1351 admittunt

165 1360 229 1405 illa
252 1365 441 1403 intervalla
465 1365 687 1401 Ptolemaica
711 1367 805 1403 inter
829 1368 1014 1404 concinna.
1047 1368 1112 1403 Ille
1137 1369 1277 1419 aurium
1297 1362 1473 1412 iudici‘um
1499 1343 1595 1403 circa
1618 1365 1683 1403 illa
1701 1367 1962 1409 constituenda

166 1419 371 1457 contemtim
395 1419 543 1462 habuit,
580 1429 647 1464 ego
672 1419 762 1455 illud
787 1419 842 1456 vel
867 1421 1020 1455 maxime
1055 1421 1131 1466 pati
1167 1413 1315 1465 possum
1352 1418 1515 1464 ideoque
1539 1416 1669 1456 testem
1703 1416 1821 1456 habeo
1846 1425 1962 1457 totum

168 1485 282 1520 genus
307 1472 515 1517 humanum,
540 1472 644 1516 cujus
670 1473 847 1519 interpres
872 1472 1087 1509 Plutarchus
1114 1472 1245 1509 alicubi
1269 1476 1545 1515 commemorat,
1566 1472 1642 1516 ,iam
1667 1484 1734 1509 sua
1757 1476 1878 1509 aetate
1899 1483 1962 1518 pe-

148 1523 264 1569 'nitus
289 1525 441 1562 desiisse
465 1536 579 1571 genus
605 1526 877 1562 enharmonium
901 1525 1133 1570 necmtell1g1
1157 1524 1313 1571 amplius
1340 1525 1513 1571 potuisse,
1538 1523 1647 1571 quale
1669 1524 1789 1562 fuerit.
1823 1523 1960 1561 Similia

167 1578 374 1616 Macrobius
397 1579 434 1614 in
459 1578 644 1614 Somnium
671 1578 860 1624 Scipionis,
885 1576 1084 1614 Plutarcho
1109 1577 1300 1623 posterior,
1328 1578 1373 1613 de
1397 1588 1465 1614 sua
1489 1582 1608 1614 aetate
1631 1577 1752 1615 refert.
1776 1577 1839 1613 At
1862 1578 1960 1623 quod

166 1637 297 1668 natura
320 1632 572 1678 implantatum
599 1636 655 1667 est
679 1631 883 1667 hominibus
897 1658 908 1675 ‚
944 1641 1016 1667 non
1041 1629 1217 1666 amittitur
1231 1659 1239 1675 ,
1276 1629 1339 1665 sed
1372 1629 1489 1666 excoli
1524 1631 1634 1676 inque
1656 1629 1774 1666 lucem
1809 1628 1964 1676 proferri
1982 1654 1990 1663 ,

169 1684 367 1721 consuevit.
393 1684 442 1720 Et
466 1689 506 1719 ut
531 1684 622 1725 dem,
645 1683 709 1720 illa
732 1684 802 1720 tria
826 1693 958 1728 genera
982 1693 1063 1718 esse
1088 1687 1332 1718 consentanea
1356 1683 1478 1719 cantui
1502 1682 1556 1727 (ut
1580 1682 1615 1727 si,
1634 1682 1717 1728 quis
1740 1682 1961 1720 mordentias
1987 1726 1994 1732 ,

165 1741 309 1773 nostras
334 1743 398 1773 aut
421 1737 612 1772 tremulam
635 1737 733 1772 vocis
759 1735 993 1772 vibrationem
1016 1739 1156 1780 partem
1183 1733 1268 1771 velit
1292 1735 1412 1772 facere
1435 1735 1577 1780 generis
1601 1735 1849 1781 enharmonii),
1874 1732 1962 1782 quid
1991 1775 1994 1778 Α

166 1791 259 1826 haec
281 1789 494 1835 irregularia
519 1786 565 1824 ad
590 1788 858 1833 regularissima
882 1788 1125 1834 perfectorum
1150 1787 1405 1824 concinnorum
1430 1788 1629 1835 principia?

257 1848 353 1884 Nota
378 1847 443 1882 III.
493 1848 580 1882 Jure
605 1846 713 1883 etiam
739 1847 807 1882 hoc
831 1857 1005 1892 quaeraS,
1043 1858 1124 1882 cum
1148 1846 1378 1883 Ptolemaeus
1403 1847 1630 1884 antecedenti
1653 1853 1692 1884 et
1713 1839 1880 1893 sequenti
1902 1858 1961 1885 ca·
1988 1866 1990 1870 >

166 1901 303 1946 pitibus
328 1901 373 1936 de
397 1905 496 1936 motu
521 1900 637 1945 primo
661 1904 755 1944 agat⁴¹
782 1911 846 1935 cur
865 1899 941 1943 jam
966 1900 1002 1934 in
1027 1903 1145 1935 motus
1170 1899 1371 1936 altitudinis
1396 1899 1540 1944 negotio
1557 1900 1715 1936 animum
1738 1900 1776 1936 in
1793 1901 1960 1938 secundis

165 1954 323 1990 motibus
348 1957 470 1988 teneat
495 1954 741 1997 occupatum?
790 1954 870 1989 Etsi
893 1954 964 1988 hoc
989 1964 1075 1989 sane
1099 1953 1256 1998 optime,
1293 1951 1383 1987 illud
1415 1962 1500 1986 vero
1524 1948 1662 1987 vitiose.
1706 1953 1831 1997 ,Causa
1852 1940 1988 2003 igit-1⁸3

166 2009 240 2050 est,
279 2005 364 2049 quia
387 2005 618 2040 Ptolemaeus
643 2015 688 2039 ex
715 2016 787 2040 una
823 2009 925 2050 parte
950 2006 1110 2042 abundat
1135 2017 1206 2042 uno
1236 2015 1368 2050 genere
1393 2009 1537 2045 cantus,
1573 2004 1671 2048 quod
1696 2005 1863 2042 naturale
1886 2018 1959 2045 non
1974 2034 1982 2043 ι

166 2063 239 2103 cst,
265 2058 328 2094 sed
354 2057 585 2093 arbitrarium
609 2061 645 2092 et
669 2056 887 2102 abhorrens,
913 2069 958 2092 ex
982 2058 1095 2093 altera
1119 2064 1222 2104 parte
1246 2063 1350 2104 eget,
1373 2058 1544 2103 ignorans
1568 2062 1783 2102 aspectuum
1806 2058 1974 2096 alterum.

166 2122 292 2156 genus,
320 2111 517 2156 quintilem,
543 2110 777 2155 biquintilem,
805 2109 973 2155 devilem,
999 2110 1206 2145 tridecilem.
1255 2111 1336 2146 Non
1361 2110 1476 2154 potuit
1502 2111 1611 2154 igitur
1635 2110 1694 2146 hic
1719 2115 1840 2156 aptam
1866 2123 1959 2148 com-

166 2164 392 2208 parationem
417 2168 453 2198 et
479 2162 724 2208 superioribus
750 2163 937 2207 analogam
964 2164 1098 2198 facere..
1140 2163 1202 2198 sed
1228 2163 1375 2201 violavit
1399 2163 1458 2198 hic
1484 2164 1564 2206 jura
1594 2158 1726 2209 aliena,
1765 2174 1960 2200 excurrens

166 2217 211 2252 ad
235 2221 355 2252 motus
390 2215 614 2261 planetarum
652 2215 838 2260 prop1ios,
876 2227 955 2252 cum
982 2222 1065 2252 inte
1091 2222 1124 2251 et
1162 2221 1246 2261 post
1271 2216 1315 2251 de.
1341 2217 1456 2261 primo
1481 2221 1580 2251 motu
1605 2221 1700 2261 agat
1749 2215 1826 2252 Nos
1850 2216 1960 2260 igitur
1993 2227 1994 2230 ¹

165 2270 263 2306 hunc
298 2270 376 2314 ejus
403 2269 582 2304 defectum
608 2279 651 2303 ex
690 2267 797 2310 hujus
833 2269 955 2313 operis
992 2268 1052 2303 lib.
1078 2268 1117 2302 Υ
1145 2269 1264 2312 capite
1289 2270 1321 2303 5.
1346 2278 1536 2313 possemus
1561 2268 1748 2312 supplere,
1787 2268 1818 2303 si
1841 2267 1961 2303 missis

166 2322 234 2357 hac
258 2323 335 2357 vice
359 2321 518 2356 motibus
554 2321 590 2356 in
628 2320 741 2355 altum
781 2320 855 2364 (qui
891 2326 976 2356 sunt
999 2320 1149 2356 affectus
1175 2326 1334 2356 motuum
1372 2321 1595 2365 planetarum
1621 2320 1765 2366 quidem
1789 2321 1977 2364 omnium,

165 2372 227 2408 sed
253 2377 431 2418 quatenus
456 2373 481 2408 ii
506 2373 642 2408 suntin
661 2372 749 2418 ipsis
775 2383 868 2408 veie
893 2383 965 2408 non
983 2378 1196 2418 apparentei
1212 2375 1365 2418 tantum)
1391 2373 1602 2417 diceremus,
1628 2373 1698 2409 duo
1722 2383 1803 2409 esse
1827 2358 1976 2419 generisi

165 2431 388 2471 aspectuum,
413 2426 563 2462 alterum
590 2437 633 2461 ex
661 2411 879 2462 duodenaria
901 2425 1060 2460 sectione
1083 2425 1232 2463 zodiaci
1258 2426 1408 2461 alterum
1436 2437 1479 2461 ex
1499 2425 1661 2467 denaria,
1688 2437 1841 2471 quorum
1865 2425 1955 2462 illud

166 2478 288 2526 generi
314 2483 441 2514 cantus
467 2478 564 2514 molli
590 2478 818 2522 iespondeat,
845 2478 914 2514 hoc
938 2478 1045 2522 duro,
1072 2477 1155 2523 quia
1180 2478 1401 2513 duodenaria
1423 2478 1560 2514 zodiaci
1585 2479 1696 2514 sectio
1722 2490 1803 2515 cum
1829 2478 1956 2515 sectio·

166 2533 272 2568 nibus
297 2531 454 2566 chordae
477 2530 618 2575 genelis
645 2528 781 2572 mollis,
807 2526 953 2565 (len-iria
978 2540 1061 2565 vero
1087 2541 1166 2565 cum
1193 2540 1324 2576 genere
1349 2531 1438 2567 duro
1464 2529 1609 2567 easdem
1632 2529 1765 2576 figuras
1789 2529 1954 2594 progeni·

164 2583 271 2619 trices
298 2582 441 2625 babeat
466 2588 505 2618 ut
530 2582 596 2617 sub
623 2581 756 2617 exitum
783 2582 864 2617 libri
890 2582 957 2617 mei
981 2582 1085 2627 primi
1111 2587 1313 2618 ostensum:
1346 2588 1382 2618 et
1407 2582 1552 2629 quidem
1580 2589 1622 2620 ut
1646 2580 1738 2620 duae
1762 2583 1836 2629 fign

164 2636 298 2672 classes
324 2641 426 2680 sunt,
460 2635 512 2671 ita
535 2634 642 2670 etiam
669 2633 810 2668 duobus
835 2634 1106 2678 proportionum
1132 2634 1323 2678 generibus
1349 2635 1511 2680 singulae
1535 2638 1701 2681 utuntur,
1739 2635 1791 2671 dc
1808 2644 1878 2681 quo
1901 2626 1957 2670 vi!

165 2687 293 2724 dentur
318 2692 417 2724 totus
440 2697 543 2723 meus
571 2686 663 2720 liber
688 2686 715 2719 1.
1928 2682 1951 2710 ι

277 2747 374 2783 Nota
398 2747 458 2781 IV.
509 2745 565 2781 Ad
603 2743 903 2790 comparationem
941 2744 1214 2788 quantitativam
1247 2758 1319 2782 non
1345 2747 1495 2792 sufficit,
1533 2747 1718 2793 applicare
1740 2747 1842 2784 hine
1870 2744 1955 2783 ιιιᾱὸ

163 2799 452 2844 generalissimas
469 2798 702 2842 differentias,
721 2796 913 2840 minimum,
939 2796 1105 2841 medium,
1124 2798 1315 2834 maximum
1333 2800 1451 2842 unius,
1474 2799 1634 2845 minimo,
1650 2798 1781 2842 medio,
1799 2798 1952 2835 maxime

164 2853 326 2889 alterius.
375 2852 502 2898 Cogita
537 2851 664 2897 igitur,
703 2850 760 2886 cni
795 2850 875 2885 usui
912 2851 1131 2897 comparatio
1157 2851 1247 2887 haec
1284 2862 1455 2896 generum
1478 2863 1559 2887 cum
1595 2852 1815 2896 intervallis,
1852 2851 1883 2887 si
1907 2859 1951 2887 m

164 2905 304 2941 illorum
339 2904 586 2949 magnitudine
622 2911 788 2938 mensura
822 2900 972 2936 istarum
997 2912 1069 2937 non
1094 2903 1298 2947 dependet?
1346 2903 1462 2939 Multo
1493 2903 1587 2939 enim
1609 2903 1852 2939 diversissima
1874 2902 1950 2948 pla*

165 2960 269 2991 netae
294 2957 432 2993 faciunt
455 2956 644 2993 intervalla
667 2954 809 3000 singuli,
834 2963 941 2999 quam
964 2953 1054 2990 haec
1078 2965 1209 2999 genera
1233 2960 1372 3002 cantus,
1398 2955 1465 2991 etsi
1489 2960 1659 2991 constant
1682 2959 1718 2990 et
1739 2955 1819 3000 ipsa
1842 2955 1949 2998 iatam

166 3007 270 3045 vallis
295 3010 511 3054 quibusdam
534 3009 698 3045 minimis.
746 3007 911 3052 Denique
934 3006 1164 3044 Ptolemaeus
1197 3008 1357 3053 applicat
1387 3008 1577 3054 generibus
1609 3012 1736 3044 cantus
1760 3005 1948 3048 intervalla

166 3061 387 3107 singulorum
411 3062 646 3106 planetarum,
671 3072 742 3097 non
766 3065 862 3097 recte
878 3066 1091 3105 comparans
1115 3062 1209 3096 inter
1233 3071 1272 3096 se
1289 3060 1508 3098 diversarum
1531 3071 1649 3097 rerum
1675 3059 1824 3105 species.
1860 3050 1955 3095 Tres
1968 3105 1970 3107 ‚
