1988 3276
142 127 193 167 18
491 155 494 160 .
911 121 1140 158 Prooemium

138 242 330 295 Keplerus
360 244 487 295 ipsum
518 239 768 296 (Fluddium)
810 242 983 282 obscuris
1013 253 1140 281 rerum
1169 241 1453 292 aenigmatibus
1485 239 1667 281 delectari
1697 240 1820 290 dicat,
1861 241 1927 291 qui

137 314 198 342 res
228 304 335 354 ipsas
365 302 601 342 obscuritate
642 301 841 340 involutas
871 303 908 339 in
951 302 1078 340 lucem
1117 300 1334 340 intellectus
1373 300 1541 350 proferre
1579 299 1752 348 studeat,
1796 303 1929 338 contra

139 373 240 411 quae
270 361 459 400 Fluddius
488 359 621 399 literas
652 371 676 398 a
697 358 901 399 Germanis
924 364 962 399 et
983 358 1110 398 Gallis
1129 360 1280 408 missas,
1312 360 1452 409 quibus
1474 357 1602 397 studia
1621 369 1693 397 sua
1710 357 1927 406 laudentur,

137 419 292 470 profert.
351 421 698 466 Mathematicorum,
727 419 865 469 pergit,
904 419 1103 464 vulgarium
1127 424 1192 466 est,
1218 420 1313 456 circa
1335 419 1479 456 umbras
1504 418 1758 465 quantitativas
1783 417 1928 463 versari,

138 474 290 521 chymici
307 478 342 510 et
358 473 555 510 Hermetici
579 483 699 509 veram
724 484 914 519 corporum
930 472 1146 508 naturalium
1161 473 1352 509 medullam
1370 472 1645 518 amplectuntur,
1669 468 1772 508 unde
1792 469 1930 507 transit

137 530 188 570 ad
215 530 479 583 laudationem
520 530 710 577 chemiae,
755 531 817 568 cui
856 527 1106 567 fundamenta
1134 534 1295 569 naturae
1326 531 1402 568 sint
1430 528 1639 579 patefacta.
1689 531 1871 567 Crocitent
1894 534 1931 565 et

137 586 317 622 blaterent
341 585 508 632 vulgares
531 584 774 621 mathematici
799 584 843 619 de
860 583 1038 629 profunda
1061 594 1126 620 sua
1140 589 1292 621 naturae
1308 585 1521 631 cognitione,
1545 595 1612 630 per
1627 583 1795 620 effectum
1810 587 1931 620 tamen

137 638 300 675 homines
326 644 409 675 sunt
427 638 685 683 cognoscendi3
713 637 956 683 chymicorum
977 640 1043 679 est,
1068 637 1210 673 occulta
1224 637 1452 673 manifestare
1467 642 1705 682 naturamque
1720 635 1932 682 corporibus

138 693 260 738 opacis
285 691 507 728 submersam
532 691 722 727 extrahere
746 689 940 733 lumenque
965 689 1122 725 abditam
1147 700 1166 725 e
1188 693 1416 725 tenebrarum
1441 699 1584 726 carcere
1607 688 1768 725 liberare.

282 763 449 815 Aegrius
480 765 597 803 etiam
626 763 699 802 fert
728 762 920 802 Fluddius
947 762 1106 814 Kepleri
1137 764 1289 813 crimen,
1322 763 1427 813 quod
1458 775 1516 809 ea,
1549 774 1650 813 quae
1681 774 1705 801 a
1734 739 1931 802 veteribus

138 821 385 871 desumserit,
428 823 588 861 confusa
619 826 657 861 et
686 823 899 860 incorrecta
940 827 1117 872 usurpet,
1159 834 1277 872 quum
1307 821 1498 872 Keplerus
1528 820 1696 860 naturali
1723 820 1859 860 ordine
1888 831 1931 859 se

135 881 342 931 procedere
357 881 473 920 dicat.
521 883 591 918 Pro
616 881 723 918 meris
739 883 867 925 ventis,
899 882 1024 930 inquit
1039 879 1240 930 Fluddius,
1271 885 1451 927 ventoque
1474 883 1518 918 ab
1543 882 1677 934 invidia
1701 882 1827 919 canina
1852 886 1930 917 orto

135 937 226 972 haec
250 935 329 981 ejus
354 936 450 972 dicta
474 935 678 981 accipimus.
711 935 773 970 Me
791 935 1016 981 condemnat,
1043 935 1107 972 sed
1130 935 1306 972 rationem
1330 935 1489 972 veritatis
1512 936 1550 971 in
1574 935 1655 981 lege
1680 946 1747 972 sua
1770 936 1932 981 ignorat3

135 1000 174 1026 se
197 989 337 1036 laudat,
368 994 405 1026 et
429 990 505 1026 vice
529 999 634 1025 versa
659 989 812 1034 alicujus
836 989 954 1025 laudis
979 987 1220 1024 testimonium
1244 998 1316 1025 non
1339 988 1493 1024 invenio.
1549 989 1807 1034 Proportiones
1831 998 1930 1024 meas

134 1042 289 1078 musicas
317 1043 436 1078 verbis
472 1041 631 1078 confusis
662 1041 858 1088 depravare
888 1042 1028 1078 videtur
1059 1045 1096 1077 et
1130 1046 1251 1077 tamen
1283 1052 1387 1077 nemo
1411 1040 1614 1076 mortalium
1634 1041 1778 1085 Justitia
1801 1040 1931 1077 ductus

134 1094 246 1131 ullam
269 1095 543 1141 proportionum
571 1095 608 1131 in
633 1095 768 1141 templo
791 1105 871 1131 meo
896 1104 1149 1140 expressarum
1173 1094 1314 1139 culpam
1337 1095 1496 1131 invenire
1519 1097 1651 1140 potest.
1699 1095 1819 1140 Quare
1842 1093 1932 1130 haec

137 1151 221 1183 sunt
243 1147 352 1183 verba
375 1147 496 1183 inania
518 1158 695 1193 vocesque
719 1147 908 1185 absurdae.
963 1148 1040 1183 Nec
1065 1147 1208 1191 quidem
1232 1157 1336 1184 verus
1361 1148 1392 1184 is
1416 1148 1574 1183 musicus
1597 1157 1679 1184 esse
1701 1151 1839 1193 potest,
1870 1146 1932 1192 qui

134 1203 236 1236 tanto
261 1199 483 1245 antipathiae
505 1199 590 1235 vitio
616 1199 768 1236 laborat.
820 1196 873 1237 Ut
891 1197 1104 1249 Keplerum
1133 1197 1295 1246 refellat,
1326 1197 1516 1237 Fluddius
1536 1196 1789 1237 Harmoniam
1818 1208 1932 1236 suam

136 1267 223 1295 cum
254 1255 413 1306 Kepleri
444 1255 659 1295 Harmonia
689 1261 905 1307 comparat,
946 1256 987 1294 id
1016 1256 1183 1295 maxime
1223 1258 1370 1295 crimini
1400 1256 1570 1306 Keplero
1610 1261 1783 1306 vertens,
1826 1255 1931 1307 quod

137 1313 340 1364 Copernici
371 1316 603 1353 sententiam
633 1315 684 1353 sit
715 1315 918 1366 amplexus
938 1319 976 1354 et
995 1314 1098 1353 hunc
1116 1314 1231 1353 finem
1252 1315 1344 1354 facit
1366 1314 1537 1355 dicendi:
1568 1327 1614 1353 ex
1631 1318 1761 1363 quibus
1775 1316 1933 1363 sapienti

135 1369 256 1405 videre
280 1368 379 1412 lice-t,
418 1380 524 1414 quam
548 1369 655 1415 longe
681 1370 801 1406 absint
824 1370 893 1406 hae
916 1369 1140 1406 inventiones
1170 1370 1331 1407 authoris
1356 1381 1378 1406 a
1402 1370 1495 1406 veris
1525 1370 1776 1416 philosophiae
1805 1369 1931 1406 funda·

136 1422 281 1467 mentis,
316 1432 408 1467 quae
436 1423 515 1467 ipse
545 1426 647 1458 tanto
682 1424 867 1460 conamine
892 1422 1090 1468 ordineque
1114 1427 1189 1458 tam
1215 1428 1340 1460 exacto
1365 1428 1515 1460 naturae
1539 1423 1642 1468 sequi
1666 1433 1705 1459 se
1727 1421 1931 1468 pollicetur.

136 1475 257 1520 Atque
280 1476 332 1511 ita
356 1476 528 1518 videmus,
553 1476 737 1512 minimum
761 1477 856 1512 inter
880 1487 945 1512 nos
963 1486 1043 1512 esse
1067 1486 1291 1522 consensum,
1319 1477 1453 1522 quippe
1478 1474 1574 1519 quod
1597 1475 1675 1520 ipse
1698 1474 1792 1510 veris
1816 1474 1931 1520 philo·

137 1527 333 1572 sophorum
357 1527 542 1573 principiis
566 1528 728 1565 abutitur
752 1534 788 1565 et
810 1531 847 1566 in
872 1539 1017 1565 sensum
1041 1529 1196 1565 alienum
1221 1539 1264 1565 ea
1287 1529 1402 1574 vertit,
1429 1537 1496 1572 ego
1513 1537 1570 1563 me
1586 1536 1693 1572 quam
1709 1526 1932 1563 exactissime

137 1579 184 1615 ad
206 1580 504 1626 philosophorum
530 1580 627 1616 dicta
652 1586 688 1617 et
714 1591 895 1619 sacrarum
919 1583 1103 1620 literarum
1127 1583 1334 1618 testimonia
1356 1580 1551 1626 adstringo.

277 1653 396 1693 Plura
427 1654 474 1694 de
503 1655 578 1694 hac
606 1657 857 1706 responsione
887 1656 1048 1696 Fluddii
1078 1657 1296 1707 quibusque
1340 1655 1455 1694 armis
1505 1653 1692 1693 adversus
1721 1652 1933 1704 Keplerum

138 1723 231 1752 usus
261 1714 322 1761 sit,
353 1714 487 1753 afferre
517 1714 827 1764 supersedemus,
860 1726 906 1755 eo
936 1716 1061 1765 magis
1093 1715 1197 1765 quod
1227 1714 1421 1765 Keplerus
1451 1713 1534 1763 ipse
1564 1713 1605 1749 in
1633 1711 1928 1763 „Apologia“

137 1781 209 1809 sua
237 1771 359 1810 multa
389 1771 439 1810 ab
469 1771 538 1810 illo
568 1773 654 1822 ipso
687 1772 790 1812 dicta
819 1778 1012 1813 retractat.
1054 1773 1168 1812 Hanc
1198 1773 1433 1824 Apologiam
1462 1769 1655 1821 Keplerus
1684 1770 1931 1810 Frankofurti

142 1830 270 1878 1622,
309 1831 394 1880 pari
432 1842 510 1880 qua
546 1829 801 1870 Harmoniam
832 1832 973 1882 forma,
1017 1831 1311 1883 imprimendam
1341 1831 1507 1879 curavit,
1551 1829 1591 1867 in
1622 1840 1744 1880 eaque
1775 1827 1933 1868 Fluddii

139 1886 428 1937 objurgationes
472 1887 709 1928 Harmoniae
762 1902 857 1929 suae
900 1891 1022 1929 factas
1067 1902 1114 1930 ex
1157 1890 1289 1929 ordine
1339 1889 1545 1928 examinat.
1630 1889 1691 1935 (In
1730 1888 1845 1925 literis
1886 1887 1932 1924 ad

136 1946 403 1992 Berneggerum
428 1947 520 1984 datis
546 1949 615 1990 [21.
640 1948 729 1995 Aug.
755 1950 859 1992 1621]
885 1950 974 1987 haec
997 1949 1049 1984 illi
1073 1950 1220 1986 nunciat
1243 1949 1439 1994 Keplerus:
1490 1944 1752 1996 Tampachius
1783 1943 1932 1984 recudit

137 2001 367 2053 Mysterium
408 2015 493 2043 cum
531 2006 633 2044 notis
672 2007 780 2043 meis.
858 2005 1056 2055 Respondi
1098 2006 1148 2044 D.
1191 2005 1238 2044 de
1282 2004 1483 2043 Fluctibus
1526 2003 1767 2054 ineptissimo
1807 2002 1930 2052 libro;

138 2063 313 2111 poenitet
344 2074 502 2113 operae,
546 2063 614 2102 sed
653 2064 812 2114 promisi
852 2062 1113 2114 Tampachio;
1154 2065 1285 2103 nescio
1317 2075 1366 2101 an
1396 2062 1471 2101 hoc
1500 2073 1728 2112 responsum
1758 2062 1808 2100 sit
1837 2072 1930 2112 pro-

140 2119 306 2159 diturum
332 2121 440 2173 jam).
481 2121 562 2160 Nos
584 2121 817 2172 Apologiam
838 2121 937 2160 hanc
956 2121 1202 2171 adjunximus
1223 2121 1459 2160 Harmoniae
1479 2120 1697 2159 Ptolomaei
1717 2132 1741 2159 a
1761 2120 1929 2170 Keplero

141 2189 288 2227 versae,
314 2191 439 2229 neque
461 2178 568 2217 aliud
589 2180 635 2218 de
656 2179 723 2218 illa
745 2179 838 2229 quid
861 2179 1032 2219 dicamus
1054 2180 1254 2229 habemus,
1285 2181 1360 2218 nIsi
1378 2178 1511 2217 titulos
1533 2191 1556 2218 a
1576 2179 1745 2230 Keplero
1767 2175 1930 2228 singulis

92 2268 96 2270 ,
138 2237 314 2286 partibus
344 2239 568 2287 inscriptos:
604 2237 678 2288 „ad
709 2237 887 2288 analysin
917 2238 948 2287 I,
990 2237 1039 2276 ad
1069 2239 1247 2289 analysin
1277 2238 1330 2276 II.
1362 2243 1433 2276 etc.
1465 2236 1659 2276 desumtos
1692 2249 1776 2277 esse
1807 2237 1930 2275 titulis

139 2305 163 2333 a
203 2294 368 2334 Fluddio
414 2298 493 2335 suis
540 2297 592 2334 26
635 2296 836 2346 particulis
880 2297 1090 2346 inscriptis,
1145 2296 1195 2336 ad
1241 2308 1337 2347 quos
1380 2295 1528 2335 accedit
1573 2295 1677 2346 apud
1720 2295 1928 2334 Fluddium

139 2363 319 2406 numerus
341 2356 407 2401 27,
440 2355 663 2404 inscriptus:
699 2366 897 2403 „examen,
929 2356 1077 2394 numeri
1100 2357 1151 2393 27
1174 2366 1243 2394 seu
1263 2356 1419 2394 ternarii
1450 2355 1540 2393 cubi
1568 2355 1698 2394 locum
1728 2353 1927 2405 explens“,

138 2411 179 2448 in
210 2423 287 2460 qua
315 2412 505 2461 particula
535 2424 646 2451 suam
675 2412 928 2452 Harmoniam
959 2424 1045 2452 cum
1075 2413 1234 2463 Kepleri
1265 2417 1475 2463 comparat.

275 2486 435 2536 Kepleri
472 2486 706 2538 Apologiam
744 2487 851 2526 brevi
890 2492 978 2537 post
1017 2494 1195 2528 secutum
1236 2494 1293 2528 est
1332 2488 1560 2539 responsum
1599 2488 1776 2538 Fluddii‚
1824 2487 1928 2539 quod

138 2554 254 2594 supra
302 2546 436 2595 paucis
484 2547 793 2584 memoravimus.
872 2545 918 2582 In
968 2546 1043 2585 fine
1092 2547 1168 2586 vol.
1209 2547 1302 2596 IV.,
1355 2547 1459 2597 quod
1503 2547 1584 2586 illic
1627 2546 1925 2599 nominavimus,

139 2602 205 2640 fol.
239 2603 499 2643 287—331.
541 2605 730 2642 continuis
771 2603 958 2653 pagellis,
1005 2604 1076 2643 sed
1114 2616 1218 2644 novo
1260 2605 1372 2645 titulo
1403 2605 1477 2644 1100
1508 2617 1734 2656 responsum
1773 2605 1926 2654 legeris.

138 2661 355 2708 Inscriptum
386 2667 459 2699 est:
500 2663 797 2700 Monochordium
832 2663 956 2699 mundi
992 2666 1287 2712 symphoniacum
1322 2677 1386 2702 seu
1422 2667 1608 2712 replicatio
1641 2666 1788 2702 Roberti
1820 2666 1926 2713 Flud,

140 2715 229 2752 alias
262 2716 306 2752 de
335 2715 540 2761 Fluctibus,
574 2715 738 2761 armigeri
768 2720 803 2751 et
832 2717 869 2751 in
898 2717 1076 2753 medicina
1106 2718 1261 2755 doctoris
1298 2718 1509 2755 Oxoniensis
1547 2720 1593 2756 ad
1616 2718 1828 2764 Apologiam
1861 2718 1927 2754 viri

141 2767 330 2805 clarissimi
354 2773 390 2804 et
413 2769 450 2803 in
474 2769 627 2804 mathesi
651 2768 856 2814 peritissimi
881 2769 913 2803 J.
939 2769 1097 2815 Kepleri,
1123 2771 1293 2808 adversus
1318 2771 1657 2808 demonstrationem
1681 2781 1782 2807 suam
1805 2770 1926 2817 analy-

140 2819 247 2854 ticam
271 2820 474 2865 nuperrime
499 2820 641 2866 editam,
666 2820 703 2856 in
720 2831 791 2865 qua
806 2820 986 2857 Robertus
1003 2822 1232 2860 validioribus
1249 2824 1398 2860 Joannis
1415 2824 1685 2870 objectionibus,
1709 2822 1926 2859 Harmoniae

141 2882 228 2908 suae
264 2873 334 2918 legi
365 2874 666 2919 repugnantibus,
704 2873 851 2909 comiter
886 2874 1105 2919 respondere
1139 2876 1355 2921 aggreditur.
1413 2876 1577 2913 Francos.
1603 2876 1702 2912 1623.
1762 2873 1821 2911 Ex
1850 2873 1925 2912 hoc

139 2940 324 2979 responso
365 2930 508 2978 elucet,
550 2929 761 2980 Keplerum
801 2929 1034 2980 Apologiam
1072 2943 1183 2970 suam
1228 2932 1278 2970 ad
1315 2932 1543 2980 Fluddium,
1601 2932 1763 2982 privatis
1802 2931 1924 2970 literis

141 2986 303 3036 additis,
344 2989 415 3026 sub
453 2988 568 3027 finem
608 2989 698 3026 anni
732 2988 837 3026 1621
879 2989 1028 3028 misisse
1072 2987 1207 3043 (finem
1244 2990 1336 3029 facit
1373 2991 1434 3029 his
1472 2989 1623 3030 verbis:
1666 2989 1779 3029 Vale.
1840 2988 1922 3028 Cal.

140 3044 243 3096 Aug.
279 3044 443 3099 1621.)‚
485 3047 576 3087 anni
612 3048 728 3096 igitur
766 3057 965 3085 numerum
999 3048 1128 3097 1622,
1171 3048 1262 3088 huic
1296 3048 1512 3100 Apologiae
1550 3048 1794 3098 inscriptum,
1838 3058 1923 3087 esse

139 3109 412 3155 praesumtum,
443 3104 634 3156 siquidem
655 3106 694 3144 in
714 3116 899 3156 responso
922 3105 1088 3156 Fluddii‚
1121 3108 1187 3158 qui
1207 3108 1310 3160 typis
1329 3107 1368 3147 id
1389 3107 1595 3159 expressit„
1608 3117 1685 3146 uon
1703 3107 1923 3158 peccaverit
