1994 3276
122 60 205 98 216
669 55 725 90 De
750 54 1102 101 configurationibus
1125 56 1363 92 Harmonicis.

122 186 279 214 sensum
310 185 574 222 communem,
615 173 830 212 conduntur
860 186 926 225 per
955 176 1268 223 memorativam,
1310 183 1536 227 promuntur
1575 189 1642 228 per
1671 179 1921 218 reminiscen-

122 235 228 281 tiam,
261 232 521 283 dijudicantur
551 243 620 282 per
649 234 884 282 superiorem
915 233 1164 284 facultatem,
1195 245 1296 283 quac
1317 236 1447 274 omnia
1465 238 1546 286 pati
1575 235 1800 286 intelligitur
1818 248 1922 286 aqua

123 303 201 330 non
232 292 271 328 in
302 290 457 338 se,'sed
490 292 526 327 in
558 290 639 344 suis
669 291 875 341 speciebus
906 291 1115 330 sensilibus
1147 297 1183 329 et
1207 292 1454 332 mentalibus.
1514 293 1626 333 Tunc
1655 296 1773 344 igitur
1803 294 1922 334 etiam

124 361 304 399 suprema
334 349 696 396 facultas‘animae,
729 360 829 398 quae
860 360 1020 388 numero
1052 351 1485 402 comparationibusque
1516 358 1688 403 praeest,
1719 364 1769 392 ex
1798 353 1922 404 pluri-

124 409 196 446 bus
226 419 352 447 rerum
382 407 588 459 speciebus
618 407 852 445 mentalibus
893 419 1009 446 unam
1041 408 1116 445 sibi
1147 409 1312 446 fabricat
1348 409 1564 461 formatque
1597 410 1818 464 relationis,
1857 422 1921 450 or-

125 466 226 504 dinis
257 466 637 517 comparationisque
669 467 837 516 speciem
869 477 1008 515 resque
1037 466 1130 504 foris
1153 468 1362 506 existentes
1388 469 1486 507 inter
1505 480 1549 508 se
1570 472 1789 519 comparat3
1820 480 1922 519 quae

125 526 378 575 comparatio,
409 529 453 562 ut
483 536 600 574 supra
630 523 867 572 dicebamus,
901 535 987 562 cum
1010 523 1078 563 fiat
1106 535 1223 574 super
1239 525 1355 564 rebus
1376 527 1471 577 ipsis
1490 528 1573 566 sine
1594 528 1764 578 ipsarum
1792 539 1922 578 opera,

125 584 256 634 passio
287 582 480 632 quaedam
513 582 663 620 illarum
695 593 780 620 esse
809 581 1059 631 intelligitur,
1104 583 1243 622 eodem
1271 583 1351 622 fere
1381 596 1518 637 sensu,
1550 590 1593 623 ut
1623 596 1710 624 cum
1742 585 1789 625 de
1809 587 1923 624 tama

125 642 298 681 absentis
329 646 367 680 et
397 642 519 690 ignari
553 641 590 677 in
617 639 767 690 judicio
798 642 935 690 agitur,
969 646 1036 678 aut
1067 652 1154 679 cum
1186 642 1218 679 is
1250 643 1388 691 capitis
1419 642 1626 685 damnatur
1655 649 1724 683 ant
1753 645 1922 695 proscri-

125 700 239 738 bitur.
301 697 467 737 Omnino
500 698 658 748 quidem
688 703 781 749 apta
811 698 1045 748 similitudo;
1087 700 1187 737 sicut
1219 701 1320 739 euim
1358 701 1449 739 talis
1479 701 1644 752 aliquis,
1686 703 1759 740 etsi
1789 713 1922 741 secum

126 760 208 809 ipse
239 763 331 796 tunc
361 758 454 796 mali
486 757 581 794 nihil
614 758 730 795 sentit
761 755 938 806 adeoque
969 756 1065 794 nihil
1093 759 1257 807 patitur,
1288 763 1416 798 tamen
1449 759 1567 811 paulo
1598 764 1686 811 post
1717 761 1796 799 vim
1826 761 1922 810 ejus,

126 816 230 866 quod
262 827 401 867 passus
434 822 502 862 est,
535 827 574 853 re
607 817 691 866 ipsa
721 817 933 866 experitur,
972 817 1028 854 sic
1058 816 1173 853 etiam
1208 827 1322 856 voces
1355 823 1393 855 et
1422 818 1796 868 quicquidtomnino
1827 830 1922 858 con·-

125 876 328 925 gruentiae
360 876 552 925 particeps
584 879 663 922 est,
709 878 824 924 prout
853 875 972 911 menti
1004 872 1220 924 placuerint
1250 876 1288 912 in
1319 874 1395 914 hac
1425 877 1734 927 comparatione,
1775 888 1843 928 pro
1874 889 1921 916 eo

126 932 190 971 vel
219 934 493 971 continuantur
525 932 585 970 vel
618 938 873 982 respuuntur,
915 931 1134 981 fugiuntur,
1166 933 1438 982 prohibentur,
1479 934 1758 986 impediuntur,
1790 937 1924 986 oppri-

125 996 297 1037 muntur,
347 991 542 1028 finiuntur.
604 990 685 1028 Etsi
723 990 804 1040 jam
846 1001 922 1028 non
961 990 1035 1028 hoc
1077 996 1241 1029 eventus
1280 994 1554 1042 consequentis
1589 999 1767 1045 respectu
1804 1005 1923 1033 sonos

126 1051 207 1101 pati
240 1049 347 1093 dico,
392 1048 459 1087 sed
491 1049 558 1087 illo
590 1051 674 1098 ipso
706 1054 815 1095 actu,
856 1060 942 1087 cum
977 1059 1044 1087 eos
1082 1050 1181 1087 inter
1211 1061 1252 1088 se
1294 1062 1402 1089 mens
1440 1057 1659 1102 comparat,
1703 1051 1923 1102 sufficitque

125 1120 192 1159 per
221 1107 379 1157 longum
412 1107 639 1156 explicasse,
672 1119 748 1156 quo
781 1107 1074 1155 significationis
1105 1109 1346 1156 aequivocae
1377 1110 1500 1159 gradu
1530 1110 1631 1149 banc
1661 1111 1922 1161 comparatio-

124 1178 214 1205 nem
243 1165 450 1204 mentalem
482 1168 701 1215 passionem
734 1165 871 1202 dicam.
933 1164 1009 1203 Sed
1043 1176 1119 1203 non
1149 1165 1292 1205 frustra
1321 1167 1494 1217 prolixus
1523 1168 1579 1207 fui
1611 1170 1649 1206 in
1677 1168 1925 1208 recensendis

126 1225 186 1263 his
217 1224 586 1274 significationibus3
628 1223 701 1261 hac
731 1225 833 1262 enim
864 1235 980 1273 opera
1015 1224 1098 1272 jam
1128 1235 1242 1274 porro
1283 1225 1440 1265 mirifice
1479 1226 1753 1277 adjuvabimur
1781 1228 1822 1265 iu
1850 1239 1925 1277 ag·-

127 1282 323 1322 noscenda
356 1288 494 1320 natura
525 1280 723 1321 facultatis
754 1282 1013 1329 harmonicae,
1046 1288 1084 1320 et
1116 1282 1347 1332 complenda
1379 1283 1454 1323 hac
1482 1291 1591 1335 parte
1621 1285 1925 1336 metaphysicae,

131 1353 247 1391 quam
282 1340 510 1379 Aristoteles
543 1352 589 1378 ne
621 1352 689 1390 per
720 1347 966 1378 transennam
999 1339 1158 1389 quidem
1191 1340 1381 1391 adspexit.

244 1399 302 1437 Ex
333 1399 438 1437 hisce
469 1410 625 1449 quoquc
657 1398 801 1436 clarum
833 1403 892 1436 est
923 1397 975 1444 id,
1007 1398 1112 1447 quod
1142 1404 1258 1437 antea
1289 1400 1584 1452 contendebam,
1616 1412 1669 1441 sc.
1696 1399 1926 1451 quodhar-

127 1459 281 1496 moniae
312 1458 464 1497 sensilis
496 1459 622 1507 ipsum
651 1455 823 1504 formale,
856 1468 935 1505 qua
956 1456 1170 1508 harmonia,
1202 1457 1353 1496 accidat
1371 1458 1591 1507 sensilibus,
1621 1461 1807 1503 nimirum,
1823 1461 1926 1498 sicut

128 1516 274 1556 eisdem
305 1515 457 1563 accidit,
490 1515 612 1554 videri
643 1520 682 1553 et
713 1513 837 1553 audiri
868 1518 939 1553 etc.
1001 1514 1115 1554 Patet
1144 1516 1328 1563 secundo,
1360 1517 1585 1556 harmonias
1605 1509 1927 1564 'etiamsssensiles

129 1587 213 1615 esse
243 1586 323 1621 res,
366 1574 416 1612 ab
447 1575 541 1623 ipsis
573 1572 860 1623 quodammodo
891 1572 1006 1611 rebus
1037 1573 1274 1621 abstractas,
1315 1581 1507 1624 quatenus
1537 1576 1717 1614 nimirum
1756 1587 1834 1615 non
1864 1587 1926 1615 res

129 1635 236 1683 ipsae
276 1632 391 1680 foris,
435 1631 504 1671 sed
542 1632 691 1682 species
730 1643 855 1669 rerum
893 1642 963 1680 per
999 1642 1135 1669 sensus
1175 1633 1371 1682 ingressae
1410 1633 1538 1683 adque
1569 1634 1736 1673 tribunal
1774 1635 1926 1674 animae

129 1691 339 1743 perductae
370 1691 467 1729 fiunt
497 1691 649 1728 termini
679 1690 940 1739 proportionis
981 1689 1229 1733 harmonicae
1259 1692 1426 1731 sensilis.
1489 1692 1540 1730 At
1578 1693 1750 1740 vicissim
1781 1692 1925 1744 duplici

128 1751 283 1788 nomine
315 1749 540 1788 harmoniae
572 1750 669 1786 istac
702 1747 936 1786 suntadhuc
957 1753 1178 1786 concretae:
1210 1750 1388 1798 primum,
1420 1751 1512 1800 quia
1532 1752 1683 1800 species
1703 1751 1778 1789 hae
1800 1762 1928 1790 rerum

129 1808 327 1847 sensilium
359 1819 434 1846 non
466 1812 559 1845 sunt-
588 1818 717 1846 earum
750 1805 878 1844 nudae
909 1807 1139 1855 quantitatis
1171 1809 1332 1857 species,
1366 1808 1434 1847 sed
1456 1809 1572 1847 etiam
1604 1809 1804 1858 qualitatis
1834 1820 1926 1848 sen·-

130 1867 231 1913 silis‚
272 1871 367 1915 puta
398 1867 484 1904 soni
516 1865 578 1904 vel
610 1865 708 1903 lucis
741 1869 836 1913 etc.;
877 1864 1015 1903 deinde
1046 1866 1139 1914 quia
1169 1867 1318 1915 species
1348 1867 1422 1906 hae
1454 1867 1636 1915 sensiles,
1677 1874 1720 1905 ut
1749 1867 1925 1917 senense,

129 1927 234 1963 intus
265 1925 302 1960 in
335 1925 464 1962 animo
495 1927 695 1973 nequeunt
723 1922 914 1969 relucere,
956 1923 1029 1960 nisi
1060 1934 1121 1961 res
1153 1924 1282 1973 ipsae,
1324 1936 1487 1974 quarum
1518 1924 1609 1964 illae
1640 1930 1730 1964 sunt
1759 1927 1926 1976 species,

129 1983 221 2021 foris
252 1983 369 2020 etiam
399 1987 555 2032 praesto
597 1982 673 2020 sint
704 1986 742 2019 et
772 1986 966 2021 maneant.
1027 1981 1127 2019 Nam
1165 1983 1213 2020 iis
1251 1982 1393 2022 ablatis
1436 1983 1617 2022 desinunt
1647 1985 1926 2027 ctiam.earum

130 2042 281 2091 species
312 2041 433 2088 intus,
474 2040 571 2078 lucis
603 2038 777 2089 quidem,
819 2038 948 2088 quoad
978 2050 1088 2077 suam
1120 2040 1397 2092 radiationem,
1436 2042 1475 2078 in
1506 2042 1592 2090 ipso
1622 2043 1801 2090 instanti,
1840 2043 1927 2080 soni

133 2110 225 2137 vero
255 2100 355 2137 intra
386 2099 657 2137 brevissimum
688 2098 871 2146 temporis
905 2103 1153 2137 momentum.
1214 2098 1460 2148 Relinquitur
1491 2099 1646 2148 quidem
1678 2102 1717 2137 in
1747 2101 1928 2139 sensoriis

130 2158 394 2195 instrumentis
436 2157 569 2205 aliqua
601 2157 835 2205 impressio„
863 2161 905 2192 ut
937 2156 972 2192 in
1006 2155 1119 2193 oculo
1150 2155 1267 2203 lucis,
1309 2157 1377 2195 sed
1415 2157 1482 2196 illa
1512 2169 1590 2196 non
1621 2163 1681 2197 est
1721 2160 1777 2197 rei
1807 2159 1928 2198 sorin-

131 2227 256 2263 secae,
290 2215 358 2253 sed
389 2216 520 2264 potius
552 2215 695 2263 speciei
727 2213 875 2262 species
907 2213 1028 2251 altera
1060 2215 1096 2250 in
1129 2224 1266 2263 corpus
1297 2215 1501 2265 impressa,
1528 2215 1612 2265 jam
1642 2218 1928 2267 corporismo-

131 2280 337 2312 mentanea
368 2273 537 2322 qualitas
559 2273 674 2320 facta,
707 2271 1033 2320 quemadmodum
1065 2272 1103 2308 in
1135 2273 1273 2321 opticis
1304 2273 1452 2311 colores
1483 2273 1568 2312 luce
1589 2274 1693 2313 Solis
1716 2287 1820 2325 pura
1849 2276 1925 2313 mi-

130 2334 310 2381 nimeque
342 2331 515 2370 colorata
547 2332 623 2368 vim
655 2330 877 2378 concipiunt
906 2328 1080 2368 radiandi
1113 2340 1426 2379 quaquaversum
1448 2332 1632 2372 colorate.
1693 2333 1741 2371 Et
1761 2333 1836 2372 hoc
1855 2338 1926 2381 est,

131 2390 237 2440 quod
268 2392 379 2428 initio
411 2401 568 2439 quoque
600 2387 940 2434 contendebamus,
973 2392 1149 2437 oportere
1170 2391 1351 2427 terminos
1372 2390 1532 2428 sensiles
1563 2396 1601 2429 et
1621 2392 1927 2442 animam'prae-

131 2453 260 2487 sentes
300 2460 384 2487 esse
416 2452 648 2496 mutuasque
681 2446 830 2484 tradere
862 2457 1020 2495 operas,
1066 2446 1239 2497 agendo,
1282 2448 1485 2496 patiendo,
1527 2447 1615 2487 illos
1650 2460 1702 2488 sc.
1733 2448 1927 2488 movendo

132 2518 291 2555 sensus,
324 2507 424 2544 hanc
456 2504 740 2554 comparando,
774 2511 815 2542 ut
848 2506 1103 2542 constituatur
1133 2507 1300 2543 essentia
1330 2506 1554 2545 harmoniae
1585 2507 1751 2546 sensilis.

248 2563 420 2614 Objiciat
450 2564 513 2601 hic
545 2564 702 2612 aliquis,
749 2565 915 2600 animam
947 2562 1206 2612 comparando
1239 2574 1314 2601 non
1347 2565 1494 2611 facere,
1533 2564 1603 2603 sed
1632 2566 1804 2603 invenire
1835 2564 1924 2604 ido-

131 2635 245 2662 neam
274 2623 585 2673 proportionem,
631 2619 736 2669 quod
767 2625 944 2668 quartum
976 2632 1092 2670 supra
1124 2626 1162 2658 et
1192 2621 1351 2659 formale
1394 2624 1623 2672 principium
1657 2628 1739 2661 erat
1769 2623 1926 2662 harmo-

131 2684 218 2719 niae
256 2680 430 2720 sensilis:
482 2691 572 2728 ergo
615 2678 736 2717 videri
777 2679 945 2716 animam
986 2679 1123 2716 abesse
1165 2690 1279 2727 posse
1331 2685 1442 2719 salva
1482 2681 1651 2719 essentia
1686 2680 1924 2720 harmoniae.

132 2739 365 2789 Respondeo
395 2750 462 2789 per
492 2738 769 2775 inversionem:
802 2735 980 2774 idoneam
1010 2737 1183 2774 invenire
1224 2738 1261 2773 in
1292 2738 1499 2777 sensilibus
1529 2740 1836 2788 proportionem,
1867 2743 1926 2779 est

133 2797 311 2847 detegere
343 2803 381 2836 et
411 2807 622 2846 agnoscere
654 2799 692 2834 et
721 2796 759 2832 in
791 2793 914 2832 lucem
946 2794 1113 2843 proferre
1144 2795 1436 2834 similitudinem
1466 2797 1568 2834 illius
1596 2798 1853 2847 proportionis
1884 2799 1923 2836 in

135 2855 341 2894 sensilibus
373 2866 461 2893 cum
491 2859 595 2893 certo
627 2853 759 2902 aliquo
790 2853 1012 2891 verissimae
1044 2852 1268 2891 harmoniae
1298 2854 1530 2905 archetypo,
1563 2855 1630 2903 qui
1660 2855 1765 2894 intus
1796 2860 1855 2894 est
1885 2856 1924 2894 in

134 2914 275 2953 anima.
343 2912 678 2962 Quemadmodum
718 2912 833 2961 igitur
874 2909 1131 2948 Athenienses
1176 2912 1355 2950 virtutem
1396 2912 1569 2961 aliquam
1616 2913 1844 2955 invenerunt
1882 2914 1921 2951 in

135 2970 301 3019 Zenone,
334 2971 516 3021 Prytanei
558 2971 617 3008 sui
657 2970 722 3019 Jus
758 2971 799 3006 in
829 2979 875 3007 eo
915 2979 992 3006 non
1024 2969 1270 3018 invenerunt,
1314 2970 1382 3008 sed
1423 2970 1477 3007 illi
1509 2970 1776 3018 contulerunt,
1818 2971 1922 3020 quod

135 3027 240 3070 Zeno
272 3030 353 3068 sine
386 3029 687 3068 Atheniensibus
719 3028 904 3077 consequi
932 3037 1008 3065 non
1039 3030 1211 3077 poterat,
1243 3028 1300 3067 sic
1330 3029 1458 3068 anima
1491 3027 1663 3068 ordinem
1692 3032 1730 3067 et
1758 3040 1922 3080 propor-
