1994 3276
130 89 216 129 300
647 89 704 124 De
728 89 888 126 Motibus
911 89 1142 126 Planetarum
1165 89 1402 127 Harmonicis.

128 207 208 256 pite
244 208 309 246 16.
339 208 597 258 proprietates
627 209 745 248 basso
775 210 910 249 tribuit
940 223 1035 250 usus
1064 210 1316 262 vindicatque
1348 207 1511 258 natura,
1544 209 1699 251 easdem
1731 209 1923 260 quodam-

128 264 244 304 modo
274 264 464 305 Saturnus
495 271 534 306 et
563 267 718 317 Jupiter
748 268 923 308 obtin’ent
953 271 991 307 in
1023 270 1144 318 coelo,
1177 281 1274 319 quas
1305 269 1447 314 tenori,
1478 280 1550 307 nos
1580 270 1618 306 in
1649 268 1775 308 Marte
1805 270 1919 307 inve-

128 324 278 372 nimus,
323 336 421 374 quas
452 325 556 378 alto,
596 337 665 365 eae
696 328 827 365 insunt
857 329 895 365 in
927 327 1084 367 Tellure
1116 333 1154 367 et
1184 328 1356 375 Venere,
1403 338 1503 376 quas
1532 326 1728 375 discanto‚
1770 326 1925 366 easdem

129 381 250 421 habet
278 382 506 431 Mercurius,
549 384 581 422 si
612 396 688 423 non
721 385 960 435 aequalitate
991 386 1294 434 intervallorum,
1327 390 1367 424 at
1398 389 1499 424 certe
1528 387 1790 436 proportione.
1849 383 1926 424 Ut-

131 451 284 490 cunque
316 443 418 480 enim
449 444 615 493 propriis
645 455 693 482 ex
725 445 854 482 causis
886 446 1012 496 capite
1044 446 1225 495 sequenti
1256 443 1496 483 deducantur
1526 444 1715 494 cujusque
1745 443 1926 495 planetae

131 501 436 539 eccentricitates
475 505 513 539 et
554 512 623 551 per
661 513 728 540 eas
766 503 920 553 propria
961 503 1151 553 cujusque
1183 508 1357 542 motuum
1388 502 1613 551 intervalla,
1659 501 1756 541 illud
1797 506 1927 540 tamen

129 557 219 597 inde
249 557 413 598 resultat
443 559 683 609 admirabile,
714 572 786 599 nec
815 562 897 600 scio
928 573 977 599 an
1008 573 1086 601 non
1112 562 1227 612 Juxta
1256 565 1503 612 procuratum
1522 572 1594 600 nec
1622 572 1725 600 mere
1756 561 1928 599 necessi-

130 621 254 655 tatum
284 621 646 668 temperamentum,
687 619 793 669 quod
827 617 871 673 1)
903 624 946 658 ut
976 619 1055 658 alto
1085 620 1225 659 bassus
1262 620 1489 670 opponitur,
1536 620 1593 658 sic
1631 618 1707 657 duo
1747 618 1928 669 planetae

131 679 234 724 sunt,
265 676 332 725 qui
363 676 431 716 alti
461 681 640 716 naturam
669 676 828 726 habent,
861 678 938 716 duo
970 679 1037 728 qui
1067 679 1185 726 bassi,
1219 679 1328 717 velut
1356 680 1395 715 in
1418 677 1592 727 quolibet
1620 689 1760 728 genere
1791 680 1927 716 cantus

131 735 311 783 utrinque
342 747 455 782 unus,
489 740 700 774 ceterarum
732 736 972 785 singularum
993 748 1135 775 vocum
1161 737 1328 787 singuli3
1360 735 1542 786 quodque
1564 733 1605 788 2)
1627 740 1669 774 ut
1698 735 1800 775 altus
1829 746 1927 786 pene

131 804 334 842 supremus
364 794 404 831 in
436 795 625 843 angustiis
656 798 726 842 est,
758 796 988 834 necessariis
1032 800 1071 834 et
1111 795 1354 834 naturalibus
1385 794 1432 833 de
1464 795 1610 841 causis,
1653 793 1722 833 lib.
1752 792 1826 832 III.
1859 805 1928 832 ex-

131 851 298 902 plicatis,
330 853 386 891 sic
416 864 514 902 pene
543 853 667 890 intimi
699 852 902 903 planetae,
938 853 1059 892 Terra
1090 859 1128 892 et
1159 853 1313 902 Venus,
1345 854 1621 903 angustissima
1650 857 1826 891 motuum
1854 851 1930 891 ha-

131 910 226 948 bent
257 910 484 959 intervalla,
529 910 665 949 Tellus
696 922 773 949 non
806 911 927 951 multo
971 911 1059 961 plus
1090 912 1318 960 semitonio,
1357 911 1492 950 Venus
1521 922 1570 949 ne
1602 911 1723 950 diesin
1754 910 1929 961 quidem3

134 965 181 1021 3)
214 972 253 1006 et
283 973 326 1007 ut
356 973 467 1008 tenor
497 969 594 1008 liber
625 974 694 1011 est,
727 970 902 1010 modeste
933 974 1063 1009 tamen
1095 971 1260 1018 incedit,
1291 972 1347 1009 sic
1377 970 1495 1017 Mars,
1528 981 1605 1007 uno
1635 969 1828 1008 Mercurio
1861 981 1931 1007 ex-

133 1031 258 1076 cepto,
291 1029 501 1065 maximum
533 1027 794 1077 intervallum,
827 1028 976 1067 scilicet
1007 1028 1201 1079 diapente,
1232 1030 1357 1068 facere
1389 1032 1540 1078 potest3
1574 1025 1620 1080 4)
1652 1033 1690 1066 et
1720 1033 1764 1066 ut
1792 1028 1930 1066 bassus

133 1085 380 1124 harmonicos
412 1085 536 1125 saltus
566 1086 670 1133 facit,
703 1088 759 1125 sic
790 1087 980 1126 Saturnus
1012 1093 1051 1126 et
1081 1087 1236 1138 Jupiter
1266 1087 1473 1126 intervalla
1505 1087 1680 1125 obtinent
1709 1086 1934 1124 harmonica

133 1144 286 1193 ipsique
320 1145 418 1183 inter
448 1156 490 1184 se
521 1156 545 1184 a
575 1144 762 1195 diapason
795 1157 919 1195 usque
951 1145 1001 1185 ad
1033 1146 1213 1196 diapente
1245 1145 1496 1196 cpidiapason
1529 1146 1709 1194 veniunt3
1753 1142 1792 1196 5)
1823 1148 1861 1182 et
1892 1148 1934 1182 ut

135 1201 333 1240 discamus
364 1203 582 1241 liberrimus
616 1208 688 1255 est,
718 1204 806 1253 plus
838 1216 955 1254 quam
987 1214 1120 1243 omnes
1151 1205 1303 1255 reliqui,
1335 1204 1514 1254 idemque
1546 1207 1584 1242 et
1615 1202 1846 1250 celerrimus,
1878 1203 1934 1240 sic

135 1261 252 1299 etiam
292 1260 508 1300 Mercurius
547 1261 756 1312 plusquam
800 1262 989 1313 diapason
1038 1264 1268 1302 brevissimo
1314 1262 1439 1301 reditu
1478 1260 1748 1312 perambulare
1790 1265 1932 1312 potest.

136 1318 214 1358 Sed
244 1320 296 1358 sit
325 1319 401 1359 hoc
430 1332 524 1359 sane
556 1332 623 1371 per
654 1320 855 1371 accidens3
883 1320 1087 1361 audiamus
1119 1333 1222 1361 nunc
1253 1322 1581 1361 eccentricitatum
1612 1331 1763 1359 causas.

896 1476 1083 1524 CAPUT
1119 1477 1189 1524 lx.

179 1571 336 1611 Ortus
362 1574 825 1610 eccentricitatum
850 1574 896 1609 in
921 1574 1155 1620 planetis
1181 1574 1409 1619 singulis
1434 1584 1491 1610 ex
1514 1573 1895 1620 procuratione

570 1632 955 1668 harmoniarum
979 1634 1119 1669 inter
1144 1644 1313 1674 eorum
1337 1635 1513 1668 motus.

255 1726 354 1766 Cum
383 1729 503 1778 igitur
533 1729 748 1778 videamus,
781 1729 1002 1769 harmonias
1023 1730 1265 1770 universales
1285 1731 1457 1769 omnium
1487 1739 1555 1767 sex
1583 1727 1827 1778 planetarum
1858 1739 1937 1767 non

138 1789 284 1825 temere
313 1797 430 1837 posse
461 1789 632 1841 evenire,
662 1790 888 1839 praesertim
909 1801 977 1838 per
998 1791 1260 1828 extremitates
1279 1793 1466 1833 motuum,
1498 1798 1594 1836 quas
1616 1787 1783 1825 vidimus
1805 1797 1938 1825 omnes

140 1855 367 1884 concurrere
398 1845 448 1884 ad
481 1847 723 1886 universales
753 1847 988 1895 harmonias,
1020 1850 1192 1898 exceptis
1224 1847 1387 1896 duabus,
1420 1857 1520 1896 quae
1542 1845 1591 1883 ad
1622 1847 1817 1896 proximas
1847 1846 1938 1884 uni-

140 1902 358 1941 versalibus
390 1905 690 1954 concurrebant,
734 1916 821 1944 cum
851 1905 975 1944 multo
1006 1906 1133 1944 minus
1165 1910 1307 1944 temere
1348 1905 1472 1956 possit
1502 1903 1695 1951 accidere,
1734 1908 1778 1942 ut
1808 1904 1939 1942 omnia

137 1960 228 2000 loca
258 1963 494 2012 systematis*
514 1967 700 2012 octavae,
733 1965 944 2002 constituta
975 1964 1074 2003 libro
1107 1965 1219 2003 tertio
1250 1976 1318 2013 per
1348 1963 1538 2002 sectiones
1568 1961 1824 2010 harmonicas,
1856 1963 1939 2012 sig-

139 2023 280 2058 nentur
310 2022 620 2060 extremitatibus
652 2026 826 2060 motuum
856 2021 1180 2071 planetariorum,
1214 2023 1384 2061 omnium
1412 2032 1506 2059 vero
1537 2021 1706 2068 minime,
1737 2024 1781 2058 ut
1811 2020 1939 2059 subti-

140 2079 330 2116 lissimum
361 2080 562 2128 negotium
595 2080 852 2119 distinctionis
883 2080 1170 2119 harmoniarum
1201 2081 1426 2119 coelestium
1448 2080 1485 2115 in
1509 2077 1586 2117 duo
1617 2090 1771 2126 genera,
1803 2077 1939 2116 durum

142 2141 181 2175 et
210 2135 338 2184 molle,
373 2148 464 2175 casu
496 2140 711 2187 proveniat,
743 2139 825 2177 sine
857 2149 948 2176 cura
978 2139 1167 2189 singulari
1200 2139 1369 2189 opificis:
1400 2138 1574 2186 sequitur
1605 2138 1723 2186 igitur
1753 2141 1796 2174 ut
1818 2136 1939 2174 Crea-

139 2199 211 2242 tor,
244 2196 459 2244 sapientiae
493 2197 615 2234 omnis
647 2196 745 2244 fons,
777 2197 1014 2245 approbator
1045 2196 1188 2236 ordinis
1218 2201 1440 2246 perpetuus,
1472 2195 1667 2244 scaturigo
1699 2196 1935 2244 geometriae

140 2257 178 2292 et
208 2253 451 2293 harmonices
481 2258 639 2293 aeterna
671 2260 710 2294 et
739 2255 1092 2304 superessentialis,
1135 2260 1178 2294 ut
1206 2255 1289 2301 hic,
1333 2255 1505 2303 inquam,
1538 2253 1764 2291 coelestium
1796 2252 1935 2302 Opisex

139 2312 358 2362 ipsissimus
388 2312 632 2353 harmonicas
661 2313 943 2363 proportiones,
975 2318 1080 2352 ortas
1111 2324 1158 2351 ex
1183 2313 1322 2362 figuris
1353 2312 1479 2362 planis
1506 2310 1762 2360 regularibus,
1793 2310 1936 2360 adjun-
1992 2343 1994 2345 ,

140 2371 238 2409 xerit
268 2370 319 2409 ad
349 2370 495 2410 solidas
526 2373 697 2422 quinque
727 2371 870 2421 figuras
900 2370 1099 2421 regulares
1131 2383 1256 2420 exque
1290 2374 1450 2419 utraque
1481 2369 1604 2407 classe
1636 2381 1755 2407 unum
1784 2369 1937 2420 perfec-

140 2429 331 2466 tissimum
362 2429 614 2479 archetypum
635 2429 830 2469 coelorum
852 2431 1160 2477 conformaverit,
1193 2432 1229 2467 in
1253 2440 1346 2480 quo,
1375 2430 1476 2466 sicut
1506 2439 1574 2477 per
1597 2426 1743 2466 solidas
1764 2428 1935 2476 quinque

140 2487 305 2536 figuras,
344 2487 456 2526 ideae
487 2487 701 2526 relucerent
733 2488 904 2534 orbium,
945 2489 1086 2537 quibus
1118 2499 1185 2526 sex
1216 2487 1353 2526 stellae
1385 2486 1601 2533 vehuntur,
1634 2486 1691 2523 sic
1721 2486 1838 2524 etiam
1869 2496 1938 2534 per
1978 2535 1982 2540 .

139 2545 342 2595 planarum
372 2545 581 2595 figurarum
612 2546 782 2594 soboles,
813 2546 1034 2584 harmonias
1066 2544 1185 2599 (libro
1217 2547 1330 2584 tertio
1353 2556 1400 2582 ex
1422 2546 1468 2582 iis
1501 2541 1716 2592 deductas),
1747 2544 1936 2582 eccentri-

141 2604 302 2642 citatum
332 2604 371 2640 in
403 2603 566 2653 singulis
597 2604 757 2642 orbibus
786 2615 990 2642 mensurae
1020 2604 1070 2642 ad
1089 2608 1218 2641 motus
1239 2614 1441 2652 corporum
1471 2601 1822 2652 proportionandos
1842 2612 1937 2640 con-

141 2663 366 2710 tinerentur,
399 2673 524 2710 exque
554 2661 615 2700 his
647 2661 798 2700 duabus
819 2663 934 2700 rebus
956 2662 1257 2711 contemperatio
1279 2673 1358 2699 una
1379 2661 1488 2700 fieret
1518 2665 1556 2699 et
1586 2660 1752 2710 majores
1783 2659 1935 2698 orbium

141 2721 410 2770 proportiones
449 2720 662 2758 minoribus
694 2721 1039 2767 eccentricitatum,
1071 2719 1122 2758 ad
1153 2719 1373 2758 harmonias
1403 2718 1665 2768 procurandas
1695 2718 1938 2757 necessaria-

142 2789 237 2823 rum,
269 2777 447 2816 nonnihil
479 2778 753 2826 concederent,
784 2783 823 2816 et
854 2779 1024 2815 vicissim
1056 2789 1104 2816 ex
1134 2778 1449 2828 proportionibus
1478 2777 1712 2815 harmonicis
1741 2775 1833 2814 illae
1862 2786 1936 2826 po—

143 2836 334 2874 tissimum
364 2837 532 2886 planetis
563 2835 965 2882 accommodarentur,
1007 2847 1107 2884 quae
1144 2847 1231 2874 cum
1269 2835 1396 2874 solida
1442 2846 1596 2883 quaque
1634 2834 1759 2883 figura
1790 2844 1937 2882 cogna-

143 2894 287 2931 tionem
317 2895 506 2944 majorem
536 2894 743 2943 haberent,
785 2906 863 2943 qua
893 2894 931 2931 id
964 2905 1032 2943 per
1062 2893 1281 2932 harmonias
1312 2894 1391 2932 fieri
1436 2893 1583 2943 potuit3
1625 2903 1751 2942 eaque
1780 2890 1937 2930 tandem

144 2951 294 2990 ratione
325 2957 364 2991 et
393 2954 664 3003 proportiones
687 2953 837 2992 orbium
859 2957 896 2990 et
926 2951 1164 3000 singulorum
1188 2953 1492 2991 eccentricitates
1512 2962 1559 2988 ex
1590 2950 1800 3000 archetypo
1821 2949 1936 2987 simul
1986 2967 1987 2973 =

145 3014 427 3056 enascerentur,
460 3022 507 3049 ex
538 3011 688 3050 orbium
717 3021 810 3050 vero
841 3009 1094 3060 amplitudine
1116 3015 1154 3049 et
1173 3010 1274 3050 mole
1306 3020 1507 3062 corporum
1537 3007 1734 3065 periodica
1761 3010 1937 3058 tempora

145 3065 385 3116 singulorum
413 3069 656 3109 resultarent.
