1988 3276
109 98 188 137 106
696 95 750 133 De
775 95 987 142 Figurarum
1013 96 1308 135 Harmoniam-um

106 216 263 254 stitutus
288 216 465 255 omnibus
486 217 721 265 geometriae
741 216 956 267 praesidiis,
987 218 1150 257 haerens
1182 219 1278 257 inter
1298 219 1450 268 spineta
1469 229 1726 268 numerorum,
1756 218 1896 258 frustra

107 285 259 313 cossam
290 286 401 312 suam
430 279 634 324 respectat.
686 275 772 314 Hoc
802 287 928 316 unum,
952 282 1012 316 est
1041 277 1244 316 discrimen
1274 277 1373 315 inter
1404 277 1573 316 cossicas
1605 282 1644 317 et
1672 278 1770 316 inter
1798 287 1895 327 geo-

105 335 283 372 metricas
315 332 666 372 determinationes.

222 391 398 430 Alterum
428 397 498 440 est,
531 391 636 442 quod
665 396 748 430 tota
777 392 874 431 haec
903 395 1000 432 ratio
1023 393 1221 447 Byrgiana
1252 394 1427 431 innititur
1458 394 1646 433 essentiae
1669 394 1895 443 quantitatis

107 449 295 488 discretae
326 461 395 488 seu
426 461 690 499 numerorum,
732 455 771 489 et
809 451 947 490 dividit
977 452 1207 490 diametrum
1238 453 1276 489 in
1315 451 1527 501 particulas
1558 457 1682 491 certas
1693 481 1705 503 ,
1744 452 1896 502 quoties

107 514 144 548 et
176 507 362 557 quamdiu
394 508 500 557 vult,
532 508 761 559 generaliter
791 511 828 547 in
860 515 989 559 partes
1020 510 1136 559 duas3
1182 512 1244 549 cui
1274 521 1434 548 numero
1465 514 1569 549 totus
1599 522 1804 561 processus
1834 511 1896 547 in-

106 568 239 604 nititur
269 571 572 616 mutareturque,
604 571 635 606 si
666 579 804 607 nomen
837 568 1022 607 diametro
1054 568 1162 607 aliud
1192 581 1260 608 seu
1292 580 1472 607 numerus
1503 569 1605 607 alius
1635 568 1801 607 daretur.
1844 568 1898 606 At

105 636 182 663 non
214 626 270 664 sic
301 627 512 674 geometria
534 626 754 676 figurarum,
787 628 964 676 superius
995 627 1148 675 tradita,
1181 639 1282 677 quae
1301 627 1425 665 latera
1457 627 1627 666 effabilia
1655 625 1896 677 longitudine

107 685 237 734 signat
266 695 360 723 sane
390 685 583 734 numeris3
627 690 668 723 at
699 685 910 723 ineffabilia
940 697 1187 735 nequaquam
1223 687 1391 723 numeris
1423 690 1688 734 consectatur,
1731 684 1800 724 sed
1830 696 1898 735 per

106 754 197 781 suas
229 747 352 781 certas
383 744 531 793 species
564 743 770 782 distributa
800 745 855 781 sic
887 746 1088 792 enunciat,
1121 749 1164 782 ut
1193 749 1391 794 appareat,
1424 755 1501 782 non
1533 744 1580 783 de
1610 744 1797 792 discretis,
1829 742 1898 782 sed

110 801 158 840 de
189 802 381 839 continuis
414 802 696 850 quantitatibus
729 803 807 853 agi,
839 801 885 840 de
916 802 1027 841 lineis
1059 807 1097 841 et
1129 802 1420 852 superficiebus.

222 859 354 898 Tertio
386 860 572 898 hactenus
605 864 643 899 et
673 860 783 898 lateri
824 860 970 910 figurae
1001 866 1039 899 et
1076 861 1187 899 lateri
1218 860 1355 900 stellae
1387 859 1627 909 cognominis
1657 860 1797 910 cuique
1827 872 1899 899 sua

106 922 211 957 certa
234 924 316 956 erat
336 918 564 968 descripti03
596 919 635 955 in
656 918 729 957 hac
751 919 972 967 algebraica
993 919 1143 970 analysi
1166 919 1263 957 illud
1291 920 1458 957 maxime
1489 920 1627 963 mirum
1658 924 1715 957 est
1738 915 1898 972 (quam-

106 978 165 1014 vis
196 981 431 1026 geometram
462 977 668 1028 praecipue
701 975 947 1030 absterreat),
982 978 1084 1027 quod
1111 989 1187 1015 non
1210 990 1288 1016 una
1310 978 1375 1016 via
1405 977 1594 1027 praestari
1622 982 1762 1026 potest,
1795 977 1897 1027 quod

109 1036 329 1085 imperatur.
392 1035 625 1085 Quanquam
668 1035 706 1073 id
737 1047 813 1073 non
846 1038 949 1074 omni
981 1036 1067 1086 lege
1110 1035 1280 1075 solutum
1320 1041 1398 1083 est,
1446 1035 1536 1083 sed,
1584 1040 1628 1073 ut
1667 1045 1784 1085 supra
1822 1035 1898 1075 dici

106 1098 296 1143 coeptum,
328 1098 387 1132 tot
417 1099 505 1132 sunt
537 1096 683 1133 numeri
715 1094 898 1133 facientes
930 1095 1180 1144 imperatum,
1221 1100 1315 1144 quot
1345 1101 1435 1132 sunt
1466 1095 1504 1130 in
1536 1094 1657 1144 figura
1690 1094 1897 1132 subtensae

107 1163 177 1190 seu
209 1148 381 1202 diag'onii
412 1151 651 1201 longitudine
684 1152 920 1200 differentes,
967 1158 1008 1190 ut
1051 1155 1088 1191 in
1127 1151 1420 1203 quinquangulo
1462 1151 1557 1199 duo,
1601 1154 1637 1189 in
1668 1152 1898 1202 septangulo

107 1215 195 1257 tres,
227 1222 325 1248 unus
356 1221 424 1260 pro
456 1210 589 1259 latere,
624 1211 762 1260 reliqui
794 1223 862 1260 pro
885 1211 1079 1250 subtensis
1100 1211 1256 1261 angulo.
1300 1212 1438 1260 Itaque
1461 1210 1651 1260 quicquid
1675 1212 1899 1250 enunciatur

107 1268 261 1307 tandem
294 1268 340 1307 de
371 1270 618 1318 proportione
639 1269 786 1319 figurae
818 1271 983 1333 propria,
1017 1270 1054 1308 id
1085 1281 1286 1309 commune
1318 1274 1376 1309 est
1397 1271 1566 1307 omnium
1598 1269 1682 1319 ejus
1712 1269 1899 1308 linearum

106 1328 419 1377 proportionibus
451 1327 500 1366 ad
532 1327 773 1366 diametrum.

222 1385 388 1434 Quarto,
422 1387 571 1435 posito,
605 1386 709 1436 quod
742 1398 818 1424 una
847 1386 931 1424 sola
962 1387 1159 1436 proportio
1190 1386 1307 1425 faciat
1339 1387 1591 1435 imperatum,
1632 1384 1739 1424 illam
1770 1389 1897 1424 tamen

106 1455 182 1482 non
213 1443 354 1483 doceor
385 1445 601 1492 absolvere,
634 1445 701 1483 sed
733 1445 869 1483 saltem
892 1446 1025 1484 venari
1056 1445 1217 1483 eminus.
1270 1444 1366 1482 Cum
1398 1446 1499 1482 enim
1530 1445 1678 1494 species
1707 1444 1898 1482 linearum

107 1514 227 1541 causa
256 1503 441 1541 scientiae
473 1509 672 1541 versentur
703 1505 739 1539 in
773 1514 912 1553 genere
933 1503 1185 1542 ineffabilium
1215 1501 1270 1553 (id
1302 1508 1359 1541 est
1390 1514 1466 1541 non
1487 1501 1796 1550 numerabilium,
1829 1513 1898 1540 seu

106 1572 285 1599 numeros
327 1562 612 1613 respuentium)
653 1572 777 1611 eoque
817 1561 925 1599 nulla
962 1573 1132 1611 unquam
1178 1560 1425 1599 multitudine
1464 1566 1748 1599 consummetur
1787 1562 1899 1609 ratio,

107 1621 200 1669 quin
232 1631 383 1669 semper
404 1619 553 1669 aliquid
585 1621 625 1658 in
645 1621 789 1658 incerto
819 1619 1079 1669 relinquatur:
1112 1620 1209 1657 haec
1241 1624 1374 1658 contra
1405 1620 1516 1668 ratio,
1548 1624 1591 1657 ut
1620 1618 1708 1657 loco
1729 1618 1899 1658 secundo

108 1678 276 1730 dictum,
314 1683 465 1727 praeter
504 1689 683 1716 numeros
724 1690 799 1716 non
839 1680 1001 1716 assumit
1042 1678 1120 1716 alia
1157 1677 1373 1727 praesidia,
1417 1678 1485 1716 sed
1527 1677 1754 1716 diametrum
1795 1678 1900 1716 varie

108 1747 258 1786 semper
293 1736 434 1774 dividit
464 1738 501 1774 in
533 1737 675 1775 multas
705 1736 900 1787 myriadas
944 1736 1180 1787 myriadum,
1220 1741 1262 1773 ut
1299 1737 1470 1774 exactior
1509 1736 1576 1774 fiat
1612 1737 1734 1784 rati03
1773 1739 1816 1773 at
1846 1736 1902 1774 sic

106 1806 303 1844 nunquam
334 1795 376 1832 fit
407 1797 665 1844 exactissima,
699 1801 736 1833 et
768 1796 946 1842 breviter,
968 1795 1042 1833 hoc
1062 1805 1139 1833 non
1171 1798 1230 1832 est
1260 1795 1357 1833 scire
1385 1806 1466 1835 rem
1496 1795 1632 1844 ipsam,
1664 1793 1733 1832 sed
1762 1793 1901 1831 saltem

107 1852 254 1903 aliquid
284 1853 456 1902 proxime
487 1854 614 1903 majus
647 1853 709 1892 vel
742 1855 893 1905 minus,
930 1858 1135 1903 potestque
1167 1864 1318 1902 semper
1347 1854 1536 1902 posterior
1565 1852 1707 1902 aliquis
1739 1862 1899 1902 compu-

107 1916 208 1950 tator
238 1913 506 1978 approximare
538 1914 685 1962 magis,
731 1913 932 1962 pervenire
971 1911 1020 1949 ad
1059 1915 1243 1961 punctum
1281 1912 1406 1960 ipsum
1445 1911 1541 1949 nulli
1572 1921 1743 1960 unquam
1775 1909 1899 1949 datur.

107 1969 222 2008 Talia
250 1970 428 2007 nimirum
461 1975 550 2008 sunt
581 1972 732 2017 omnia,
766 1981 864 2019 quae
895 1969 1017 2008 latent
1048 1970 1086 2006 in
1119 1968 1203 2007 sola
1233 1970 1493 2036 possibilitate
1523 1969 1709 2007 materiae
1741 1969 1900 2018 quanti-

109 2029 269 2075 tativae,
302 2039 428 2077 neque
459 2027 728 2067 formationem
759 2028 904 2067 habent
934 2027 1135 2079 scibilem,
1180 2038 1258 2076 qua
1289 2028 1327 2064 in
1357 2032 1486 2066 actum
1518 2026 1751 2077 quandoque
1782 2027 1902 2065 scibi-

109 2085 228 2124 litatis
259 2086 450 2124 humanae
483 2088 775 2125 constituantur.

225 2143 393 2193 Quinto,
441 2149 483 2183 ut
513 2147 551 2183 in
583 2147 711 2195 specie
743 2144 789 2182 de
821 2142 1050 2194 septangulo
1081 2141 1290 2192 figurisque
1321 2142 1438 2193 huJus
1467 2144 1619 2192 generis
1658 2153 1901 2193 consequen-

109 2202 212 2241 tibus
244 2215 416 2252 agamus,
450 2214 535 2241 cum
565 2215 633 2253 per
665 2215 731 2241 eas
765 2202 896 2241 ordine
927 2213 998 2240 suo
1029 2212 1115 2240 sese
1138 2206 1415 2251 consequentes
1435 2201 1777 2251 proportionalitas
1807 2212 1902 2240 con-

110 2262 218 2299 tinua
250 2261 480 2300 extendatur
521 2273 606 2299 cum
637 2262 721 2311 ipso
762 2271 920 2299 numero
951 2259 1134 2298 laterum:
1178 2271 1268 2309 ergo
1296 2261 1327 2297 si
1358 2261 1524 2298 maxime
1554 2262 1811 2309 innotesceret
1839 2258 1901 2297 ul-

109 2320 225 2370 tima,
267 2325 307 2357 ut
338 2321 376 2357 in
408 2319 638 2370 septangulo
670 2313 1234 2368 proportionaliumseptima,
1274 2321 1351 2356 non
1392 2324 1519 2356 tamen
1552 2330 1620 2368 per
1649 2329 1736 2356 eam
1766 2317 1900 2356 haberi

109 2383 268 2426 possent
299 2378 561 2416 intermediae.
622 2378 721 2415 Nam
754 2379 851 2415 inter
883 2377 997 2424 duas,
1042 2387 1141 2425 quae
1183 2387 1259 2413 non
1303 2376 1448 2415 habent
1486 2377 1774 2427 proportionem
1803 2378 1901 2415 inter

110 2447 163 2483 se,
197 2447 312 2484 quam
345 2436 420 2474 duo
452 2438 599 2475 numeri
622 2435 994 2486 proportionalitatis
1027 2434 1284 2481 continuatae,
1316 2439 1359 2472 ut
1379 2435 1550 2481 cubicae,
1583 2433 1795 2473 sursolidae
1827 2438 1898 2472 etc.

109 2499 305 2543 nequeunt
335 2496 567 2544 geometrice
600 2496 780 2532 constitui
811 2495 991 2532 continue
1022 2492 1329 2542 proportionales
1357 2493 1607 2532 intermediae
1638 2496 1899 2542 quotcunque,

108 2551 184 2590 sed
208 2551 333 2590 solum
372 2564 448 2590 una
487 2553 548 2592 vel
585 2557 660 2590 tres
698 2552 761 2590 vel
800 2557 948 2601 septem
980 2551 1040 2589 vel
1072 2550 1289 2599 quindecim
1327 2555 1422 2599 ete,
1468 2550 1544 2590 duo
1577 2562 1666 2589 vero
1708 2550 1769 2589 vel
1801 2561 1900 2600 qua-

110 2615 207 2658 tuor,
240 2612 422 2660 quinque,
456 2623 535 2658 sex,
568 2615 667 2657 octo,
699 2621 839 2648 novem
860 2615 930 2649 etc.
963 2610 1143 2647 constitui
1174 2614 1265 2646 tunc
1294 2620 1370 2647 non
1399 2614 1562 2659 possunt
1592 2611 1628 2646 in
1650 2608 1780 2658 plano,
1813 2620 1900 2646 cum

109 2669 172 2708 hic
204 2668 250 2706 de
281 2666 568 2719 planisfiguris
598 2679 770 2718 agamus.

225 2727 316 2765 Jam
356 2738 448 2766 vero
488 2729 585 2765 inter
616 2727 940 2765 semidiametrum
978 2727 993 2761 l
1038 2728 1074 2762 et
1105 2725 1307 2773 septimam
1338 2723 1663 2774 proportionalem
1699 2721 1776 2762 lVII
1806 2735 1901 2775 pro-

111 2786 298 2834 portionis
329 2785 614 2835 septangularis
645 2790 734 2823 sunt
765 2783 914 2821 mediae
944 2782 1250 2831 proportionales
1282 2794 1369 2830 sex,
1411 2783 1451 2820 id
1483 2787 1541 2821 est
1577 2785 1592 2819 l
1629 2782 1679 2820 ad
1713 2778 1791 2827 lvn
1821 2793 1898 2820 non

112 2848 154 2880 ut
183 2855 363 2882 numerus
395 2843 443 2882 ad
474 2855 673 2882 numerum
703 2842 960 2893 proportionis
992 2841 1196 2878 continuae
1219 2852 1341 2890 aeque
1364 2841 1525 2890 longae3
1556 2851 1633 2877 non
1665 2845 1722 2880 est
1753 2839 1898 2879 scilicet

112 2904 308 2950 proportio
340 2901 611 2940 semidiametri
642 2901 691 2939 ad
721 2901 826 2939 latus
870 2897 1086 2948 septanguli
1118 2899 1328 2936 secundum
1367 2899 1463 2937 duos
1494 2909 1694 2946 numeros,
1735 2898 1809 2936 hoc
1839 2902 1899 2937 est

112 2970 188 2996 non
221 2960 384 2998 effabilis
415 2965 482 2998 est.
544 2960 643 2998 Nam
681 2961 713 2997 si
745 2962 846 2998 esset
877 2956 1060 3004 effabilis,
1100 2956 1252 2995 caderet
1281 2957 1320 2994 in
1359 2957 1507 3007 species
1549 2958 1654 3005 prius
1685 2955 1897 3006 explicatas

113 3017 292 3055 classium
323 3019 512 3067 priorum,
545 3023 582 3056 et
612 3023 759 3068 septem
789 3014 921 3066 anguli
951 3026 1027 3052 non
1059 3020 1186 3053 essent
1217 3019 1385 3065 septem,
1416 3014 1484 3053 sed
1514 3018 1590 3053 tres
1624 3014 1685 3053 vel
1717 3018 1894 3063 quatuor,

115 3074 219 3123 quod
250 3076 590 3116 contradictionem
622 3075 798 3115 involvit.
845 3074 900 3111 Ex
935 3072 1087 3123 angulis
1119 3075 1219 3112 enim
1247 3074 1455 3125 primarum
1485 3072 1692 3123 figurarum
1723 3076 1806 3111 erat
1834 3071 1895 3110 la-
