1994 3276
763 65 876 105 Liber
889 65 957 103 111.
983 65 1102 113 caput
1116 66 1180 105 VI.
1783 76 1867 116 357

72 145 273 231 elementia,
296 184 463 231 acinus,
485 184 649 222 remissio
672 181 946 230 disciplinam
918 181 1070 219 lihertas'
1085 183 1283 230 popularis,
1308 184 1513 231 submissio,
1529 186 1745 235 ohedientia,
1771 189 1869 235 paci·
1940 180 1944 186 '

72 238 142 275 fic·
165 241 203 274 et
225 237 366 275 servilis
387 237 632 284 tranquillitas
655 235 714 272 vel
737 234 963 281 compositio.
1009 234 1100 272 Tale
1123 236 1210 283 quid
1234 237 1491 284 exspectabam
1514 237 1586 276 dici
1608 249 1631 276 a
1646 239 1868 286 Ptolemaeo,

71 289 135 336 qui
156 289 325 333 sciehat,
358 288 666 326 Lacedaemonios
700 284 847 334 puhlice
880 287 1066 334 punivisse
1095 287 1380 326 introductorem
1415 291 1559 336 generis
1582 291 1841 329 enharmonii
1829 305 1868 330 ιιι

71 353 174 380 suam
196 341 477 389 rempublicam3
515 341 579 388 qui
602 340 710 378 etiam
732 339 861 387 procul
884 339 994 376 dubio
1018 340 1173 385 sciebat,
1209 342 1295 388 quid
1319 343 1534 381 Aristoteles
1563 344 1609 382 de
1631 347 1868 392 proportione

70 395 295 434 arithmetica
317 399 356 432 et
377 394 598 442 geometrica
620 392 804 440 scripserit
830 392 869 428 in
888 391 1054 437 justitiae
1078 369 1270 439 speciebus
1305 394 1543 434 observanda.
1589 397 1724 435 Verum
1746 397 1867 436 Ptole·

69 457 194 485 naeus
221 447 413 485 laborabat
441 446 672 484 multitudine
695 445 851 492 partium
887 448 1016 481 cantus
1048 445 1372 492 comparandarum
1401 458 1484 484 cum
1507 448 1616 485 rebus
1642 449 1689 486 ad
1712 451 1867 488 animam

69 501 344 548 pertinentibus.
393 501 481 538 Cum
513 500 624 546 igitur
653 498 699 536 de
722 498 780 534 his
810 497 905 533 iusta
933 501 1083 534 acturus
1112 498 1160 535 sit
1183 498 1256 535 alio
1280 500 1418 546 capite,
1453 500 1523 537 hoc
1544 501 1625 538 loco
1656 508 1866 542 contentum

69 564 152 592 esse
174 553 338 600 oportuit
359 552 602 601 qualicunque
626 550 868 588 similitudine.

180 606 279 645 Nota
299 605 365 644 111.
413 604 688 651 operativarum
718 603 892 641 virtutum
925 601 1142 649 principium
1184 607 1243 639 est
1277 603 1465 651 voluntas,
1506 606 1867 654 contemplativarum

67 658 285 697 intellectus.

180 710 279 747 Nota
300 709 368 746 lv.
412 709 554 746 Genera
588 709 641 746 ait
664 706 808 745 differre
843 707 938 744 mole
977 718 1044 744 seu
1075 707 1328 754 amplitudine,
1354 707 1462 757 ὀγιιφ,
1498 721 1591 758 quae
1621 713 1797 751 consistat
1829 714 1867 750 in

67 763 265 800 elevatione
289 762 347 799 vel
362 763 628 808 contractione,
661 765 753 808 puta
774 775 817 797 το
841 761 1021 803 ἐφειμενον
1051 757 1071 806 η’
1086 761 1368 803 συνιστάμενον.
1416 764 1504 799 (ιιιιι
1522 763 1692 810 virtutes,
1715 776 1868 813 quarum

65 815 286 855 differentias
307 814 387 852 vult
409 813 456 851 ad
480 825 614 861 genera
643 819 773 851 cantus
798 812 1088 858 accommodare,
1120 811 1217 849 inter
1240 822 1280 848 se
1305 813 1478 860 distingui
1503 815 1654 853 dixisset
1689 818 1865 864 magnitu-

65 868 150 906 dine
172 867 328 915 quadam
351 867 590 912 objectorum,
614 867 757 904 censuit
781 867 849 903 sihi
874 866 982 902 etiam
1005 865 1103 902 inter
1124 875 1259 910 genera
1283 871 1412 904 cautus
1443 869 1699 913 magnitudinis
1723 869 1865 915 aliquas

66 920 287 958 differentias
311 919 555 956 ostendendas
578 930 678 964 esse,
709 924 750 956 ut
774 919 995 965 comparatio
1019 917 1185 964 spedose
1213 917 1354 955 instinxi
1384 921 1513 965 possit.
1563 921 1671 966 Quod
1693 922 1803 969 igitur
1825 924 1864 960 in

0 1011 2 1014 ,
62 975 143 1021 ipsa
158 971 253 1009 serie
274 971 516 1008 distinctionis
539 972 854 1008 tetrachordorum
878 981 950 1007 non
973 970 1170 1017 appellavit
1186 971 1470 1018 magnitudinem
1494 974 1629 1019 (omnia
1643 976 1738 1011 enim
1754 976 1863 1011 inter·

64 1025 162 1062 valli
182 1024 401 1061 tetrachordi
426 1025 613 1071 complexa
637 1032 723 1062 sunt
753 1025 848 1062 inter
871 1034 911 1061 se
933 1023 1129 1070 aequalia),
1163 1023 1200 1060 id
1220 1024 1296 1069 ,iam
1321 1025 1382 1061 hic
1410 1031 1583 1072 respectu
1606 1028 1863 1074 magnitudinis

63 1079 175 1126 hujus
197 1079 294 1116 eirca
316 1078 467 1116 virtutes
491 1079 653 1125 appellat
674 1078 975 1125 magnitudinem
1007 1076 1094 1122 quia
1117 1086 1166 1114 sc.
1198 1081 1255 1112 est
1286 1076 1462 1113 habitudo
1496 1080 1675 1125 quaedam
1712 1081 1861 1117 chorda·

63 1143 143 1169 rum
165 1141 231 1168 seu
255 1142 424 1168 sonorum
447 1131 668 1168 tetrachordi
692 1132 739 1168 ad
763 1141 803 1167 se
825 1136 952 1167 mutuo
969 1129 1140 1166 distincta
1162 1129 1409 1174 magnitudine
1425 1130 1568 1169 diversa
1581 1133 1861 1177 intervallorum

62 1180 197 1221 Verum
221 1182 378 1230 explieat
400 1182 562 1229 ulterius,
587 1183 767 1229 quomodo
791 1193 925 1229 genera
947 1181 1196 1227 magnitudine
1219 1181 1362 1218 diversa
1377 1183 1649 1223 intervallorum
1672 1187 1747 1223 sint
1767 1188 1864 1223 iuter

62 1246 103 1272 se
126 1235 312 1280 distincta,
347 1240 515 1272 manente
539 1236 666 1272 eadem
689 1246 834 1289 semper
856 1235 968 1272 totius
992 1233 1247 1270 tetrachordici
1270 1234 1452 1273 intervalli
1476 1239 1700 1289 quantitate,
1730 1251 1861 1287 nempe

63 1285 261 1325 secundum
284 1263 520 1324 elevationem
544 1292 581 1324 et
605 1284 908 1332 contractionem
942 1287 1061 1323 inesse
1086 1286 1180 1322 enim
1211 1285 1248 1321 iu
1273 1288 1467 1333 generibus
1490 1290 1545 1335 id,
1580 1292 1677 1338 quod
1707 1292 1861 1330 densum

63 1345 100 1378 et
125 1339 316 1377 indensum
339 1339 554 1387 appelletur.
580 1341 638 1376 cui
661 1340 753 1378 haec
778 1340 932 1378 elevatio
957 1344 994 1376 et
1018 1339 1217 1376 contractio
1241 1339 1392 1386 accidat,
1418 1346 1455 1377 et
1478 1352 1522 1379 ea
1544 1343 1690 1389 quidem
1706 1345 1861 1392 gemina,

64 1394 121 1430 vel
145 1394 240 1431 enim
261 1393 400 1430 ratione
422 1393 625 1439 positionis,
650 1394 706 1429 vel
728 1395 870 1430 ratione
893 1393 1100 1439 potestatis.
1148 1393 1248 1428 Haec
1273 1392 1427 1432 obscura
1443 1399 1530 1431 sunt
1545 1401 1751 1442 propterea,
1776 1397 1861 1444 quia

62 1456 233 1490 generum
265 1444 331 1482 illa
360 1444 542 1482 distinctio
571 1457 643 1481 ιιοιι
676 1450 733 1482 est
764 1445 959 1491 naturalis,
996 1444 1062 1481 sed
1097 1444 1295 1481 artificialis
1326 1451 1467 1483 tantum
1503 1453 1540 1484 et
1573 1448 1860 1486 instrumentalis

65 1498 246 1544 hodieque
268 1508 342 1534 nou
365 1497 520 1544 amplius
543 1498 580 1534 in
604 1508 673 1535 usu
697 1503 772 1545 est3
802 1509 913 1545 qnare
938 1499 1046 1534 etiam
1070 1507 1178 1532 voees
1201 1497 1304 1542 ipsae
1331 1498 1527 1535 desierunt.
1575 1501 1703 1537 Dicam
1727 1506 1859 1545 tamen,

65 1556 108 1586 ut
130 1549 296 1587 existimo
309 1549 477 1586 minime
494 1556 707 1597 perceptum
722 1551 778 1589 iri.
824 1551 1053 1587 Diatonicum
1083 1549 1178 1586 libro
1203 1560 1269 1586 suo
1292 1551 1408 1596 primo
1439 1553 1595 1598 cap-13.
1624 1554 1784 1614 appellat
1807 1554 1860 1589 in-

63 1603 232 1650 denmm,
264 1602 521 1639 chromaticum
550 1613 635 1640 vero
660 1609 698 1640 et
722 1604 1014 1640 enharmonicum
1047 1603 1177 1647 densa,
1209 1602 1299 1639 illud
1322 1604 1458 1650 miuus,
1492 1605 1564 1641 hoc
1586 1606 1711 1652 magis.
1761 1607 1859 1644 Ecce

0 1678 3 1679 ν
62 1665 169 1693 voees
190 1630 445 1700 m’agnimdinis
469 1655 623 1700 alicujus
648 1655 895 1701 qualitativae,
926 1657 1134 1702 indensum,
1166 1655 1453 1701 densiusculum,
1479 1657 1641 1695 densum.
1687 1659 1859 1696 Densitas

5 1728 9 1731 Δ
63 1709 280 1746 censebatur
307 1706 416 1742 trium
446 1717 617 1743 sonorum
649 1707 695 1743 de
726 1713 882 1754 quatuor
918 1709 1024 1745 unius
1049 1707 1271 1744 tetrachordi
1294 1710 1546 1755 propinquitas
1575 1711 1622 1746 ad
1646 1721 1687 1747 se
1709 1717 1856 1758 mutuo;

62 1760 157 1796 sieut
184 1760 222 1796 in
244 1758 403 1806 physicis
435 1758 587 1795 densum
617 1759 654 1796 id
684 1766 762 1806 est,
795 1761 832 1797 iu
858 1773 929 1808 quo
954 1762 1106 1798 multum
1129 1761 1303 1797 materiae
1328 1768 1494 1798 coactum
1517 1767 1574 1800 est
1601 1763 1640 1810 in
1664 1771 1856 1809 augustum

60 1811 229 1859 spatium.
278 1811 339 1847 Sic
360 1816 422 1856 ut,
446 1823 488 1848 re
511 1812 589 1847 soni
614 1812 731 1848 rarius
755 1813 983 1850 intervallum
1006 1814 1163 1858 faciunt,
1187 1814 1256 1858 mi,
1280 1814 1322 1858 fa
1343 1813 1507 1858 densius,
1534 1815 1631 1861 quod
1655 1815 1772 1852 solum
1796 1816 1857 1853 de-

12 1866 18 1886 :
62 1863 267 1901 clantionis
291 1874 401 1902 causa
434 1863 532 1909 dico,
569 1876 641 1900 non
677 1864 773 1911 quod
804 1870 946 1902 veteres
976 1866 1046 1903 hoc
1069 1864 1316 1911 intervallum,
1353 1867 1450 1913 quod
1479 1867 1516 1903 in
1548 1868 1619 1904 hoc
1642 1879 1722 1904 meo
1747 1880 1858 1916 opere
1892 1875 1895 1877 “

0 1915 6 1918 “
61 1917 287 1954 semitonium
309 1917 471 1964 appello,
507 1917 672 1954 absolute
696 1918 790 1954 inter
813 1918 926 1954 densa
950 1918 1152 1955 habuerint.
1201 1918 1234 1954 N
1237 1928 1294 1953 am
1319 1918 1535 1955 addiderunt
1557 1925 1693 1956 certam
1717 1922 1857 1967 quanti-

60 1973 190 2013 tatem,
217 1969 442 2016 ιιιιιιιιιιιιιι
467 1969 627 2006 densitas
658 1971 729 2006 ista
752 1974 998 2016 reputaretur,
1031 1971 1062 2006 si
1086 1981 1136 2007 sc.
1163 1968 1209 2005 eir
1247 1969 1362 2006 tribus
1386 1971 1585 2009 intervallis
1615 1973 1722 2009 unius
1746 1979 1857 2010 tetra-

61 2021 186 2058 chordi
218 2022 290 2059 duo
326 2028 447 2058 essent
477 2023 616 2059 minora
648 2023 756 2059 tertio
791 2022 898 2058 simul
932 2028 1069 2067 sumta,
1115 2022 1214 2067 quod
1253 2023 1389 2059 usitata
1422 2024 1563 2060 ratione
1607 2025 1758 2062 canendi
1794 2036 1856 2061 ne·

60 2074 139 2118 quit
168 2073 361 2119 declarari,
393 2075 446 2111 sic
478 2080 599 2111 tamen
629 2086 694 2121 per
725 2074 844 2111 claves
875 2084 1089 2119 organorum
1122 2074 1296 2110 declarari
1329 2076 1480 2120 poterit:
1512 2077 1560 2112 sit
1584 2077 1855 2113 tetrachordum

59 2124 155 2161 inter
170 2126 215 2171 G,
241 2127 284 2171 0,
309 2128 556 2173 exprimantur
572 2127 651 2163 soni
665 2127 708 2171 G,
731 2127 780 2172 Β,
805 2127 856 2171 H,
883 2127 914 2163 0
934 2131 972 2161 et
987 2127 1035 2163 sit
1054 2126 1131 2171 jam
1156 2127 1310 2162 omissus
1326 2137 1436 2163 sonus
1453 2130 1499 2164 A
1550 2129 1620 2164 Est
1636 2130 1746 2174 igitur
1760 2129 1854 2165 inter

61 2177 106 2222 G,
128 2177 166 2213 Β
187 2178 414 2215 intervallum
437 2179 481 2226 ‘la
505 2179 614 2215 tertia
638 2178 767 2224 mollis,
791 2183 827 2214 et
850 2179 944 2214 inter
966 2179 1014 2224 B,
1039 2179 1082 2214 H
1104 2184 1161 2214 est
1187 2179 1261 2224 ’³7⁷2
1286 2178 1413 2225 diesis3
1446 2179 1600 2227 denique
1623 2181 1717 2216 inter
1739 2181 1796 2225 H,
1825 2182 1856 2218 G

6 2224 34 2273 ζ’]-
57 2235 115 2266 est
150 2231 225 2276 ¹⁸1¹,5
256 2231 491 2267 semitonium
536 2232 672 2268 Juncta
705 2242 787 2267 vero
827 2231 873 2252 ⁷⁵¹
853 2255 903 2276 ‚2
936 2236 974 2267 et
1008 2232 1036 2252 ¹⁶
1021 2235 1083 2276 ‘71⁵
1117 2230 1255 2267 faciunt
1282 2230 1364 2276 ²⁰11„
1398 2237 1526 2267 ιοιιιιιιι
1548 2231 1734 2269 minorem.
1782 2233 1852 2269 Hic

13 2282 37 2323 ζ
58 2282 169 2326 igitur
192 2283 245 2327 G,
280 2281 336 2328 H,
375 2285 411 2320 Ο
431 2284 525 2320 inter
546 2284 664 2319 minus
693 2282 924 2319 intervallum
947 2282 1087 2319 reducti
1112 2288 1213 2326 sunt,
1251 2292 1359 2326 quam
1385 2283 1433 2327 G,
1469 2284 1516 2319 Β.
1564 2283 1851 2320 Tetrachordum

14 2323 35 2403 ζ
55 2333 166 2379 igitur
189 2334 232 2379 G,
256 2335 304 2380 Β,
327 2335 378 2379 H,
406 2336 437 2372 G
456 2335 566 2371 habet
587 2336 635 2381 id,
661 2335 756 2381 quod
782 2335 935 2371 densum
960 2335 1100 2380 dicitur,
1128 2335 1222 2380 quod
1241 2335 1407 2370 consistit
1428 2335 1464 2371 ιιι
1481 2337 1727 2372 contractione
1743 2338 1851 2374 trium

14 2395 38 2428 t
59 2397 228 2422 sonorum
250 2388 290 2423 in
313 2392 512 2432 augustum.
561 2389 610 2423 At
634 2388 902 2424 tetrachordum
929 2389 977 2432 G,
1010 2388 1063 2432 A,
1087 2387 1144 2430 H,
1179 2387 1209 2423 G
1230 2393 1285 2422 est
1310 2388 1505 2424 intervallis
1531 2389 1737 2433 diremtum,
1771 2400 1850 2426 sus·

12 2431 39 2493 2
63 2448 226 2484 pensum,
251 2439 441 2484 elevatum,
466 2439 620 2484 denique
635 2438 838 2475 indensum.
886 2440 986 2475 Haec
1003 2439 1111 2483 igitur
1135 2441 1332 2475 contractio
1351 2444 1387 2475 et
1403 2440 1555 2476 elevatio
1573 2447 1629 2476 est
1647 2443 1850 2488 potestatis,

63 2500 149 2534 quia
179 2496 381 2536 quaeritur,
412 2502 520 2536 quam
549 2497 767 2538 potestatem
799 2491 959 2527 habeant
991 2491 1072 2535 ipsa
1101 2500 1167 2535 per
1198 2501 1238 2527 se
1261 2491 1450 2528 intervalla
1479 2493 1585 2529 unius
1615 2494 1849 2541 tetrachordi,

21 2487 315 2620 }contrnctivam
343 2553 390 2578 an
421 2543 666 2580 dilatativam?
713 2546 782 2580 Est
807 2544 878 2580 alia
900 2543 1105 2589 positionis,
1140 2553 1223 2578 nam
1256 2543 1347 2579 haec
1371 2549 1555 2580 contracta
1578 2545 1768 2582 intervalla
1791 2546 1849 2584 vel

60 2601 171 2636 supr}
193 2599 278 2629 flunt
300 2594 357 2630 vel
378 2594 490 2638 infra3
517 2595 612 2630 unde
626 2606 733 2631 voces
749 2596 953 2641 ὀξυπυιινον,
978 2603 1216 2641 βαρυκυινον,
1240 2596 1330 2632 illud
1352 2597 1462 2641 igitur
1477 2596 1631 2632 habetur
1658 2599 1847 2640 ἑφειμενον,

60 2641 121 2678 Sic
144 2644 252 2680 etiam
273 2646 311 2681 in
334 2646 526 2690 diatonico,
551 2658 632 2682 cum
656 2649 816 2685 canimus
839 2654 892 2693 ut,
916 2660 965 2694 re,
979 2650 1053 2693 ·mi,
1075 2650 1127 2693 fa,
1152 2648 1223 2684 hoc
1238 2653 1562 2693 συσταλμενοτερον,
1587 2654 1628 2683 ιιι
1651 2654 1688 2685 et
1708 2650 1746 2685 in
1770 2650 1845 2687 dia-

23 2686 198 2740 3:touic0,
223 2708 304 2733 cum
328 2698 488 2733 cauimus
512 2699 566 2740 la,
590 2700 662 2743 sol,
685 2701 744 2744 la,
769 2702 837 2746 mi,
862 2707 900 2737 et
921 2703 988 2746 mi,
1010 2703 1068 2746 fa,
1092 2702 1164 2744 sol,
1189 2702 1227 2737 la
1250 2707 1318 2737 etc.

24 2737 51 2786 ξ
176 2749 272 2784 Nota
295 2751 340 2786 V.
388 2750 668 2795 Chromaticum,
690 2758 859 2797 respectu
883 2753 1027 2798 quidem
1049 2753 1233 2798 diatonici,
1266 2759 1323 2789 est
1345 2759 1569 2790 contractum
1590 2759 1627 2789 et
1650 2754 1774 2799 molle,
1809 2762 1848 2792 et

54 2806 230 2860 respectu
254 2801 474 2838 enharmonii
499 2806 554 2836 est
576 2801 757 2838 intensum
791 2811 828 2839 et
858 2806 1005 2851 durum;
1034 2807 1087 2842 ita
1110 2806 1365 2842 chromaticum
1400 2806 1442 2841 fit
1466 2806 1846 2847 diatonico—enharmo-

26 2851 159 2887 ιιιιιιιι
182 2853 383 2900 quoddam,
406 2854 448 2890 fit
472 2859 509 2891 et
532 2853 996 2894 enharmonio-diatonicum
1020 2858 1210 2905 quoddam
