1994 3276
135 100 217 143 206
296 80 298 89 Ι
708 100 765 136 De
787 98 1087 146 Proportionibus
1110 100 1347 138 Harmonicis.

135 219 238 258 hunc
278 231 351 270 ego
393 223 621 259 concentum
657 218 923 259 harmonicum
964 222 1111 259 auctori
1143 221 1295 259 Bodino
1329 219 1445 259 Gallo
1482 223 1658 272 remitt03
1697 233 1816 273 penes
1857 233 1929 262 nos

136 277 351 317 Germanos
385 277 537 328 judicia
574 279 613 315 in
653 279 871 328 praecipuis
912 280 1134 317 civitatibus
1176 285 1214 318 et
1252 280 1462 328 provinciis
1499 279 1634 330 procul
1664 286 1840 319 arcentur
1878 283 1928 319 ab

134 335 357 387 hujusmodi
401 336 581 375 sordibus
625 347 696 375 nec
739 336 839 375 ultra
882 336 1010 386 legum
1055 339 1332 388 praescriptum
1375 339 1582 388 quicquam
1626 339 1718 378 licet
1761 341 1928 389 exigere.

137 392 183 447 8)
214 394 769 434 Haereditatum'distributio
813 395 1031 444 aequabilis
1082 397 1120 433 in
1165 397 1294 445 capita
1340 404 1455 434 sexus
1498 398 1698 447 utriusque
1743 397 1929 436 arithme-

134 454 220 492 ticis
264 453 417 503 legibus
456 454 674 504 peragitur,
713 458 756 491 ut
786 455 933 502 origine
969 453 1153 503 aequales
1191 455 1503 505 proportionibus
1541 457 1658 494 etiam
1687 457 1928 495 substantiae

134 512 183 550 ab
215 511 351 551 eodem
379 516 490 562 patre
521 511 676 550 relictae
706 518 933 561 aequentur.
996 513 1048 550 At
1079 513 1170 550 dum
1190 514 1283 562 reip.
1314 513 1538 562 consulitur,
1569 513 1731 563 praedia
1750 514 1801 552 ad
1822 526 1928 552 mas-

136 569 255 619 culos,
289 572 356 620 qui
386 570 546 610 militiae
576 571 820 609 necessariae
851 571 929 607 sint
957 572 1060 621 apti,
1103 572 1291 620 pecuniae
1322 570 1373 609 ad
1402 571 1565 610 feminas
1597 578 1634 610 et
1664 571 1713 610 ad
1743 583 1928 622 personas

133 629 219 668 Deo
250 633 495 668 consecratas
537 628 797 668 devolvuntur
827 628 996 678 dumque
1032 629 1278 679 primogeniti
1308 630 1444 668 ceteris
1475 630 1538 668 vel
1568 630 1703 680 maj0ri
1735 632 1924 680 portione,

135 687 196 726 vel
226 689 345 726 totius
365 689 465 726 assis
484 688 731 737 possessione
751 686 1029 736 praeferuntur,
1059 687 1218 737 reliquis
1243 687 1303 725 vel
1324 689 1569 738 portionibus
1594 691 1693 728 inter
1713 700 1756 728 se
1776 701 1926 739 aequa-

132 745 244 795 libus,
276 746 338 784 vel
367 746 500 796 legato
532 745 594 784 vel
624 746 824 784 usufructu
853 744 937 783 solo
969 745 1204 795 providetur,
1237 751 1280 783 ut
1301 747 1430 796 imago
1451 745 1643 796 quaedam
1674 747 1924 799 principatus,

132 804 237 843 utilis
267 806 360 854 reip.
394 806 432 842 in
463 803 643 852 familiis,
675 808 887 853 statuatur3
928 802 967 840 id
998 803 1041 841 fit
1071 804 1286 842 rationibus
1317 805 1569 852 harmonicis,
1604 816 1705 855 quae
1735 805 1925 845 interdum

134 862 251 902 durae
281 867 372 901 sunt
401 862 610 902 admodum
641 867 680 914 et
711 861 965 909 dissonantes,
997 862 1128 911 quoad
1158 861 1343 912 singulos,
1382 865 1527 913 quippe
1557 863 1927 903 turbataarithme-

135 922 212 960 tica
241 921 492 973 aequalitate,
523 920 574 959 ad
604 921 939 960 conservationem
971 927 1099 959 tamen
1131 922 1334 960 universae
1366 922 1536 960 civitatis
1568 923 1799 972 conspirant.

247 978 388 1018 XXII.
419 979 465 1017 In
495 978 672 1031 populari
714 980 895 1029 imperio,
937 978 1042 1028 quod
1074 991 1121 1018 ex
1159 979 1402 1018 arithmetica
1439 979 1677 1030 aequalitate
1709 981 1926 1019 conforma-

133 1043 213 1077 tum
245 1043 314 1087 est,
347 1043 386 1077 et
416 1039 455 1075 in
487 1039 729 1088 optimatum,
762 1036 868 1087 quod
898 1049 945 1075 ex
975 1038 1209 1087 geometrica
1238 1037 1508 1086 similitudine,
1540 1049 1658 1089 saepe
1688 1044 1818 1078 tamen
1850 1040 1927 1077 ali-

133 1107 211 1146 qua
241 1097 607 1147 contemperationis
636 1097 735 1134 ratio
766 1095 941 1134 habetur.
1002 1093 1055 1134 Ut
1085 1107 1170 1134 cum
1191 1095 1360 1147 populus
1380 1098 1463 1146 ipse
1483 1106 1609 1136 rerum
1628 1101 1767 1147 potens
1787 1103 1924 1148 sponte
1967 1141 1970 1147 ,

132 1166 204 1193 sua
233 1156 404 1206 patriciis
445 1156 689 1205 potissimum
730 1153 917 1201 honores,
959 1155 1227 1204 magistratus,
1268 1154 1484 1194 sacerdotia
1519 1154 1699 1204 mandat,
1742 1160 1810 1194 aut
1839 1167 1926 1194 cum

133 1214 339 1264 optimates
368 1213 522 1264 plebem
552 1213 742 1252 honorum
772 1211 1043 1251 nonnullorum
1064 1214 1289 1263 participem
1315 1213 1475 1262 faciunt,
1504 1213 1810 1253 fructuosissima
1838 1225 1926 1252 mu-

130 1283 222 1310 nera
261 1272 355 1311 solis
390 1272 557 1322 plebejis
587 1271 826 1317 concedunt,
867 1270 1029 1320 injurias
1067 1272 1122 1309 eis
1160 1272 1211 1310 ab
1243 1272 1494 1321 optimatibus
1523 1271 1654 1310 illatas
1692 1274 1922 1322 gravissime

131 1330 390 1379 ulciscuntur,
431 1330 647 1369 libertatem
686 1329 859 1368 tribuunt
888 1328 1134 1367 fruendarum
1165 1329 1431 1380 voluptatum,
1471 1341 1572 1380 quae
1610 1342 1680 1380 per
1709 1342 1750 1369 se
1781 1335 1924 1369 statum

130 1387 357 1439 popularem
386 1391 500 1438 sapit,
531 1388 704 1438 suffragii
735 1386 933 1438 quoddam
957 1387 1024 1437 jus
1045 1387 1151 1437 plebi
1182 1390 1407 1438 permittunt
1437 1390 1475 1426 in
1499 1388 1715 1428 candidatis
1741 1400 1788 1427 ex
1808 1395 1924 1439 gente

133 1448 363 1499 optimatum
393 1452 497 1486 certo
529 1457 687 1486 numero
719 1444 1094 1497 nuncupandis,·ex
1126 1457 1203 1495 quo
1234 1458 1392 1485 numero
1434 1447 1509 1497 ipsi
1538 1452 1675 1496 postea
1706 1449 1923 1498 optimates,

132 1505 274 1555 quibus
310 1505 466 1554 volunt,
507 1507 757 1555 magistratus
798 1503 968 1543 credunt.
1030 1502 1140 1552 Quae
1181 1499 1398 1543 commun'io
1439 1504 1625 1554 quamdiu
1662 1510 1802 1555 sponte
1840 1506 1924 1555 ejus

132 1564 287 1612 ordinis,
318 1575 438 1614 penes
468 1575 584 1614 quem
615 1574 806 1602 summum
838 1567 897 1600 est
926 1563 1146 1612 imperium,
1180 1564 1374 1611 consistit,
1407 1564 1663 1602 suavissimus
1694 1563 1923 1602 concordiae

133 1623 277 1661 civium
318 1627 526 1661 concentus
564 1622 696 1670 durat3
739 1626 781 1659 at
820 1622 853 1658 si
894 1625 1116 1668 revocetur,
1159 1622 1323 1670 primum
1353 1621 1534 1672 querelae
1571 1628 1771 1671 emergunt
1801 1624 1922 1672 partis

130 1680 333 1730 multatae,
377 1679 516 1719 deinde
548 1680 782 1728 discordiae,
824 1681 936 1729 quasi
967 1679 1121 1723 turbato
1154 1684 1359 1728 concentu,
1400 1679 1566 1730 denique
1606 1679 1669 1718 vel
1699 1681 1924 1719 transfertur

131 1740 333 1789 imperium
364 1738 428 1778 vel
458 1744 541 1777 tota
572 1740 710 1778 civitas
740 1737 919 1776 hostibus
950 1738 1175 1776 succumbit.
1238 1738 1343 1777 Idem
1377 1738 1423 1776 de
1448 1738 1555 1788 regio
1575 1743 1693 1786 statu,
1725 1740 1787 1777 cui
1807 1738 1923 1776 fami-

129 1797 237 1836 liaris
269 1803 327 1837 est
355 1797 580 1836 harmonica
608 1798 718 1845 ratio,
750 1795 959 1835 tenendum
990 1797 1072 1843 erit,
1104 1798 1142 1832 in
1175 1807 1251 1846 quo
1284 1808 1382 1834 unus
1413 1801 1599 1846 quantum
1630 1798 1768 1836 ceteris
1795 1798 1922 1835 omni—

131 1855 204 1894 bus
236 1860 425 1906 praestat,
464 1861 614 1894 tantum
652 1856 768 1893 etiam
806 1854 913 1893 solus
944 1865 1134 1892 summum
1170 1854 1234 1903 jus
1265 1855 1414 1905 imperii
1453 1855 1648 1905 possidet,
1691 1856 1805 1894 ceteri
1849 1855 1922 1894 sub
1992 1904 1994 1906 ,

133 1914 199 1952 illo
231 1914 376 1964 degunt
406 1914 647 1953 arithmetica
677 1912 927 1962 aequalitate.
987 1912 1073 1951 Hac
1102 1914 1219 1962 igitur
1258 1914 1295 1950 in
1326 1913 1485 1963 politiae
1517 1914 1640 1952 forma
1678 1918 1806 1962 potest
1837 1925 1921 1952 esse

130 1971 374 2022 gubernandi
404 1974 502 2010 ratio
534 1974 648 2010 trium
678 1983 872 2022 generum,
907 1970 1011 2020 quod
1042 1982 1157 2020 supra
1190 1972 1306 2009 etiam
1335 1971 1408 2009 No.
1439 1970 1515 2009 IX.
1547 1972 1834 2021 tangebamus„
1852 1970 1921 2009 sed

133 2029 211 2068 illic
250 2030 298 2069 de
328 2042 389 2078 re,
426 2030 490 2069 liic
519 2030 566 2069 de
597 2031 771 2080 personis
812 2040 881 2068 seu
913 2028 1129 2077 ordinibus,
1171 2030 1261 2080 reip.
1294 2030 1494 2079 membris,
1535 2031 1699 2079 agimus.
1759 2029 1858 2068 Nam
1889 2031 1921 2067 si

133 2089 263 2127 omnia
292 2090 425 2127 munia
453 2100 519 2128 rex
551 2100 598 2127 ex
629 2100 754 2137 aequo
787 2088 1053 2135 communicet,
1085 2086 1191 2124 nulla
1223 2087 1467 2127 distinctione
1497 2088 1712 2127 nobilitatis
1742 2099 1766 2126 a
1795 2087 1920 2139 plebe,

133 2147 331 2197 popularis
362 2148 433 2185 erit
463 2151 500 2185 et
531 2147 795 2185 arithmeticae
826 2145 961 2183 similis
991 2144 1216 2192 moderatio,
1248 2157 1324 2183 non
1355 2145 1496 2184 decora
1519 2146 1713 2196 maiestati
1734 2157 1920 2193 summae,

134 2207 278 2255 quippe
308 2216 481 2244 summus
512 2206 593 2254 ipse
626 2216 711 2249 cum
742 2203 874 2242 infima
903 2203 1010 2241 faece
1042 2204 1298 2252 copulabitur,
1329 2204 1437 2243 nullo
1465 2203 1593 2243 medio
1624 2205 1825 2254 interiecto
1857 2215 1921 2242 or-

133 2263 233 2311 dine,
266 2263 370 2313 quod
400 2269 540 2302 natura
569 2268 696 2301 tamen
729 2267 846 2300 amat.
905 2259 1007 2310 Quin
1038 2262 1113 2298 imo
1145 2263 1249 2299 cives
1289 2273 1499 2311 generosae
1530 2256 1671 2300 indolis
1695 2273 1820 2311 >regno
1852 2273 1922 2301 ex-

134 2321 282 2370 cedent,
315 2324 347 2360 si
379 2321 509 2360 nullus
540 2322 691 2371 generis
721 2324 931 2370 respectus.
993 2318 1060 2357 Sin
1078 2320 1206 2357 omnia
1227 2320 1397 2358 conserat
1425 2322 1463 2357 in
1484 2320 1739 2368 nobilitatem,
1770 2320 1922 2359 seclusa
1985 2343 1989 2345 -

134 2381 286 2430 penitus
317 2379 452 2430 plebe,
492 2380 726 2429 geometrica
757 2378 855 2417 haec
884 2376 1097 2427 imperandi
1127 2377 1249 2415 forma
1279 2379 1368 2426 erit,
1410 2378 1478 2417 sed
1512 2378 1729 2428 periculosa
1762 2383 1800 2417 et
1829 2378 1921 2416 har-

133 2441 285 2477 monica
314 2439 508 2477 suavitate
540 2449 696 2486 carens;
734 2437 902 2487 populus
943 2437 1043 2474 enim
1082 2435 1231 2486 pollens
1262 2437 1525 2485 magnitudine
1563 2437 1719 2475 tandem
1750 2436 1919 2475 offensus

131 2496 373 2536 nobilitatem
404 2496 694 2546 magistratibus
726 2500 764 2534 ct
794 2494 1019 2542 honoribuS,
1050 2505 1179 2543 regem
1211 2495 1334 2544 ipsum
1377 2496 1537 2545 imperio
1569 2494 1812 2545 exspoliabit.
1872 2495 1922 2532 Et
1987 2512 1991 2513 ⁷

133 2556 311 2606 quamvis
343 2556 515 2605 argutius
547 2554 757 2602 distinguat
789 2553 1007 2591 moderator
1038 2551 1188 2590 ordines
1220 2553 1258 2589 in
1286 2552 1416 2602 plures
1447 2553 1608 2602 gradus,
1641 2553 1853 2602 distinguat
1883 2557 1921 2591 et
1986 2599 1987 2602 Ἴ

131 2610 283 2662 munia',
315 2614 348 2652 si
379 2619 507 2652 tamen
539 2613 678 2661 cuique
709 2611 831 2648 ordini
862 2622 934 2648 sua
963 2609 1037 2648 soli
1067 2614 1279 2656 conservet,
1311 2615 1354 2648 ut
1374 2610 1522 2650 Romae
1542 2611 1759 2649 tribunatus
1789 2611 1917 2661 plebis
1960 2658 1968 2666 ,

132 2672 253 2711 solius
285 2676 388 2719 erat,
429 2670 653 2710 consulatus
682 2670 930 2719 patriciorum
961 2672 1125 2715 tantum,
1166 2667 1434 2707 alienabuntur
1467 2670 1518 2708 ab
1547 2670 1713 2708 invicem
1754 2669 1920 2714 ordines,

134 2741 204 2769 nec
233 2730 342 2768 firma
379 2731 476 2768 inter
505 2740 546 2767 se
578 2726 782 2767 concordia
819 2727 857 2763 in
896 2738 1014 2763 unum
1052 2736 1186 2776 corpus
1226 2726 1457 2766 coalescent.
1517 2727 1616 2765 Nam
1657 2728 1789 2765 munia
1818 2727 1918 2765 infe-

133 2790 276 2827 riorum
307 2799 392 2827 cum
422 2789 507 2838 ipso
541 2787 672 2825 ordine
704 2789 1004 2831 contemnentur,
1039 2783 1137 2822 adeo
1168 2789 1210 2821 ut
1242 2784 1387 2823 Romae
1417 2786 1654 2823 tribunatum
1684 2796 1814 2835 gerere
1845 2796 1919 2834 pa-

133 2847 262 2884 tricius
293 2857 368 2885 non
400 2846 578 2897 potuerit,
610 2845 685 2882 nisi
715 2843 863 2892 ejurata
894 2841 1109 2888 nobilitate,
1143 2845 1179 2880 et
1210 2853 1295 2880 cum
1319 2845 1540 2881 extorsisset
1565 2842 1776 2893 aliquando
1809 2842 1917 2893 plebs
1989 2847 1994 2879 J

136 2904 399 2954 consulatum,
439 2908 567 2943 tamen
611 2901 754 2954 plebeji
795 2900 971 2939 consules
1010 2901 1081 2949 ipsi
1123 2902 1232 2950 pauci
1271 2912 1429 2940 numero
1472 2900 1623 2952 plebem
1656 2900 1794 2939 exinde
1824 2911 1919 2939 con-

134 2966 358 3001 temnerent.

251 3020 398 3059 Harum
429 3019 733 3069 disputationum
762 3017 889 3055 ideam
919 3015 1092 3054 Bodinus
1123 3017 1161 3053 in
1191 3018 1358 3055 numeris
1387 3017 1584 3067 proponit,
1618 3021 1656 3054 et
1685 3017 1847 3066 primum
1878 3016 1917 3052 in

136 3076 195 3115 his
226 3078 271 3126 4,
314 3079 357 3126 6,
403 3081 438 3117 7.
499 3077 575 3116 Hic
606 3079 631 3114 4
660 3087 789 3127 regem
827 3079 1106 3125 repraesentat,
1149 3075 1171 3111 6
1204 3075 1466 3123 nobilitatem,
1506 3075 1681 3124 interque
1720 3074 1791 3113 hos
1830 3084 1916 3112 esse
