1994 3276
155 76 240 116 450
779 76 1000 123 Appendicis
1023 77 1322 119 Harmonicorum

154 192 350 242 hujusque
394 193 749 243 comprehensionis
778 183 942 246 (si'qua
977 197 1048 235 illa
1079 197 1116 233 in
1148 197 1332 243 materia,
1373 199 1416 234 ut
1451 199 1510 234 est
1538 192 1781 242 harmonica,
1821 193 1950 243 locum

154 251 407 300 nanciscitur)
447 253 722 291 eoecellentiam
763 255 1001 294 ebuccinem.
1073 254 1149 304 Qui
1190 266 1277 292 cum
1319 255 1370 292 sit
1407 255 1741 303 comparationum
1782 263 1955 292 mearum

153 320 308 359 scopus,
341 310 543 349 ostendere
573 311 721 351 seilicet
750 312 972 361 lectoribus,
1003 313 1109 363 quod
1139 314 1377 359 harmonica,
1408 324 1489 350 rem
1519 311 1848 358 mathematicam,
1879 321 1953 359 ego

153 368 304 406 tradam
334 368 626 418 mathematice,
667 375 710 408 tu
741 370 982 420 Hermetice,
1025 373 1142 410 miror
1171 372 1308 420 igitur,
1351 382 1417 408 cur
1458 370 1567 408 illum
1608 375 1651 409 tu
1681 369 1776 407 mihi
1814 380 1954 420 pergas

153 426 340 473 ablatum,
373 438 487 476 quem
519 428 699 467 omnibus
731 432 914 469 orationis
934 436 1025 469 tuae
1048 429 1197 468 voculis
1220 429 1435 467 confirmari
1462 428 1657 478 altimque
1679 427 1796 477 defigi
1817 428 1955 466 cernis.

268 484 347 524 Sed
385 486 591 525 audiamus
632 488 770 537 etiam,
812 489 906 538 quid
943 495 986 527 tu
1016 491 1112 527 meis
1156 489 1320 537 objicias
1358 486 1752 526 demonstrationibus
1783 481 1955 524 musicis.

153 543 270 582 Duae
300 545 429 593 inquis
460 545 632 584 chordae
662 548 844 596 aequalis
874 549 1064 586 tensionis
1091 547 1347 595 ejusdemque
1375 545 1651 594 lonqitudinis,
1682 543 1750 583 sed
1777 543 1958 582 diversae

151 603 371 654 yrossitiei‚
412 606 696 642 consonantias
737 607 876 643 varias
915 608 960 643 in
996 606 1191 655 yravibus
1230 610 1266 642 et
1304 606 1434 642 acutis
1469 603 1634 643 reddere
1673 603 1810 641 solent.
1873 602 1953 641 Aut

154 659 286 698 desine
318 660 412 698 mihi
443 660 604 711 obloqui
635 665 672 700 in
704 664 944 714 professione
974 675 1074 711 mea,
1107 669 1174 702 aut
1205 676 1230 701 a
1259 675 1320 701 me
1353 663 1457 700 disce
1483 662 1602 712 loqui.
1662 661 1862 708 Diversos,
1897 662 1957 698 vis

154 717 301 766 dicere,
342 730 460 758 sonos
499 719 618 758 edunt
657 733 777 760 causa
817 724 1006 760 acuminis
1047 728 1085 760 et
1124 722 1342 772 gravitatis.
1403 721 1526 770 Atqui
1560 721 1595 759 si
1628 718 1808 758 diversos
1838 718 1959 757 edunt

152 787 283 824 sonos,
315 788 393 816 non
424 784 629 816 censentur
660 781 885 829 aequaliter
914 786 1058 818 tensae.
1119 780 1292 817 Primum
1325 780 1441 828 igitur
1481 784 1634 828 oportet
1665 777 1761 816 duas
1793 776 1958 816 chordas

154 846 240 873 esse
273 841 404 874 tensas
435 837 485 874 ad
517 839 737 885 unisonum,
770 850 848 887 quo
880 839 996 885 sacto,
1023 839 1108 889 jam
1139 839 1301 877 eaedem
1332 839 1447 888 plane
1479 838 1716 876 divisionum
1746 836 1854 885 leges
1886 848 1957 873 va-

150 893 288 932 lebunt
331 897 369 931 in
411 900 596 944 utraque,
642 896 737 934 nihil
777 897 1012 946 impediente
1054 897 1208 936 diversa
1238 897 1428 935 crassitie.
1488 897 1606 943 Esto,
1648 899 1762 933 sonet
1793 900 1955 944 utraque

153 963 299 1010 vocem,
328 954 446 991 imam
482 953 517 991 G
547 955 703 1003 sintque
748 957 805 993 sic
836 955 1007 1003 divisae,
1049 962 1092 994 ut
1122 955 1352 994 altrinsecus
1390 960 1495 993 stent
1524 954 1658 993 besses
1687 952 1753 991 vel
1783 952 1955 991 dodran-

136 1015 229 1062 tes,
275 1013 475 1061 utriusque
517 1018 596 1050 tam
633 1013 847 1052 subtilioris
885 1025 1001 1063 quam
1043 1015 1244 1052 crassioris
1290 1014 1358 1051 bes
1398 1013 1556 1052 sonabit
1593 1023 1744 1050 rursum
1787 1010 1950 1050 eandem

153 1079 289 1106 vocem
319 1069 384 1118 D,
417 1076 572 1108 servato
604 1072 723 1109 etiam
753 1073 791 1108 in
822 1074 999 1122 partibus
1031 1072 1198 1111 chordae
1229 1073 1417 1122 unisono;
1453 1073 1654 1121 utriusque
1686 1069 1855 1109 dodrans
1885 1081 1953 1107 so-

150 1127 261 1165 nabit
297 1127 350 1175 O,
381 1127 477 1166 nihil
507 1129 679 1167 turbabit
709 1129 865 1169 diversa
896 1131 1104 1170 crassities.

267 1184 368 1234 Quin
400 1198 526 1236 neque
557 1187 659 1226 hanc
690 1190 877 1226 orationis
908 1194 999 1228 tuae
1029 1189 1261 1239 particulam
1292 1190 1376 1227 sine
1407 1186 1837 1236 testimonio,relinquis
1867 1185 1953 1235 ejus

149 1243 328 1281 affirmati
361 1247 448 1292 mei,
482 1246 587 1294 quod
619 1246 666 1285 de
698 1252 735 1285 te
767 1247 911 1285 dictum
942 1249 1131 1287 irasceris.
1193 1249 1410 1296 Assiynare
1450 1252 1486 1285 te
1522 1247 1582 1284 ais
1618 1256 1736 1285 sonos
1764 1245 1954 1283 bassim-es

149 1301 324 1340 densiori
354 1307 391 1340 et
418 1305 596 1352 spissiori
625 1305 771 1348 mundi
799 1309 1012 1354 materiae,
1046 1309 1244 1344 acutiores
1273 1317 1368 1344 vero
1399 1307 1576 1343 tenuiori
1604 1303 1752 1341 mundi
1775 1304 1952 1351 spiritui.

150 1359 193 1398 Si
224 1366 265 1398 tu
297 1372 414 1399 sonos
446 1363 625 1412 assignas
654 1363 787 1400 mundi
818 1366 1012 1414 partibus,
1045 1359 1151 1414 prius
1183 1365 1317 1413 igitur,
1356 1375 1474 1413 quam
1511 1363 1752 1412 assignares,
1792 1362 1952 1399 seorsim

150 1418 207 1455 illi
239 1428 359 1457 erant.
422 1420 474 1456 At
512 1426 602 1458 sunt
632 1423 718 1459 soni
750 1421 944 1461 bassiores
974 1435 998 1461 a
1027 1425 1195 1461 numeris
1226 1422 1460 1471 majoribus,
1501 1432 1682 1459 numeros
1719 1420 1836 1468 igitur
1866 1430 1952 1457 ma—

146 1476 253 1526 jores
293 1478 471 1526 assignas
509 1481 695 1518 materiae
734 1479 921 1529 densiori,
965 1483 1031 1530 qui
1070 1487 1280 1530 antequam
1318 1482 1357 1517 in
1391 1480 1495 1518 hunc
1524 1478 1685 1518 modum
1723 1490 1748 1516 a
1778 1483 1815 1516 te
1856 1488 1951 1515 con-

149 1535 389 1573 sociarentur
430 1538 638 1586 materiae,
681 1539 864 1576 abstracti
904 1546 1013 1577 erant
1051 1552 1076 1578 a
1119 1541 1294 1578 materia.
1358 1538 1450 1576 Esto
1491 1544 1533 1576 ut
1572 1538 1650 1575 vim
1682 1535 1810 1582 illam,
1849 1547 1951 1584 quae

148 1595 316 1631 acumini
357 1598 396 1632 et
434 1597 619 1644 gravitati
658 1604 921 1645 comparatur,
961 1594 1038 1635 non
1077 1599 1297 1647 acceperint
1334 1596 1548 1635 secundum
1582 1600 1623 1634 te
1663 1595 1714 1633 ab
1752 1594 1827 1633 hac
1857 1595 1951 1632 abs-

148 1653 350 1700 tractione,
383 1653 451 1691 sed
483 1665 507 1691 a
538 1657 701 1692 materia
732 1657 958 1694 consociata
987 1658 1180 1704 numeris,
1214 1662 1255 1694 at
1286 1661 1388 1694 certe
1412 1657 1491 1692 vim
1512 1654 1632 1695 illam,
1665 1664 1766 1703 quae
1788 1664 1949 1691 acumen

149 1712 264 1748 unius
295 1716 335 1749 et
365 1713 597 1761 gravitatem
629 1713 787 1751 alterius
820 1720 1084 1764 contemperat
1113 1716 1152 1752 in
1183 1726 1348 1753 suavem
1379 1713 1714 1759 concordantiam,
1752 1711 1952 1750 habebunt

147 1769 363 1807 secundum
394 1774 432 1807 te
462 1772 581 1809 etiam
613 1784 636 1808 a
666 1774 916 1821 proportione
947 1785 1019 1811 sua
1048 1775 1218 1821 numeri,
1260 1778 1304 1810 ut
1336 1778 1430 1811 sunt
1460 1773 1630 1820 numer-i,
1673 1771 1767 1820 quia
1803 1769 1952 1808 scilicet

147 1826 244 1865 alter
276 1828 299 1865 3
333 1829 502 1866 unitates
533 1829 672 1877 habet,
715 1830 812 1868 alter
844 1832 890 1879 4;
928 1843 1016 1869 nam
1058 1833 1091 1870 si
1122 1832 1220 1870 alter
1252 1832 1275 1869 6
1312 1830 1477 1879 habeat,
1516 1832 1615 1868 alter
1647 1832 1693 1875 7,
1728 1828 1812 1877 jam
1840 1827 1951 1866 nulla

147 1891 206 1923 est
237 1885 524 1934 concordantia,
556 1889 650 1937 quia
678 1890 877 1938 proportio
908 1889 1043 1927 horum
1076 1901 1323 1928 rumerorum
1353 1901 1429 1926 non
1462 1894 1521 1927 est
1551 1888 1785 1926 harmonica.
1837 1885 1950 1934 Quo-

145 1954 231 1981 rum
261 1946 433 1982 omnium
464 1956 538 1995 ego
569 1957 708 1985 causas
740 1959 786 1984 ex
817 1947 1056 1997 aequalitate
1097 1950 1288 1986 unitatum
1321 1949 1584 1997 quantitativa
1625 1957 1750 1994 exque
1779 1943 1948 1982 divisio-

145 2003 260 2040 nibus
290 2002 423 2040 circuli
455 2003 637 2042 desumsi.
699 2004 901 2043 Habemus
941 2008 1076 2056 itaque
1116 2012 1154 2044 te
1186 2006 1435 2046 confitentem
1475 2005 1522 2043 de
1553 2005 1838 2042 abstractorum
1868 2013 1944 2055 nu-

145 2072 340 2098 merorum
373 2061 639 2112 applicatione
671 2063 721 2100 ad
752 2063 969 2111 mundana,
1014 2064 1301 2114 qualiacunque
1333 2064 1400 2101 illa
1431 2063 1551 2102 dicas.
1613 2062 1691 2100 Sed
1722 2067 1760 2099 ct
1792 2073 1839 2099 ex
1868 2060 1944 2099 hoc

145 2118 284 2167 elucet,
317 2130 434 2169 quam
465 2121 536 2157 tibi
566 2121 686 2158 nulla
715 2123 765 2158 sit
795 2133 915 2169 cura,
946 2123 1173 2169 cujusmodi
1201 2124 1376 2160 unitates
1406 2121 1652 2168 accumules,
1685 2125 1728 2158 ut
1757 2119 1946 2158 confletur

144 2177 217 2215 tibi
247 2176 424 2216 formalis
464 2183 553 2215 tuus
585 2190 788 2226 numerus,
828 2179 933 2228 quod
967 2186 1057 2218 tuae
1089 2182 1258 2218 unitates
1300 2181 1440 2230 partim
1479 2191 1527 2217 ex
1555 2179 1720 2217 materia
1750 2181 1942 2224 constant,

144 2237 288 2284 partim
321 2247 366 2274 ex
399 2237 550 2285 spiritu,
583 2248 683 2286 quae
716 2237 792 2274 duo
825 2238 1037 2276 secundum
1058 2243 1111 2289 te,
1142 2240 1290 2287 opinor,
1323 2250 1401 2276 non
1422 2243 1512 2276 sunt
1533 2238 1606 2275 sub
1627 2236 1767 2275 eodem
1787 2247 1942 2284 genere.

143 2293 231 2331 Non
262 2293 442 2343 equidem
474 2294 652 2342 invideo,
685 2297 800 2333 miror
830 2297 976 2346 magis,
1009 2297 1076 2335 sed
1108 2296 1198 2334 hinc
1229 2302 1498 2345 argumentum
1529 2294 1653 2343 duco,
1678 2300 1781 2333 recte
1811 2306 1873 2333 me
1902 2298 1944 2331 et

144 2363 191 2389 cx
223 2364 296 2390 usu
327 2351 485 2390 lectoris
516 2353 673 2399 secisse,
707 2353 811 2402 quod
842 2353 916 2392 hoc
948 2354 1152 2393 discrimen
1183 2354 1376 2401 indicavi,
1409 2359 1452 2392 ut
1481 2356 1600 2402 sciat,
1633 2352 1740 2403 apud
1769 2357 1807 2390 te
1838 2351 1941 2391 Her·

142 2412 324 2448 meticam
353 2412 519 2449 inveniri
551 2411 803 2460 harmoniam,
835 2412 939 2462 apud
970 2425 1032 2452 me
1062 2413 1400 2461 mathematicam,
1433 2414 1566 2461 itaque
1597 2412 1705 2450 nullo
1734 2406 1872 2449 merito
1902 2415 1940 2447 te

143 2468 235 2506 mihi
269 2470 395 2507 irasci.
1884 2484 1889 2490 ·

259 2526 332 2564 Ad
365 2526 613 2577 Analysin
643 2527 800 2565 XVIII.
861 2529 952 2567 Jam
985 2531 1137 2578 quoties
1165 2529 1240 2567 hoc
1270 2529 1362 2566 mihi
1392 2527 1645 2578 repetendum
1665 2532 1736 2575 est,
1768 2537 1846 2565 non
1865 2525 1940 2564 hoe

144 2596 231 2623 esse
262 2596 437 2623 mearum
467 2585 811 2634 reprehensionum
843 2588 1044 2631 intentum,
1076 2593 1118 2624 ut
1147 2592 1254 2624 tuam
1286 2598 1359 2636 ego
1390 2586 1677 2638 philosophiam
1709 2586 1938 2631 examinem,

143 2642 205 2680 vel
238 2643 449 2692 vulyarem
491 2644 764 2693 pronunciem,
805 2644 867 2682 vel
909 2647 1056 2682 acriter
1084 2645 1399 2692 reprehendam,
1443 2645 1507 2683 vel
1545 2644 1601 2682 illi
1633 2644 1707 2682 hoc
1746 2643 1811 2682 vel
1842 2641 1938 2680 illud

143 2701 346 2750 objiciam,
381 2701 443 2739 vel
476 2700 629 2750 culpam
659 2702 730 2740 tibi
763 2701 994 2751 cujusquam
1024 2703 1077 2740 rei
1109 2704 1306 2754 imputem.
1368 2704 1454 2753 Age
1484 2714 1641 2752 nempe,
1680 2701 1799 2741 dicito
1829 2700 1935 2747 mihi,

141 2760 209 2796 ubi
239 2764 383 2797 temere
414 2759 462 2797 de
490 2761 571 2797 tuis
601 2771 670 2808 eqo
700 2761 925 2798 unitatibus
947 2760 1148 2808 judicem,
1181 2762 1322 2810 quibus
1353 2762 1391 2800 id
1423 2762 1491 2799 fiat
1521 2759 1683 2806 verbis?

257 2817 378 2865 Dico,
412 2823 449 2855 te
481 2817 667 2855 mundum
696 2819 845 2856 ratione
877 2817 1150 2856 semidiametri
1183 2819 1363 2858 divisisse
1397 2821 1436 2856 in
1468 2824 1544 2857 tres
1575 2823 1706 2869 partes
1736 2815 1933 2866 aequales,

145 2878 183 2911 et
214 2886 349 2913 verum
380 2875 468 2913 dico
501 2875 548 2913 de
579 2880 647 2913 tua
676 2875 889 2926 pyramide,
922 2881 963 2913 ut
995 2887 1095 2925 quae
1126 2878 1296 2916 tenditur
1325 2890 1350 2916 a
1381 2882 1512 2916 centro
1535 2876 1679 2923 mundi,
1712 2873 1815 2925 quod
1835 2872 1934 2911 Ter-

142 2942 222 2968 ram
255 2933 362 2981 facis,
395 2933 445 2971 ad
476 2934 833 2980 circumferentiam,
865 2939 1001 2983 estque
1033 2934 1159 2972 divisa
1189 2938 1340 2974 ratione
1359 2935 1614 2985 longitudinis
1644 2936 1683 2972 in
1706 2939 1782 2971 tres
1801 2936 1933 2981 partes

142 2990 338 3037 aequales.
400 2990 500 3039 Quin
533 2993 650 3030 etiam
681 2992 792 3031 fateri
824 2991 898 3030 hoc
929 2991 1028 3029 ultro
1062 2992 1223 3041 videris,
1265 2993 1355 3031 dum
1386 2994 1530 3032 factum
1571 3002 1733 3031 excusas
1762 2989 1829 3027 fol.
1862 2990 1931 3027 28.
1957 3008 1969 3016 --

144 3045 243 3085 Nam
273 3050 306 3086 si
337 3051 535 3099 proportio
566 3061 660 3089 vera
690 3050 956 3101 amplitudinis
986 3057 1276 3099 repraesentata
1307 3058 1430 3101 esset,
1467 3063 1608 3101 negas,
1651 3055 1691 3089 et
1720 3059 1812 3087 vere
1842 3048 1932 3097 qui—
