1994 3276
753 93 862 131 ωε
882 94 947 131 m.
971 80 1091 138 culpat
1112 91 1209 129 xv1.
1789 89 1872 131 409

82 225 266 261 sonorum
294 214 490 266 oppositio
521 213 722 266 diapason,
753 215 847 264 quia
867 215 1189 252 contrasonantes
1219 210 1400 251 dicuntur
1430 214 1470 250 et
1489 209 1644 249 illarum
1673 209 1873 260 proportio

83 271 205 324 dupla
231 273 339 324 prins
368 273 407 312 in
437 273 725 323 comparatione
754 283 842 312 cum
872 270 1243 321 configurationibus
1264 269 1502 320 oppositioni
1521 268 1874 320 aequiparabatur;

82 331 183 370 inter
212 341 305 371 vero
333 329 771 382 proslambanomenon,
809 329 978 368 Saturno
1011 327 1216 376 tributam,
1256 332 1297 367 et
1326 326 1452 366 dictas
1481 325 1581 366 duas
1610 331 1671 366 est
1700 324 1877 365 similiter

83 389 409 437 conum-nug
440 388 491 428 ad
520 400 651 428 mesen
681 387 856 440 simplex,
888 386 939 431 ad
968 391 1083 425 neten
1104 384 1261 436 duplex,
1292 384 1543 436 disdiapason
1574 383 1698 424 dicta.
1730 385 1875 434 quippe

49 453 56 464 ⁰
83 452 124 486 et
151 445 295 498 duplae
322 447 583 498 proportionis
613 445 787 498 duplum,
817 445 892 485 hoc
921 451 980 484 est
1010 442 1230 496 quadrupla
1260 445 1460 495 proportio
1490 445 1660 483 interest.
1705 441 1874 482 Rursum

82 505 183 544 inter
209 503 355 544 Jovem
384 511 424 544 et
455 505 648 545 Venerem
678 503 872 544 beneficos
899 502 1146 543 familiaritas
1175 506 1247 550 est,
1279 501 1516 554 respondens
1546 500 1876 540 identisonantiae

84 561 271 615 diapason
310 564 411 603 inter
449 563 623 614 hypaten
652 562 827 614 hypaton
856 567 896 601 et
933 571 1175 613 paramesen.
1235 559 1343 599 Mars
1374 571 1531 610 qnoque
1561 570 1650 599 cum
1680 558 1873 598 Mercurio

83 621 295 660 amicitiam
325 620 439 670 colit,
479 627 524 660 ιιι
553 626 613 660 est
641 620 741 659 inter
768 620 939 674 hypaten
970 630 1105 658 meson
1135 624 1175 657 et
1201 624 1316 658 neten
1348 617 1653 668 diezeugmenon
1683 616 1874 656 identiso·

85 680 217 718 nautia
253 678 441 730 diapason
464 676 538 731 ¹11).
598 677 823 730 Respondet
860 684 900 718 et
928 677 1022 725 hoc,
1065 676 1171 727 quod
1202 681 1245 716 ut
1274 681 1335 716 est
1370 677 1469 715 inter
1498 677 1616 715 maris
1645 686 1805 726 gravem
1835 681 1875 714 et

83 738 251 777 feminae
280 743 435 776 acutam
465 748 602 777 vocem
631 737 858 787 plerumque
890 735 1146 775 consonantia
1175 733 1365 785 diapason
1395 733 1510 786 (quas
1540 745 1658 773 voces
1688 739 1728 773 et
1755 738 1875 772 natu-

83 804 151 834 rae
181 801 406 846 sequuntur,
438 800 478 835 et
505 796 638 834 munia
667 800 707 834 et
735 796 837 834 vires
865 794 1069 844 utriusque
1098 789 1236 842 sexus3
1266 798 1311 831 ut
1331 791 1460 831 tamen
1491 793 1769 831 contrariorum
1799 791 1874 830 ho-

83 864 171 892 rum
199 853 376 892 hinorum
407 854 628 903 gratissima
656 854 707 891 sit
737 851 898 903 copula,
939 854 978 890 in
1018 862 1137 889 unum
1175 852 1437 902 generationis
1468 850 1686 901 domusque
1717 854 1874 889 susten-

0 929 2 931 >
85 910 231 951 tandae
260 923 359 963 opus
389 909 643 963 conspirans),
671 922 796 962 eoque
825 921 952 949 mares
982 909 1170 958 gravibus
1199 910 1237 947 in
1258 908 1481 948 harmonico
1511 913 1724 960 systemate
1754 910 1873 952 sonis,

86 970 253 1009 feminae
270 968 406 1009 'acutis
436 974 720 1021 comparantur,
750 970 807 1008 sic
837 970 955 1008 etiam
985 967 1054 1009 So]
1086 972 1127 1006 et
1155 965 1346 1006 Saturnus
1378 967 1525 1015 Lunae,
1556 966 1713 1018 Jupiter
1744 966 1875 1006 Vene-

85 1028 151 1076 r'is,
181 1026 288 1067 Mars
317 1027 501 1068 Mercurii
530 1029 636 1067 sonis
673 1038 791 1066 sonos
819 1028 1038 1078 graviores,
1069 1024 1259 1075 diapason
1289 1030 1328 1064 et
1358 1024 1612 1075 disdiapason
1642 1025 1873 1073 obtinentes,

84 1084 289 1125 masculini
317 1087 470 1136 generis
500 1097 586 1125 esse
615 1085 866 1138 perhibentur
894 1084 946 1123 ab
975 1083 1204 1134 astrologis,
1242 1082 1378 1123 Venus
1417 1089 1551 1123 contra
1579 1082 1874 1134 Mercuriusque

84 1149 125 1184 et
153 1143 284 1192 Luna,
325 1144 468 1194 quibus
503 1146 696 1183 acutiores
735 1143 925 1194 diapason
965 1143 1117 1181 termini
1155 1141 1308 1181 fuerunt
1338 1141 1543 1193 applicati,
1583 1141 1776 1181 habentur
1804 1152 1874 1192 pro

83 1202 258 1242 feminini
286 1213 403 1241 sexus
431 1201 599 1252 planetis
620 1199 692 1253 lv).
752 1201 802 1240 Et
830 1199 1157 1251 quemadmodum
1176 1211 1307 1251 supra,
1338 1211 1426 1239 cnm
1455 1199 1622 1239 latitudo
1652 1200 1875 1251 systematis

83 1259 344 1311 applicaretur
371 1260 551 1308 zodiaco,
591 1261 782 1311 oppositis
812 1260 935 1309 signis
966 1258 1176 1297 veniebant
1205 1259 1291 1297 soni
1321 1269 1391 1298 seu
1421 1257 1591 1298 chordae
1620 1257 1734 1306 illae,
1773 1269 1874 1308 qnae

83 1322 175 1357 sunt
201 1322 340 1368 postea
368 1317 535 1357 Saturno
566 1323 606 1358 et
635 1317 718 1356 Soli
748 1317 927 1365 tributae,
959 1318 1016 1355 sic
1043 1317 1161 1355 etiam
1191 1316 1379 1367 ascologi
1410 1315 1567 1356 Saturni
1597 1316 1874 1356 exaltationem

85 1375 220 1415 dicunt
247 1377 287 1413 in
318 1375 438 1415 Libra
468 1387 577 1424 esse,
607 1374 710 1414 Solis
740 1377 779 1413 in
812 1376 994 1426 opposito
1024 1374 1178 1421 Ariete,
1209 1373 1364 1414 Saturni
1397 1373 1555 1413 domum
1585 1374 1873 1427 Capricornum,

85 1433 228 1472 Lunam>
251 1435 473 1485 oppositum
505 1433 708 1479 Cancrum,
740 1433 896 1473 Saturni
927 1432 1085 1471 domum
1106 1433 1336 1485 Aquarium,
1367 1431 1471 1472 Solis
1501 1432 1659 1472 domum
1690 1432 1872 1481 Leonem,

84 1493 265 1543 opposita
294 1493 408 1542 signa
424 1489 478 1544 V).

199 1549 460 1590 Veruntamen
491 1551 529 1588 in
559 1550 744 1597 motibus,
776 1562 824 1589 ex
855 1549 995 1599 quibus
1025 1549 1271 1599 planetarum
1298 1548 1582 1588 familiaritates
1614 1548 1678 1588 vel
1708 1548 1875 1599 impedi·

0 1616 1 1621 ¹
85 1611 219 1647 menta
245 1609 286 1646 in
315 1607 504 1658 largiendi
534 1608 650 1647 modo
681 1607 901 1658 colligenda
931 1607 1110 1654 diximus,
1141 1607 1239 1645 forte
1269 1606 1382 1657 plura
1410 1607 1710 1657 respondebunt,
1742 1609 1774 1645 si
1804 1618 1876 1645 nc-

23 1694 35 1705 1
83 1665 232 1715 gotium
261 1667 301 1704 iu
331 1666 445 1714 hunc,
476 1667 544 1716 qui
572 1667 759 1716 sequitur,
791 1665 949 1704 modum
979 1666 1286 1703 tractaverimus.
1354 1665 1507 1704 Etenim
1537 1666 1594 1703 sic
1625 1665 1675 1703 ab
1706 1666 1877 1714 antiquis

0 1766 3 1767 ⁷
87 1724 326 1773 accepimus,
360 1729 485 1763 certos
516 1735 602 1762 esse
631 1734 834 1769 numeros,
864 1734 933 1773 per
964 1734 1061 1772 quos
1093 1724 1237 1770 omnia,
1269 1734 1370 1772 qnae
1400 1722 1475 1761 sibi
1506 1724 1754 1769 conveniunt,
1780 1723 1876 1772 Jun-

26 1828 29 1832 r
86 1787 232 1830 guntur
251 1787 291 1820 et
309 1786 504 1831 aptantur,
527 1787 567 1819 ιιι
588 1781 656 1820 fiat
671 1781 861 1831 jugabilis
882 1782 1152 1831 competentia,
1183 1792 1255 1819 nec
1281 1782 1490 1830 quicquam
1511 1792 1626 1832 posse
1646 1780 1771 1827 alteri,
1802 1781 1876 1818 nisi

85 1850 158 1889 per
186 1838 260 1879 hos
289 1850 481 1887 numeros,
513 1841 734 1879 convenire.
765 1839 1002 1890 Propagatio
1024 1849 1156 1877 eornm
1188 1844 1246 1877 est
1275 1844 1363 1889 post
1393 1839 1583 1878 unitatem
1613 1850 1681 1889 per
1708 1840 1874 1889 primum

85 1908 219 1946 parem
251 1899 276 1936 2
308 1902 347 1936 et
376 1899 542 1948 primum
571 1898 758 1948 imparem
790 1898 813 1935 3
847 1908 1058 1946 eorumque
1088 1895 1299 1946 quadratos
1331 1898 1369 1943 4,
1403 1897 1426 1935 9
1459 1902 1498 1935 et
1528 1897 1650 1936 cubos
1682 1897 1722 1948 8,
1753 1898 1805 1934 2⁷
1838 1902 1877 1935 ct

86 1954 248 1994 ulterius
278 1957 504 1994 continuata
533 1957 794 2006 proportione,
838 1955 921 1994 illic
949 1954 1105 2004 quidem
1148 1955 1220 2000 16,
1254 1957 1328 2002 32,
1362 1955 1428 2001 64,
1465 1955 1543 1994 108
1587 1954 1651 1994 hic
1690 1955 1757 2002 81,

88 2012 146 2050 Ex
175 2012 237 2051 his
265 2019 368 2061 sunt,
398 2013 500 2052 unde
530 2017 743 2052 nascuntur
771 2013 1053 2063 proportiones,
1084 2013 1225 2066 quibus
1245 2012 1470 2052 harmoniae
1491 2014 1745 2052 continentur.
1776 2012 1878 2051 Sunt

87 2075 216 2110 autem
246 2073 496 2122 praecipuae:
529 2073 716 2122 epitritos,
746 2070 993 2121 hemiholios‚
1023 2069 1235 2120 epogdoos,
1268 2070 1439 2121 duplaris
1468 2072 1587 2120 (istae
1617 2070 1769 2109 illarum
1800 2070 1875 2108 dif-

85 2128 248 2168 ferentia
277 2134 316 2167 et
345 2128 531 2178 summa),
562 2128 742 2180 triplaris,
774 2129 1056 2178 quadruplaris.
1117 2128 1208 2167 Sine
1238 2129 1298 2166 his
1327 2131 1497 2167 numeris
1527 2128 1634 2167 nulla
1664 2128 1875 2178 colligatio,

85 2185 194 2225 nulla
222 2192 351 2236 potest
380 2198 466 2226 esse
495 2187 712 2228 concordia.
754 2186 886 2225 Vitam
917 2198 1009 2225 vero
1039 2192 1211 2225 nostram
1241 2188 1449 2236 praecipue
1478 2186 1548 2225 Sol
1578 2192 1618 2225 et
1647 2186 1759 2224 Luna
1788 2198 1875 2224 mo-

87 2243 279 2283 derantur.
338 2244 439 2283 Nam
476 2256 563 2283 cum
602 2246 679 2283 sint
719 2243 952 2284 caducorum
994 2245 1091 2283 haec
1121 2245 1198 2283 duo
1214 2246 1407 2295 propria,
1452 2246 1595 2283 sentire
1625 2251 1663 2283 et
1693 2255 1876 2291 crescere,

85 2301 336 2349 aestheticon‚
366 2302 406 2339 id
435 2309 495 2341 est
524 2301 714 2341 sentiendi
745 2308 895 2350 natura,
928 2302 975 2341 de
1006 2302 1099 2341 Sole
1128 2301 1194 2354 (ob
1223 2303 1349 2341 lucem
1380 2303 1431 2341 ab
1461 2300 1550 2354 eo),
1580 2302 1768 2352 physicon
1800 2313 1874 2340 au-

12 2395 14 2399 ,
87 2364 177 2406 tem,
208 2360 247 2397 id
278 2366 337 2398 est
367 2360 560 2399 crescendi
591 2366 741 2408 natura,
773 2359 820 2399 de
851 2360 995 2398 Lunari
1026 2360 1076 2398 ad
1105 2372 1178 2398 nos
1208 2360 1445 2410 globositate
1475 2359 1533 2411 (ut
1563 2371 1642 2409 qna
1670 2364 1875 2406 crescente,

88 2415 267 2456 humores
296 2429 429 2456 omnes
459 2418 652 2470 crescunt)
680 2420 931 2468 proveniunt:
964 2420 1020 2456 sic
1049 2419 1250 2467 utriusque
1275 2418 1433 2456 luminis
1452 2417 1642 2456 beneficio
1674 2417 1771 2455 haec
1798 2429 1874 2455 no-

87 2474 148 2513 bis
177 2480 329 2514 constat
360 2477 459 2521 vita,
498 2487 576 2526 qna
612 2477 784 2514 fruimur.
844 2476 1097 2514 Conservatio
1135 2481 1263 2514 tamen
1305 2481 1438 2513 nostra
1482 2481 1521 2513 et
1564 2479 1776 2525 proventus
1806 2486 1876 2514 ac-

19 2533 22 2536 ’
87 2537 196 2571 ιιιιιιιι
225 2538 305 2571 tam
335 2533 385 2571 ad
414 2534 500 2583 ipsa
529 2532 607 2572 duo
634 2533 809 2581 lumina,
840 2545 958 2584 quam
988 2533 1037 2571 ad
1069 2533 1240 2583 quinque
1270 2545 1394 2582 vagas
1424 2533 1560 2571 stellas
1589 2532 1765 2571 refertur.
1797 2532 1875 2571 Sed

17 2590 26 2645 3'
88 2588 224 2628 harum
253 2590 453 2628 stellarum
483 2589 585 2628 alius
614 2592 854 2630 interventus
884 2602 1152 2639 numerorum,
1193 2602 1357 2641 quorum
1393 2591 1476 2640 ,iam
1516 2591 1678 2629 fecimus
1707 2591 1876 2629 mentio-

18 2648 23 2679 ἶ
88 2658 188 2693 nem,
219 2659 306 2687 cnm
335 2648 543 2686 luminibus
572 2648 669 2686 bene
694 2649 825 2699 jungit
856 2655 895 2687 et
924 2651 1070 2697 sociat3
1101 2648 1351 2687 aliusnullus
1374 2649 1546 2699 applicat
1573 2649 1722 2687 numeri
1752 2659 1876 2686 nexus

89 2704 141 2742 ad
169 2705 327 2744 lumina.
388 2706 490 2754 Ergo
520 2705 697 2744 Venerea
728 2712 766 2745 et
794 2706 967 2745 Jovialis
997 2706 1112 2746 stella
1140 2718 1210 2757 per
1238 2707 1311 2745 hos
1340 2718 1521 2745 numeros
1552 2706 1705 2754 utrique
1734 2704 1872 2744 lumini

89 2764 303 2801 sociantur:
348 2762 414 2801 ille
442 2761 526 2801 Soli
561 2762 717 2811 quidem
752 2775 823 2813 per
867 2761 917 2817 ¹s3
946 2771 985 2803 et
1023 2761 1092 2818 ’[4,
1132 2764 1268 2803 Lunae
1305 2775 1399 2802 vcro
1439 2775 1506 2814 per
1541 2760 1632 2815 1136,
1674 2763 1779 2820 quod
1817 2769 1875 2802 est

90 2821 217 2860 sexies
245 2821 290 2867 6,
328 2819 392 2858 vel
431 2824 491 2858 ter
527 2824 664 2869 quater
699 2822 798 2868 tria,
839 2826 879 2860 et
905 2833 974 2870 per
1010 2818 1101 2875 ¹‚s4¹3
1132 2821 1238 2872 quod
1267 2827 1326 2860 est
1356 2826 1415 2859 ter
1444 2826 1581 2871 quater
1611 2826 1804 2870 quatuor,
1835 2827 1876 2860 et

39 2915 42 2917 .
90 2888 158 2926 per
192 2875 285 2931 ’[64,
329 2879 406 2915 ista
445 2888 537 2916 vero
571 2876 654 2915 Soli
694 2877 849 2926 quidem
878 2890 947 2928 per
975 2876 1043 2932 413,
1082 2879 1217 2918 Lunae
1246 2891 1339 2918 vero
1378 2890 1447 2928 per
1493 2874 1543 2930 ¹l9
1575 2882 1614 2916 et
1649 2875 1735 2932 'sm-
1795 2877 1874 2918 Sed

90 2930 259 2974 Jovialis
288 2934 371 2973 Soli
399 2946 469 2984 per
495 2935 679 2984 potiores,
709 2934 844 2974 Lunae
865 2947 957 2975 vero
986 2949 1055 2987 per
1078 2937 1233 2976 viliores
1263 2947 1445 2975 numeros
1476 2940 1722 2985 aggregatur.
1771 2935 1874 2976 Hinc

90 2989 181 3031 licet
208 2998 371 3042 utraque
401 2992 574 3032 benefica
602 2991 803 3041 credatur,
844 2991 960 3032 Jovis
989 3000 1117 3033 tamen
1148 2994 1263 3033 stella
1305 3005 1393 3032 cum
1422 2992 1515 3032 Sole
1544 2992 1874 3034 accommodatior

6 3068 29 3092 «ι,
94 3053 153 3087 est
178 3061 247 3100 per
281 3047 329 3104 ¹l³
359 3055 399 3089 et
433 3045 505 3105 ¹s4,
535 3054 574 3090 et
601 3049 781 3090 Venerea
808 3060 896 3089 cum
925 3050 1038 3091 Luna
1065 3063 1134 3102 per
1169 3049 1218 3105 ¹l9
1248 3056 1287 3091 et
1321 3048 1417 3105 ¹s12,
1449 3052 1543 3102 quia
1566 3052 1616 3089 12
1648 3055 1708 3091 est
1736 3058 1874 3101 quater
