1994 3276
763 77 1202 127 memo-pum.
1790 79 1875 120 ιιι
1908 91 1930 130 χ

93 196 564 243 quamanimae-3
596 196 931 235 econtrariomo
958 195 1263 243 majoremetiam
1293 193 1878 242 quamPtolunaeus-animorum

91 249 343 295 cognatiom
373 260 456 287 eum
484 250 679 290 abstractis
699 249 896 289 harmoniis
928 250 1052 287 doceo.
1099 249 1208 292 Nam,
1242 247 1379 294 utjam
1400 246 1637 293 concedatur,
1671 247 1808 283 anianae
1830 255 1878 282 ex

55 317 62 322 *
96 302 255 338 numeris
277 306 445 339 constare
468 305 717 350 essentialiter,
740 303 1006 341 harmoniarum
1029 312 1096 346 ego
1120 310 1423 345 numerorumque
1445 299 1587 336 vbeula
1607 299 1726 344 solvo,
1756 304 1799 335 ιιι
1822 302 1880 336 cat

90 354 128 395 in
151 354 384 400 praeambulo
407 355 490 392 libri
513 357 583 402 ΙΠ,
620 358 753 403 quibus
775 357 962 394 dissolutis
994 356 1191 392 animorum
1216 353 1324 389 etiam
1347 357 1385 388 et
1406 352 1671 388 harmoniarum
1694 350 1879 391 sensilium

89 406 128 444 iu
152 407 293 444 diversa
316 409 452 445 abeunt
475 412 664 448 essentiae.
710 411 791 448 Vim
823 412 917 447 euim
941 419 1083 447 omnem
1106 416 1335 443 numerorum
1366 408 1430 440 aut
1451 415 1553 451 nego
1575 410 1639 441 aut
1667 404 1714 441 ad
1736 413 1879 449 geome-

93 460 200 496 triam
222 461 412 506 figuratam
434 463 626 510 transfero,
651 469 693 502 ιιι
713 476 795 501 cum
815 464 878 500 lib.
890 465 956 502 111.
981 473 1058 509 cap.
1075 462 1133 498 15
1159 458 1393 503 archetypum
1416 457 1657 502 generationis
1680 462 1718 494 et
1735 457 1879 494 distinc-

90 512 202 550 tionis
223 524 377 551 sexuum
406 526 479 552 ιιοιι
511 527 557 552 ex
585 518 744 554 numeris
771 518 860 564 ipsis
881 522 985 562 peto,
1014 514 1052 550 in
1077 517 1250 559 quantum
1274 508 1430 554 numeri,
1454 509 1519 545 sed
1552 520 1598 545 ex
1620 509 1761 556 figuris,
1786 518 1880 555 quae

92 565 295 603 formantur
315 578 339 604 a
360 567 478 612 lineis,
509 580 575 616 per
604 571 672 606 hos
704 580 872 606 numeros
900 566 1116 604 effabilibus.
1164 566 1294 601 Insunt
1323 563 1418 599 euim
1442 562 1598 599 numeris
1632 563 1739 599 dotes
1768 562 1877 607 vulgo

88 617 257 662 jactatae
271 629 296 656 a
315 620 425 657 rebus
448 623 657 668 numeratis,
682 623 775 659 sient
797 623 923 658 insunt
945 621 993 656 in
1004 618 1190 655 intellectu
1217 626 1277 652 res
1299 615 1500 652 forinsecae
1523 626 1590 662 per
1612 616 1764 662 species.
1803 614 1879 652 Nu-

92 679 213 706 merus
236 671 331 710 cuim
349 683 459 709 causa
483 674 567 710 talis
590 676 774 720 qualitatis
799 677 854 721 (ut
876 673 1087 719 trigonicus)
1108 670 1199 707 nihil
1222 674 1280 705 est
1301 668 1411 714 aliud,
1436 679 1543 729 quam
1566 674 1763 715 conceptus
1783 678 1880 704 men-

89 723 149 767 tis,
173 723 327 761 vidmtis
350 726 508 771 aliquam
531 738 607 763 rem
628 734 863 773 numeratam,
893 727 952 763 cui
975 727 1070 762 inest
1092 724 1155 760 illa
1179 722 1350 768 qualitas,
1381 721 1446 757 sed
1476 722 1513 757 in
1536 726 1658 767 partes
1692 723 1795 766 (puta
1818 720 1881 756 tri-

90 778 238 823 gonus),
269 783 334 815 aut
355 779 509 816 videntis
545 782 763 840 generaliter
790 781 925 830 omnia,
958 789 1054 825 quae
1081 777 1136 814 sic
1157 776 1301 822 disponi
1330 779 1500 820 possunt,
1536 779 1578 811 ιιι
1609 775 1745 811 existat
1765 774 1883 820 figura

90 829 245 877 trigoni,
280 841 422 869 omnem
453 842 503 869 sc.
527 833 581 868 sic
604 837 847 880 comparatam
869 836 991 870 rerum
1013 829 1297 870 multitudinem,
1329 828 1564 873 agnoscitque
1595 828 1693 865 aliud
1716 838 1797 864 esse
1820 837 1880 864 rea

91 883 202 929 111583.
224 883 321 921 aliud
346 894 469 921 carum
493 896 691 931 numerum,
715 886 813 923 aliud
835 885 988 930 figuram
1011 882 1232 930 trigonicam.
1279 880 1330 916 Et
1347 890 1518 917 uumerus
1541 886 1711 926 respectu
1734 891 1882 917 concur-

91 945 158 971 11118
185 939 242 976 tot
257 936 470 982 qualitatum
495 942 552 974 est
575 943 771 985 conceptus
793 937 1052 984 reduplicatus,
1076 945 1127 972 sc.
1152 938 1209 968 est
1225 937 1422 979 conceptus
1437 933 1703 979 conjunctionis
1726 933 1882 980 plurium

55 991 60 997 '
89 987 216 1031 talium
231 994 471 1036 conceptuum
493 991 533 1027 in
557 1002 679 1027 unum.
726 991 814 1027 Ideo
837 989 987 1027 Pmclus
1010 992 1248 1024 excusaturus
1272 984 1513 1031 Pythagoram
1538 986 1634 1029 dicit,
1656 986 1756 1023 illum
1778 997 1882 1022 usum

91 1050 172 1076 esse
189 1041 348 1078 numeris
371 1053 437 1088 pro
460 1043 551 1090 velo,
576 1053 634 1079 res
650 1045 748 1089 ipsas
772 1042 964 1080 tradidisse
980 1041 1048 1077 sub
1064 1039 1135 1076 fide
1152 1037 1305 1083 silentii;
1330 1037 1381 1073 ita
1396 1037 1467 1084 hic,
1491 1038 1561 1075 nisi
1576 1040 1677 1085 prius
1694 1050 1740 1076 ex
1759 1035 1882 1074 circuli

90 1098 220 1129 natura
242 1093 442 1131 existerent
464 1095 648 1141 diameter,
670 1101 881 1145 tetragonus
905 1100 942 1131 et
965 1095 1138 1139 trigonus,
1162 1095 1199 1127 et
1222 1090 1291 1126 nisi
1311 1090 1383 1126 bae
1407 1091 1546 1137 figurae
1575 1097 1613 1128 et
1634 1091 1751 1128 lineae
1774 1104 1882 1141 prop·

89 1147 148 1180 ter
175 1144 558 1183 demonstrabilitatem
590 1148 687 1184 inter
715 1148 813 1185 entia
844 1139 1045 1184 scientialia
1075 1148 1198 1180 essent
1227 1152 1366 1188 proque
1395 1143 1556 1190 pulchris
1590 1152 1882 1192 agnoscerentur,

90 1207 164 1234 uon
186 1202 286 1234 esset
306 1199 345 1234 in
368 1200 527 1237 numeris
550 1202 590 1245 1,
614 1201 654 1246 2,
680 1202 717 1246 3,
742 1201 764 1237 4
789 1200 864 1236 ulla
887 1202 940 1236 vis
964 1206 1001 1235 et
1023 1196 1273 1244 pulchritudo,
1307 1202 1435 1233 auctor
1463 1198 1651 1236 suavitatis
1674 1198 1883 1234 harmoniae

89 1250 129 1286 h·
150 1250 295 1287 chordis
319 1251 470 1288 totidem
493 1254 662 1298 partium.
708 1230 750 1289 'Si
772 1264 847 1300 non
867 1253 906 1288 in
931 1254 963 1295 1,
986 1253 1021 1295 2,
1045 1261 1114 1287 nec
1137 1250 1249 1295 igitur
1269 1249 1307 1283 in
1333 1248 1366 1292 6,
1392 1250 1448 1294 12,
1474 1254 1511 1286 et
1534 1251 1566 1287 si
1587 1262 1660 1287 non
1683 1251 1722 1286 in
1741 1251 1776 1296 2,
1801 1251 1823 1286 3
1847 1254 1885 1285 et

91 1303 125 1345 3,
146 1304 183 1350 Δ,
205 1313 274 1339 uec
294 1304 406 1349 igitur
427 1305 465 1341 in
487 1306 521 1350 6,
546 1307 570 1342 9
594 1311 631 1342 et
653 1307 767 1351 9,12,
791 1308 846 1343 uti
869 1306 998 1342 necin
1021 1306 1055 1350 8,
1079 1304 1127 1340 12
1150 1308 1187 1340 et
1211 1303 1245 1346 6,
1269 1301 1303 1345 8,
1333 1303 1419 1354 quia
1441 1303 1479 1339 hi
1499 1304 1643 1341 illorum
1666 1303 1884 1351 multiplices

90 1356 359 1401 proportionem
374 1356 662 1395 habeutcumiis
688 1358 855 1403 eandem3
888 1363 926 1395 et
947 1359 979 1394 si
1003 1368 1077 1394 non
1100 1358 1139 1393 in
1161 1360 1203 1401 6,
1227 1357 1269 1399 8,
1293 1359 1336 1402 9,
1361 1357 1427 1399 12,
1458 1367 1527 1393 nec
1549 1357 1659 1402 igitur
1681 1358 1719 1393 in
1743 1366 1885 1394 summa

91 1461 226 1499 tionem
248 1473 477 1499 numerorum
501 1469 539 1500 et
561 1463 771 1501 animarum.
818 1465 911 1501 Nam
935 1468 1132 1510 tetractyes
1155 1467 1239 1498 sunt
1261 1462 1403 1499 numeri
1427 1463 1679 1508 triangulares,
1704 1467 1743 1499 at
1766 1463 1882 1498 unita-

91 1518 149 1550 tes
171 1514 212 1559 3,
236 1516 276 1560 6,
300 1516 365 1561 10,
389 1518 451 1560 15,
476 1517 539 1561 21,
563 1518 629 1560 28,
656 1517 701 1554 36
726 1522 796 1553 etc.
822 1527 896 1552 nou
919 1521 1070 1561 possent
1093 1515 1251 1552 ordinari
1273 1515 1311 1550 ιιι
1333 1514 1572 1575 triangulum,
1596 1514 1629 1550 si
1652 1517 1798 1560 praeter
1819 1524 1885 1549 uu-

94 1576 215 1603 meros
252 1567 343 1603 nihil
372 1569 556 1605 sciremus.
615 1569 715 1605 Idem
747 1569 792 1604 de
828 1569 944 1606 forma
985 1569 1162 1614 quadrata
1191 1572 1377 1612 teneatur,
1416 1567 1502 1613 quia
1536 1573 1732 1614 tetractyes
1767 1569 1812 1605 36
1848 1573 1885 1603 et

84 1618 184 1655 4225
207 1620 505 1657 commendantur
528 1625 565 1657 et
587 1631 610 1656 a
630 1622 808 1668 trigonica
832 1628 868 1657 et
893 1633 915 1658 a
938 1622 1116 1668 quadrata
1138 1622 1272 1657 forma·
1295 1619 1370 1658 illic
1385 1623 1492 1660 bases
1515 1623 1539 1659 8
1561 1627 1599 1658 et
1613 1621 1671 1667 49,
1694 1620 1755 1657 hic
1770 1621 1886 1656 latera

95 1671 119 1708 6
140 1671 178 1707 'et
200 1672 257 1709 35.
305 1672 378 1708 Sed
400 1672 510 1708 missa
533 1673 603 1709 hac
626 1674 857 1719 cognatione,
883 1685 1033 1719 agamus
1056 1675 1093 1709 in
1118 1685 1291 1720 praesens
1313 1687 1373 1712 ree
1397 1680 1552 1711 nostras.

208 1725 301 1762 Dico
322 1726 435 1770 igitur
457 1726 630 1785 amplius:
655 1737 728 1762 non
751 1726 832 1762 ideo
857 1737 1027 1763 numerus
1051 1726 1095 1764 35
1120 1732 1176 1763 est
1200 1727 1389 1765 harmonia
1405 1727 1579 1764 dicendus
1600 1730 1669 1762 aut
1677 1725 1886 1762 harmoniae

93 1782 220 1814 auctor
240 1777 447 1822 habendus,
471 1778 557 1823 quia
579 1778 718 1814 unitate
742 1778 859 1814 minor
882 1784 938 1814 est
963 1789 1070 1823 quam
1096 1780 1140 1815 36
1165 1779 1240 1824 (ille
1264 1791 1310 1816 sc.
1337 1781 1447 1817 simul
1470 1785 1507 1816 et
1530 1778 1728 1825 quadratus
1762 1783 1800 1814 et
1823 1777 1886 1814 tri-

30 1856 35 1858 -
92 1831 243 1875 gonieus
265 1836 303 1867 et
326 1830 463 1876 duplici
485 1831 602 1876 figura
623 1831 886 1875 rectangulus),
917 1841 1000 1866 nam
1023 1831 1144 1867 unitas
1174 1831 1296 1868 demta
1319 1834 1451 1877 efficit,
1486 1837 1527 1869 ut
1556 1831 1631 1877 jam
1656 1830 1816 1875 reliquus
1838 1831 1884 1866 35

95 1883 145 1919 ait
164 1883 295 1921 horum
318 1883 410 1919 nihil
433 1883 606 1929 amplius,
631 1888 670 1919 at
692 1894 760 1919 nec
783 1884 883 1929 ideo,
908 1884 994 1929 quia
1018 1885 1063 1919 35
1087 1890 1145 1920 est
1168 1885 1266 1921 latus
1289 1885 1539 1931 de-qnadrato
1556 1884 1670 1928 1225,
1705 1882 1768 1927 qui
1790 1881 1886 1918 idem

98 1940 155 1972 en
181 1941 222 1972 et
248 1935 467 1982 trigonicus,
497 1937 568 1972 vim
598 1942 728 1972 nactus
757 1942 813 1973 est
843 1937 1106 1982 harmonicam,
1138 1948 1222 1973 nam
1252 1949 1370 1984 neque
1399 1938 1495 1974 idem
1518 1942 1576 1973 est
1603 1937 1648 1974 35
1678 1935 1775 1972 latus
1806 1945 1902 1971 cum.

96 1988 274 2033 quadrato
300 1990 399 2034 1225,
422 2000 541 2034 neque
565 1990 668 2034 1225,
693 2001 774 2025 cum
799 1990 999 2034 quadratus
1023 1996 1090 2036 est,
1114 1996 1203 2026 tunc
1227 1992 1339 2028 habet
1353 1991 1509 2036 speciem
1525 1988 1747 2034 trigonicam,
1770 1998 1887 2034 neque

100 2042 135 2079 ai
155 2041 250 2077 hanc
272 2040 407 2087 induit,
431 2042 536 2078 simul
562 2048 599 2078 et
621 2043 719 2078 illam
743 2043 867 2088 habet,
893 2055 961 2079 uec
984 2044 1082 2081 basis
1106 2044 1184 2089 ejus
1207 2045 1253 2081 49
1276 2043 1404 2080 eadem
1425 2050 1482 2080 est
1505 2054 1587 2079 cum
1611 2042 1719 2087 1225,
1749 2049 1889 2076 summa

97 2093 254 2129 omnium
277 2093 495 2138 triangulum
518 2095 769 2141 formianum,-
794 2107 912 2142 neque
935 2097 1026 2133 haec
1049 2108 1189 2133 summa
1211 2097 1372 2133 continet
1395 2107 1525 2133 causas
1551 2095 1610 2132 v'el
1633 2095 1743 2131 etiam
1764 2102 1887 2129 nume·

96 2155 157 2182 roa
180 2145 457 2181 harmoniarum.
506 2146 578 2182 Sed
600 2158 668 2184 nec
692 2148 791 2190 ideo,
823 2149 910 2194 quia
932 2150 976 2185 35
1001 2154 1142 2185 constat
1175 2160 1221 2185 ex
1244 2150 1369 2195 primis
1393 2149 1496 2186 cubis
1526 2149 1551 2186 8
1574 2154 1611 2184 et
1627 2149 1692 2185 27:
1725 2147 1763 2182 in
1787 2145 1888 2181 cubis

97 2197 191 2233 enim
215 2207 287 2232 non
310 2198 405 2233 inest
429 2209 540 2234 cansa
562 2200 846 2237 harmoniarum.
870 2213 938 2238 nec
962 2203 1070 2238 etiam
1094 2203 1195 2247 ideo,
1220 2203 1309 2247 quia
1332 2203 1378 2239 35
1402 2206 1545 2238 constat
1568 2211 1615 2244 ex
1638 2200 1676 2245 6,
1700 2200 1741 2244 8,
1765 2199 1806 2242 9,
1830 2197 1887 2242 12,

96 2249 227 2294 quibus
251 2250 462 2294 exprimitur
485 2250 620 2296 duplex
644 2253 769 2288 divisio
793 2254 907 2299 ipsius
932 2254 1135 2299 diapason
1124 2266 1160 2289 ιιι
1178 2253 1432 2290 consonantias
1446 2254 1579 2298 primas
1604 2256 1640 2287 et
1656 2251 1886 2298 praecipuas,

99 2312 183 2338 nam
205 2302 237 2337 si
258 2301 298 2336 hi
321 2302 458 2337 numeri
480 2302 518 2337 in
541 2314 648 2339 unam
672 2316 846 2341 summam
870 2305 1146 2351 confundantur,
1170 2317 1242 2341 non
1257 2306 1411 2351 amplius
1426 2309 1613 2350 praestant
1628 2304 1707 2346 hoc,
1731 2308 1768 2338 et
1791 2301 1888 2349 quod

98 2354 145 2390 id
156 2358 347 2400 praestant
369 2357 537 2399 separati,
563 2368 635 2392 non
658 2357 742 2392 inde
765 2357 914 2402 habent,
939 2358 1026 2403 quia
1047 2358 1141 2393 tanti
1157 2363 1242 2393 sunt
1264 2363 1475 2401 tantamque
1491 2366 1665 2391 summam
1682 2355 1890 2401 conficiunt,

101 2406 169 2442 aed
189 2407 276 2451 quia
296 2416 411 2451 aeque
434 2407 684 2453 multiplicium
713 2411 900 2455 proportio
932 2416 988 2446 est
1012 2410 1147 2445 eadem
1196 2411 1248 2445 Et
1276 2421 1342 2445 cur
1366 2411 1409 2446 35
1429 2410 1551 2454 potius
1584 2409 1771 2444 harmonia
1793 2407 1888 2444 dica.

20 2453 58 2542 Q...-
40 2298 55 2439 ‚
17 2017 44 2081 *mr—m

36 2501 69 2540 ‘ssr
103 2514 171 2556 αι,
196 2511 255 2546 cui
277 2510 465 2555 tetractyis
488 2521 633 2547 nomen.
642 2515 832 2560 competit,
858 2516 962 2560 cnjus
985 2516 1145 2551 membra
1171 2518 1200 2559 1,
1225 2516 1259 2560 2,
1284 2516 1317 2559 3,
1341 2516 1365 2551 4
1387 2514 1512 2560 plures
1536 2513 1726 2558 designant
1748 2513 1889 2549 harmo-

101 2562 199 2609 ains,
230 2563 415 2598 dissonum
438 2563 544 2607 nihil,
579 2575 659 2599 cum
680 2566 719 2602 in
741 2567 812 2602 illis
836 2573 993 2612 quatuor
1016 2568 1183 2604 membris
1206 2567 1346 2603 numeri
1369 2567 1434 2610 35,
1467 2566 1538 2602 duo
1561 2566 1603 2608 8,
1635 2566 1657 2602 9
1680 2569 1805 2600 tonum
1829 2565 1889 2600 de-

101 2615 254 2663 εἰςιιιιιι,
277 2614 503 2651 intervallum
527 2616 723 2653 dissonum.
771 2620 828 2654 An
852 2619 949 2665 toni,
982 2626 1024 2654 ut
1048 2630 1093 2654 ex
1117 2620 1300 2656 concinnis
1323 2619 1528 2665 praecipui,
1552 2618 1724 2654 admixtio
1749 2617 1888 2654 deside·

102 2666 267 2711 rabatur,
301 2668 387 2713 quia
412 2672 540 2702 cantus
571 2670 754 2707 concinnis
776 2673 976 2708 intervallis
1002 2674 1171 2708 constat?
1219 2673 1292 2708 Cur
1322 2672 1432 2716 igitur
1461 2681 1534 2706 non
1558 2670 1681 2716 potius
1710 2671 1778 2707 683
1807 2671 1891 2707 har-

102 2720 221 2755 monia
238 2720 389 2764 dicatur,
415 2720 501 2765 quia
516 2720 696 2766 colligitur
711 2733 757 2758 ex
773 2725 829 2768 50,
846 2726 903 2768 72,
920 2724 975 2761 75.
993 2725 1050 2769 80,
1075 2725 1131 2769 90,
1156 2725 1211 2767 96,
1234 2725 1309 2768 100,
1334 2725 1413 2769 120,
1438 2723 1567 2768 quibus
1585 2722 1703 2757 omnia
1718 2722 1891 2759 concinna

105 2780 303 2816 omnesque
330 2772 537 2807 harmoniae
569 2772 823 2818 designantur?
876 2777 1010 2812 Verum
1043 2777 1144 2811 irrita
1175 2780 1261 2811 sunt
1290 2775 1359 2810 ista
1391 2779 1428 2809 et
1460 2774 1590 2810 similia
1620 2774 1752 2808 omnia.
1805 2774 1892 2812 Non

105 2822 197 2859 enim
222 2834 264 2859 eo
290 2825 488 2860 delectatur
511 2825 629 2860 anima
649 2826 863 2872 harmoniis,
895 2829 978 2873 qnia
1002 2828 1238 2864 communiter
1269 2830 1305 2861 et
1333 2827 1403 2861 hae
1435 2831 1472 2861 et
1505 2826 1568 2861 illa
1602 2831 1701 2861 orme
1735 2830 1821 2861 sunt
1842 2835 1889 2861 ex

104 2876 271 2920 uulneris,
294 2876 426 2912 falsum
449 2888 578 2938 nempe
603 2878 672 2913 hoc
696 2883 768 2924 est,
798 2880 863 2915 sed
892 2892 959 2916 nec
989 2886 1139 2927 propter
1167 2880 1265 2914 illam
1294 2889 1317 2913 a
1339 2874 1546 2913 Ptolemaeo
1568 2877 1737 2912 traditam
1767 2877 1888 2914 analo-

74 2926 199 2980 &m
215 2929 493 2973 superficiariam
517 2931 553 2965 in
576 2931 784 2966 harmonica
807 2936 844 2966 et
867 2933 1005 2969 animae
1017 2934 1120 2969 dotes
1138 2933 1354 2976 habitusque
1371 2930 1488 2965 varios
1505 2929 1563 2974 (de
1578 2929 1765 2966 affectibus
1780 2930 1890 2966 animi

74 2964 241 3016 fletum
264 2985 321 3017 cst
342 2983 483 3027 supra),
512 2982 575 3017 sed
599 2987 749 3027 propter
773 2983 866 3019 hanc
890 2986 1079 3021 arctiorem
1103 2984 1367 3028 cognationem,
1402 2982 1501 3027 quod
1528 2982 1737 3019 harmoniae
1758 2983 1887 3019 forma-

65 3030 189 3069 Her
211 3038 249 3069 et
269 3043 336 3078 per
357 3034 636 3071 abstractionem
659 3039 799 3072 sumtae
822 3041 907 3072 sunt
930 3037 1237 3083 comparationes,
1261 3035 1391 3071 mentis
1415 3045 1518 3081 opus,
1543 3040 1581 3072 et
1602 3036 1888 3083 comparationes

92 1417 218 1444 eorum
238 1409 295 1446 35.
340 1409 471 1446 Posset
495 1410 591 1445 idem
605 1411 724 1447 ‚etiam
747 1411 794 1452 de
818 1411 1035 1448 formatione
1057 1415 1275 1456 tetractyum
1300 1409 1371 1446 dici
1395 1408 1442 1445 ad
1465 1409 1729 1447 dissolvendam
1752 1419 1884 1454 cogua-
1925 1422 1932 1426 ·
1986 1426 1991 1437 ι

36 2463 58 2517 ’ἦ
63 2463 182 2504 »¹⁸²
212 2469 320 2503 11118111
347 2460 414 2495 10⁴?
458 2460 529 2495 Hic
551 2461 646 2496 euim
668 2463 828 2507 perfecte
851 2468 908 2498 est
931 2464 1148 2508 trigonicus,
1178 2463 1239 2498 hic
1270 2473 1293 2498 a
1316 2461 1547 2507 quaternario
1579 2461 1615 2495 in
1639 2461 1719 2495 basi
1750 2460 1889 2505 primus
1943 2495 1949 2500 ,
