1994 3276
782 66 894 105 mu
914 66 981 105 ιιι
997 68 1126 115 capnt
1146 67 1208 105 w.
1345 56 1351 62 '
1806 63 1890 110 us

101 185 442 243 subeuntum),
471 188 530 227 nti
557 187 833 240 praediximus,
863 193 908 228 ut
936 193 1027 228 sunt
1052 185 1155 228 inter
1175 187 1310 228 divina
1327 187 1486 239 quidem
1514 191 1644 228 motns
1664 185 1893 234 coelestium

102 250 326 300 corporum,
352 248 452 287 inter
479 246 660 287 mortalia
690 258 782 288 vero
811 252 941 286 motus
969 248 1137 287 maxime
1155 246 1412 287 humanarum
1440 243 1767 299 minarumvm),
1798 246 1893 298 qnia

103 310 151 347 ei
172 304 427 346 solistimis
454 305 611 356 utrique
640 306 835 360 competit,
865 310 910 344 ιιι
938 316 1018 345 nna
1046 316 1133 345 cum
1165 307 1289 356 primo
1318 309 1358 344 et
1385 304 1664 357 perfectissimo
1693 309 1821 353 motu,
1852 303 1893 344 id
1925 352 1939 359 θ

102 368 162 405 est
201 375 289 404 cum
326 367 439 403 motu
476 362 596 402 locali
633 365 791 415 insuper
830 365 948 403 etiam
976 364 1141 402 rationis
1178 364 1387 415 participes
1415 360 1613 416 siut11)],
1655 365 1812 404 omniuo
1853 367 1894 403 et

102 416 362 480 conspicunm
391 420 467 462 hoc
497 426 557 460 est
595 427 636 461 et
665 421 768 462 clare
797 419 1057 471 demonstrat,
1098 426 1286 474 quantum
1317 420 1474 472 quidem
1514 421 1565 467 ab
1594 420 1753 465 bomine
1782 432 1893 461 com-

102 479 307 535 prehendi
318 484 469 532 potest,
501 479 628 519 inesse
657 480 706 520 iis
737 478 1031 532 dispositionem
1061 485 1101 520 et
1130 478 1505 520 administrationem
1543 478 1717 530 aliquam
1748 490 1893 521 secun·

105 538 197 579 dum
224 537 471 580 harmonicas
499 549 684 578 sonorum
713 539 1004 590 proportiones,
1048 543 1092 577 ιιι
1121 537 1277 588 quidem
1318 537 1450 578 videre
1479 542 1540 578 est
1568 549 1638 589 per
1666 543 1820 589 partes,
1857 538 1893 577 si

105 586 348 648 disputemus
375 595 426 636 de
454 602 620 646 utroque
649 607 790 648 genere
819 596 1063 647 siugulatim,
1093 597 1206 636 initio
1236 596 1339 636 facto
1369 596 1420 636 ab
1450 595 1531 645 illo,
1568 595 1673 647 quod
1702 596 1893 636 humanas

103 656 253 696 minu
282 654 562 706 complectitur.

213 721 365 758 Not-1.
414 720 501 766 Cap.
527 721 591 758 Iv.
612 721 688 766 jam
711 720 907 757 secundam
930 720 1138 767 aggreditur
1162 720 1426 767 quaestionem,
1450 719 1488 755 in
1504 719 1633 767 quibus
1650 720 1759 757 rebus
1782 718 1894 758 insint

101 773 366 820 proportiones.
413 773 499 818 Ipse
522 773 683 819 appellat
705 787 767 821 ψ
789 787 851 809 τον
874 773 1094 821 siopomenon
1117 776 1280 817 ὀνυαμη,
1305 775 1398 818 quae
1414 782 1484 808 vox
1505 772 1706 817 emphatice
1730 773 1819 810 satis
1843 774 1894 811 al-

101 825 195 862 ludit
215 825 264 862 ad
284 825 385 872 ipsas
407 827 673 871 proportiones,
697 837 770 862 non
794 826 841 863 ad
864 825 1075 862 facultatem
1098 826 1240 871 mentis,
1266 834 1360 870 quae
1383 825 1427 860 iis
1452 829 1494 861 ιιι
1517 824 1661 869 obiecto
1686 836 1726 861 se
1749 831 1893 865 exercet

101 878 217 925 iisque
247 884 288 915 ιιι
318 879 516 926 archetypo
550 879 665 916 utitur
699 879 746 916 ad
780 878 1046 916 efformandum
1076 878 1222 924 aliquod
1254 878 1467 923 subjectum.
1513 878 1773 914 Demonstrant
1795 877 1894 915 hunc

102 933 248 968 sensum
271 931 370 968 vocis
392 936 430 969 et
453 932 573 978 capita
596 932 845 977 dicendorum,
871 932 1004 979 quibus
1028 932 1195 967 omnibus
1219 930 1299 966 hoc
1313 930 1405 977 agit,
1429 935 1470 966 ιιι
1493 929 1678 974 ostendat,
1713 929 1892 975 quomodo

102 987 224 1028 parter
248 982 361 1020 veluti
384 985 641 1030 subiectorum,
667 985 712 1021 de
737 985 867 1031 quibus
891 990 987 1031 aget,
1012 985 1049 1020 in
1074 985 1327 1032 proportiones
1349 984 1576 1043 harmonicas
1600 993 1798 1029 earumque
1810 993 1893 1030 pro·

100 1036 432 1082 pnasaffectioncs
455 1037 659 1084 descriptae
683 1039 768 1077 sint.

100 1046 311 1126 pmNota
333 1090 380 1126 Π.
428 1090 557 1135 Itaque
593 1091 753 1127 cavenda
787 1094 844 1127 est
873 1090 1087 1136 ambiguitas
1123 1090 1220 1126 circa
1251 1089 1429 1126 humanas
1466 1088 1621 1132 animas;
1658 1087 1765 1123 aliter
1799 1086 1895 1123 inest

19 1146 34 1152 ““
101 1141 243 1179 animae
263 1141 419 1179 facultas
443 1142 667 1188 harmonica,
699 1142 805 1179 aliter
827 1148 958 1179 natura
981 1141 1324 1188 contemperationis
1348 1141 1593 1177 harmonicae:
1619 1140 1694 1186 illa,
1718 1144 1760 1176 ut
1782 1149 1894 1175 causa

3 1220 7 1223 .
102 1204 222 1230 rerum
246 1199 349 1230 extra
373 1195 546 1240 animam,
571 1200 660 1241 puta
683 1199 828 1241 cantus3
854 1196 941 1242 ista,
976 1201 1017 1232 ut
1041 1195 1230 1232 exornatio
1255 1194 1412 1239 animae,
1437 1198 1609 1239 tanquam
1633 1192 1786 1238 alianus
1810 1190 1893 1227 sub·

0 1248 23 1286 Ῐ.
95 1246 196 1294 Jocti.
243 1246 300 1283 De
322 1247 386 1284 illo
410 1248 588 1285 hactenus
612 1253 749 1293 actum,
775 1249 820 1284 de
844 1249 914 1284 hoc
938 1252 1067 1293 agetur
1086 1248 1126 1283 in
1149 1246 1397 1292 sequentibus.

11 1295 19 1321 ‘¹
215 1300 316 1337 Nota
336 1299 406 1336 m.
454 1300 551 1336 Dicit
573 1306 713 1346 antem,
739 1301 876 1345 omnia,
902 1310 995 1346 quae
1019 1311 1059 1336 se
1083 1300 1199 1346 primo
1222 1303 1383 1343 movent,
1408 1300 1448 1335 in
1470 1309 1511 1335 se
1536 1298 1719 1335 continere
1741 1295 1893 1333 faculta-

2 1334 26 1352 ν’
101 1356 158 1389 tes
173 1351 242 1388 has
254 1351 491 1390 harmonicas,
518 1352 650 1390 deinde
664 1354 825 1399 inprimis
843 1354 972 1399 omnia,
998 1363 1092 1398 qnae
1107 1353 1256 1390 rationis
1274 1357 1358 1388 sunt
1374 1351 1580 1397 participia,
1602 1351 1678 1387 huc
1692 1348 1891 1387 referenda.

100 1406 362 1451 Argumentum
385 1405 455 1440 hoc
479 1405 595 1441 solum
619 1415 701 1441 esse
724 1405 868 1442 videtur
890 1405 935 1441 de
959 1406 1085 1451 primo,
1110 1405 1208 1450 quod
1232 1404 1434 1440 necessario
1457 1402 1768 1450 praestantissima
1790 1411 1894 1448 prae·

101 1457 330 1494 mominis
354 1457 578 1494 conveniant.
624 1457 887 1494 Praestantiam
912 1463 1032 1495 autem
1049 1457 1274 1493 harmonices
1290 1462 1368 1492 toto
1385 1466 1495 1501 opere
1511 1455 1780 1499 demonstravit,
1805 1457 1844 1490 et
1857 1452 1894 1488 in

4 1501 30 1558 ᾖ,
100 1509 278 1556 principio
301 1510 429 1556 capitis
455 1511 487 1547 3.
512 1510 559 1546 ad
581 1516 738 1546 mentem
761 1511 944 1546 revocavit
966 1509 1252 1554 inculcavitque3
1286 1508 1510 1554 praestantia
1532 1518 1618 1544 vero
1642 1517 1777 1553 eorum,
1802 1517 1894 1554 quae

0 1559 28 1605 '¹3
102 1563 315 1610 principium
339 1569 458 1600 motus
482 1564 519 1599 in
543 1573 583 1599 se
607 1564 696 1610 ipsis
721 1564 875 1608 habent,
899 1567 986 1599 nota
1010 1567 1067 1597 est
1089 1562 1187 1607 apud
1212 1572 1335 1598 omnes
1359 1561 1615 1607 philosophos,
1646 1570 1800 1606 quorum
1824 1558 1894 1595 dis·

0 1608 34 1659 ‘14
101 1617 308 1672 putationes
331 1615 427 1652 inter
450 1626 491 1652 se
516 1622 701 1662 comparat
726 1616 932 1652 Macrobius
965 1617 1001 1651 in
1027 1615 1211 1651 Somnium
1235 1613 1412 1659 Scipionis
1437 1612 1484 1648 ad
1507 1612 1625 1648 finem.
1673 1613 1744 1648 Est
1779 1615 1817 1648 et
1839 1621 1894 1647 ar·

103 1674 311 1715 gumentnm
346 1678 369 1703 a
376 1672 491 1721 motu
515 1668 605 1713 ipso
654 1668 745 1703 Nam
771 1673 891 1704 motus
916 1667 1121 1728 subjectum
1156 1673 1213 1702 est
1237 1667 1429 1711 genuinum
1461 1665 1707 1708 harmonicas,
1743 1668 1781 1700 et
1802 1663 1895 1700 haec

101 1721 238 1758 habent
259 1722 379 1767 ipsum
376 1703 510 1756 etiam
533 1720 749 1766 principium
772 1726 891 1756 motus
913 1720 951 1755 in
977 1730 1018 1755 se
1039 1720 1147 1765 ipsis,
1184 1720 1308 1755 eadem
1345 1725 1383 1754 et
1405 1719 1560 1754 formata
1583 1723 1669 1753 sunt
1697 1717 1789 1753 ideis
1813 1726 1894 1762 per—

101 1774 297 1811 fectionum
319 1773 434 1819 ipsius
457 1777 590 1808 motus
638 1773 677 1808 Si
700 1772 794 1808 enim
819 1773 871 1808 sic
893 1772 1007 1807 motui
1032 1777 1185 1817 cognata
1209 1774 1305 1814 sunt,
1331 1778 1371 1808 ut
1393 1772 1483 1808 fiant
1505 1772 1558 1807 illi
1575 1770 1805 1817 principium:
1830 1778 1895 1805 cur

58 1819 66 1825 '
102 1836 175 1862 non
198 1826 306 1862 etiam
329 1825 382 1862 sic
404 1831 528 1862 essent
550 1825 602 1861 illi
626 1831 796 1871 cognata,
823 1829 863 1861 ιιι
886 1820 1014 1861 iisdem
1038 1824 1226 1870 speciebus
1251 1825 1323 1861 sint
1346 1825 1516 1870 formata,
1547 1823 1679 1869 quibus
1703 1827 1741 1858 et
1763 1826 1894 1862 motus,

0 1877 1 1881 ’
31 1900 41 1921 2
103 1878 135 1914 si
157 1878 252 1915 benc
273 1878 419 1914 formati
443 1882 547 1920 sunt,
570 1877 780 1916 formantur.

193 1930 264 1966 Pro
289 1930 403 1966 altero
427 1931 604 1966 rationem
628 1930 775 1966 adducit
797 1930 855 1966 his
881 1929 1019 1965 verbis:
1052 1935 1206 1977 propter
1235 1935 1338 1967 ortus
1361 1931 1611 1976 emotionem
1645 1933 1680 1965 et
1700 1926 1894 1973 familiari·

0 1980 42 2020 ἵ.
103 1988 224 2021 tatem.
271 1983 311 2020 si
334 1984 425 2021 ratio
449 1984 702 2030 proportiones
726 1983 953 2020 harmonicas
976 1983 1123 2027 invenit,
1148 1988 1291 2028 oportet
1316 1988 1351 2018 et
1375 1983 1551 2018 rationem
1576 1987 1612 2017 et
1636 1991 1728 2027 quae
1744 1978 1894 2015 rationis

103 2038 190 2072 sunt
224 2035 403 2082 compotis
435 2035 727 2082 proportionibus
757 2036 972 2072 harmonicis
1009 2036 1233 2072 familiariter
1263 2041 1440 2072 constare.
1490 2035 1527 2071 Si
1558 2035 1649 2071 haec
1684 2037 1894 2079 argumenta

8 2099 18 2120 2
49 2122 52 2127 ,
102 2089 220 2135 logice
243 2089 499 2133 examinemus,
525 2099 616 2134 pura
639 2088 838 2124 necessitas
865 2100 936 2124 non
961 2093 1122 2135 apparet.
1171 2090 1298 2126 Potest
1313 2089 1406 2124 enim
1424 2088 1585 2124 efficiens
1602 2086 1747 2132 aliquod
1770 2094 1895 2121 creare

14 2148 25 2171 ὲ
44 2166 66 2192 ³,
102 2140 236 2188 aliquid
261 2150 348 2176 suae
369 2141 539 2186 propriae
561 2139 747 2176 essentiali
771 2140 1018 2175 constitutioni
1043 2140 1232 2185 dissimile,
1271 2141 1301 2177 si
1325 2141 1451 2177 saltem
1469 2141 1667 2186 ‘conceptui
1692 2150 1758 2174 suo
1782 2137 1894 2174 faciat

50 2226 54 2228 ,
102 2193 236 2238 simile3
274 2193 508 2238 probabilitas
544 2198 665 2229 tamen
701 2198 756 2228 est
786 2203 915 2237 magna
938 2198 975 2229 et
999 2193 1086 2228 mihi
1120 2204 1263 2238 quoque
1284 2193 1481 2239 respondet
1509 2203 1568 2228 res
1601 2193 1690 2237 ipsa.
1738 2191 1831 2226 Nam
1857 2193 1894 2224 et

103 2245 190 2282 mihi
214 2246 353 2281 animus
376 2245 576 2281 formaliter
598 2246 742 2291 quidam
767 2245 877 2280 veluti
903 2246 1058 2281 circulus
1082 2250 1154 2290 est,
1186 2256 1230 2281 ex
1255 2245 1358 2291 cujus
1384 2246 1559 2282 divisione
1581 2243 1797 2290 geometrica
1820 2243 1894 2278 exi-

9 2277 28 2320 'st
104 2304 207 2336 stunt
229 2298 482 2344 proportiones
505 2298 735 2334 harmonicae
760 2303 795 2333 et
820 2298 914 2334 idem
938 2298 1077 2333 animus
1103 2298 1300 2344 hospitium
1321 2299 1471 2343 praebet
1494 2296 1788 2343 proportionibus
1810 2295 1893 2331 har·

49 2391 52 2395 .
106 2351 266 2395 tironicio,
291 2355 333 2385 ut
357 2349 497 2386 entibus
522 2351 682 2387 rationis.
732 2351 848 2394 Igitur
879 2361 946 2395 ego
971 2351 1150 2394 (fortassis
1175 2351 1291 2387 minus
1322 2356 1490 2387 accurate
1513 2351 1684 2395 loquens,
1725 2349 1822 2394 quod
1843 2348 1894 2383 vi-

15 2392 17 2395 ’
49 2415 63 2456 ‘⁴
101 2404 217 2454 ,deant
239 2403 311 2438 alii)
334 2402 469 2438 nullam
493 2414 649 2448 agnosco
674 2410 888 2446 creaturam,
914 2403 1128 2449 principium
1153 2409 1271 2439 motus
1294 2405 1332 2439 in
1348 2414 1388 2439 se
1411 2404 1614 2448 habentem,
1640 2413 1733 2448 quae
1755 2402 1894 2438 ratione

21 2470 25 2474 ·
52 2478 58 2482 «
108 2460 238 2494 eareat,
263 2455 338 2491 sive
360 2454 531 2491 instincta
554 2461 595 2491 ut
618 2456 774 2501 plantae,
801 2457 876 2492 sive
899 2457 1007 2492 etiam
1033 2456 1272 2500 discurrente,
1306 2462 1345 2492 ut
1368 2457 1488 2492 homo.
1536 2456 1686 2492 Divinae
1709 2455 1819 2501 igitur
1841 2454 1894 2489 in·

21 2483 31 2514 Ἀ
51 2501 60 2546 ,³
108 2507 420 2555 comprehensibili
443 2510 619 2544 essentiae
649 2509 757 2553 plane
780 2509 925 2543 insitam
950 2511 1002 2551 (nt
1025 2508 1081 2543 fas
1107 2508 1153 2544 sit
1177 2509 1229 2543 ita
1252 2508 1366 2554 loqui)
1390 2508 1613 2544 harmoniam
1635 2507 1716 2543 ideo
1742 2508 1893 2555 affirmo⁷

25 2567 27 2570 ·
54 2566 63 2595 1
107 2570 181 2596 non
205 2561 288 2605 quia
320 2560 382 2594 illa
405 2563 523 2595 motus
547 2566 687 2606 auctor,
723 2561 787 2596 sed
811 2562 896 2607 quia
925 2561 1122 2606 geometria
1154 2560 1206 2596 illi
1236 2565 1438 2598 coaeterna.
1485 2562 1629 2596 Mentes
1662 2570 1746 2595 vero
1771 2570 1894 2598 omnes

109 2621 225 2656 usque
247 2611 293 2647 ad
316 2612 450 2647 formas
475 2611 698 2656 plantarum,
732 2614 861 2658 quibus
886 2618 942 2648 est
965 2613 1156 2653 instinctus
1180 2619 1404 2658 concreatus,
1430 2612 1593 2649 similiter
1616 2613 1731 2655 intus,
1767 2612 1803 2646 in
1829 2622 1895 2648 sua

108 2666 183 2699 non
205 2663 318 2699 multo
342 2663 454 2708 magis
479 2664 790 2708 comprehensibili
814 2666 982 2711 essentia,
1007 2666 1180 2703 formatas
1204 2677 1285 2703 esse
1309 2666 1525 2707 harmonice,
1548 2665 1629 2700 ideo
1650 2664 1784 2709 judico,
1811 2664 1896 2709 quia

111 2720 196 2751 sunt
218 2715 436 2761 exemplaria
458 2715 549 2758 Dei,
578 2727 649 2751 non
671 2717 769 2760 ideo,
805 2719 891 2763 quia
914 2719 1068 2764 primum
1091 2725 1246 2756 movent.
1295 2720 1368 2754 Res
1393 2718 1546 2763 denique
1576 2723 1744 2753 externas
1768 2714 1895 2761 corpo-

27 2775 64 2789 <-
114 2776 207 2810 reas,
233 2767 262 2801 si
286 2773 479 2812 potuerunt
503 2779 524 2802 a
548 2768 686 2803 ratione
709 2769 821 2804 libere
845 2770 1001 2806 formari.
1026 2782 1119 2815 quae
1142 2772 1285 2816 quidem
1309 2782 1381 2805 non
1399 2770 1642 2815 impediuntur
1664 2770 1700 2804 in
1721 2779 1790 2804 usu
1813 2769 1894 2804 har-

111 2819 281 2864 monices,
304 2819 551 2855 transformari
576 2831 647 2864 qua
668 2821 788 2856 licet
776 2833 813 2856 ιιι
834 2822 935 2858 ideas
959 2824 1196 2861 harmonicas.
1221 2822 1390 2858 credibile
1415 2832 1493 2856 esse
1518 2821 1694 2866 concedo3
1724 2820 1786 2856 ubi
1808 2830 1893 2870 yero

26 2894 32 2912 ἶ
70 2896 76 2915 ‚
111 2869 259 2906 libertas
282 2869 502 2908 formationis
527 2872 720 2916 impeditur
740 2873 877 2918 legibus
902 2880 1052 2912 naturae
1084 2881 1120 2911 et
1143 2876 1204 2911 ubi
1229 2874 1389 2909 confusio
1422 2878 1478 2908 est
1502 2873 1758 2917 quantitativa‚
1789 2873 1827 2910 in
1847 2873 1893 2910 iis

110 2921 230 2957 'inesse
254 2921 404 2968 quidem
419 2923 552 2968 largior
575 2924 797 2969 harmonias,
829 2926 892 2961 sed
922 2928 1083 2987 potentia
1110 2932 1267 2971 tantum3
1300 2931 1336 2960 et
1367 2925 1397 2960 si
1421 2930 1521 2960 motu
1542 2925 1785 2961 intercedente
1811 2933 1894 2963 con-

7 3016 9 3021 ,
31 2974 73 3023 ,χρῇ
113 2968 273 3010 ‘asarum
307 2976 576 3021 proportionum
609 2977 719 3012 series
744 2951 932 3013 diducatur
960 2979 997 3014 in
1019 2985 1197 3025 tempora,
1230 2978 1377 3024 agnosci
1406 2983 1444 3012 et
1467 2978 1612 3022 probari
1641 2978 1892 3025 proportiones
