1994 3276
127 45 211 86 344
817 43 1016 81 Ptolemaei
1039 43 1244 80 Harmonia.

125 160 163 197 in
187 160 397 211 praedicato
435 160 576 206 speeies
609 160 891 198 mathematicas.
942 161 1132 198 Conclusio
1158 160 1314 206 denique
1348 163 1404 196 est
1428 159 1693 206 quodammodo
1727 159 1806 196 loco
1831 159 1932 198 habi-

126 214 235 249 tualis
261 214 492 259 operationis.
541 214 672 250 Adhuc
697 215 870 261 amplius:
902 215 1088 251 theorema
1126 218 1181 249 est
1207 212 1423 259 speculatio,
1461 214 1646 259 problema
1676 218 1732 250 est
1761 215 1932 259 operatio,

128 276 239 301 causa
264 277 350 302 suae
376 266 693 302 demonstrationis
734 278 778 302 ex
802 267 1066 303 theorematum
1098 265 1466 303 demonstrationibus
1492 267 1669 311 derivata,
1705 275 1816 302 causa
1848 277 1945 302 veros

127 318 314 364 praecepti
350 319 386 353 in
411 319 481 354 hac
514 329 580 354 sua
617 318 925 357 demonstratione
961 321 1183 362 confirmata,
1223 319 1372 364 ejusque
1397 329 1486 355 usus
1512 314 1567 355 est'.
1591 319 1708 356 instar
1739 316 1935 354 habitualis

130 371 301 406 exercitii.
352 371 408 406 Ita
437 371 626 416 multiplex
664 375 720 406 381
752 372 1000 417 symbolisatio
1032 373 1118 416 ista,
1158 373 1187 407 si
1214 371 1411 407 secundum
1441 371 1556 418 magis
1593 376 1630 408 et
1661 372 1780 406 11111108
1815 372 1935 407 01111113

127 424 396 460 consideremus
431 434 511 458 cum
546 424 766 461 Ptolemaeo,
817 425 888 460 Sed
921 425 1030 473 plena
1064 401 1227 460 trifariae
1265 423 1504 459 distinctionis
1537 423 1619 460 idea
1655 428 1710 459 est
1745 410 1783 458 in
1814 423 1932 462 111803.

129 476 348 512 astronomia
371 477 471 521 ipsa,
511 486 603 522 quae
629 487 756 512 causas
784 477 900 522 aperit
926 477 1237 522 apparentiamm,
1271 480 1326 511 est
1351 474 1628 520 speculationis,
1666 473 1826 512 calculus
1850 488 1934 512 vero

128 535 292 565 motuum
318 529 529 566 coelestium
553 530 599 565 ad
625 534 788 574 tempora
813 536 913 565 certa
949 530 1004 564 vel
1029 530 1204 566 revolutio
1237 529 1415 573 sphaerae
1444 527 1738 576 theoriarumque
1771 535 1828 567 est
1852 539 1935 574 ope-

128 582 278 617 rationis
303 582 528 628 manuariae3
554 582 709 627 denique
734 583 869 626 agnitio
895 587 1154 628 tempestatum
1180 581 1263 617 anni
1289 591 1334 616 ex
1359 579 1518 616 siderum
1543 587 1626 617 ortu
1651 587 1687 618 31
1712 594 1844 620 occasu
1855 590 1936 617 'mu-

129 635 379 681 tationumqne
415 635 507 670 aeris
546 639 611 670 310.
647 638 744 680 (11318
782 635 1036 681 agriculturae)
1077 640 1113 670 et
1144 634 1327 670 distinctio
1353 632 1543 679 plagarum
1579 642 1624 668 ex
1659 640 1810 680 aspectu
1845 633 1937 670 coeli

130 688 231 733 (pars
267 688 356 722 artis
387 688 591 731 nauticae),
629 693 714 723 80111
748 688 842 723 inter
874 687 1030 724 habitus.
1082 687 1261 732 Quorsum
1286 685 1422 721 referas
1455 684 1565 720 etiam
1599 684 1809 723 instinctum
1833 685 1936 721 illum

130 741 349 782 naturalem,
384 740 602 785 agnoscendi
629 740 937 785 configurationes
962 741 1053 776 citra
1077 739 1296 784 discursum,
1335 738 1379 773 de
1405 748 1476 782 quo
1501 737 1616 773 multa
1648 737 1740 774 libro
1765 739 1826 775 lv.
1853 738 1937 777 dixi,

131 795 183 829 sic
209 794 316 829 etiam
341 793 550 835 instinctum
575 792 611 826 iu
640 792 734 837 Sole,
761 793 981 839 agnoscendi
1005 792 1212 828 harmonias
1237 789 1452 835 coelestes,
1479 790 1523 826 de
1549 799 1619 835 quo
1644 789 1705 826 lib.
1723 791 1764 826 V.
1783 801 1862 836 cap.
1886 792 1938 829 10.

131 847 181 882 Et
203 845 453 887 111-1131010313
478 844 636 880 inventio
662 855 865 890 causarum,
893 856 938 880 ex
964 845 1094 891 quibus
1121 850 1207 880 sunt
1232 842 1452 887 harmoniae,
1477 842 1636 887 pertinet
1658 843 1704 878 ad
1722 842 1937 889 81130013110-

131 909 212 934 nem
238 908 459 943 expressam,
485 897 755 932 harmoniarum
779 898 815 932 in
832 897 980 933 vocibus
1007 902 1043 933 et
1067 896 1212 933 chordis
1237 907 1303 942 per
1320 895 1515 931 sectionem
1538 894 1693 932 chordae
1718 896 1937 940 canonicam,

130 950 289 995 pertinet
314 949 359 985 ad
385 949 632 994 operationem
656 949 969 993 013003113111,31
993 949 1188 985 modulatio
1215 954 1362 993 cantus,
1400 959 1464 984 8311
1489 958 1595 993 voce,
1621 957 1686 984 8311
1710 959 1835 993 manu,
1874 958 1939 983 seu

131 1002 257 1048 lingua
282 1006 319 1037 et
342 1001 588 1037 instrumentis
615 1002 839 1043 sonantibus,
869 1006 924 1037 est
949 1002 995 1038 ad
1020 1002 1165 1038 habitus
1192 1001 1394 1038 referenda.
1443 1001 1623 1045 Quorsum
1648 1001 1755 1036 etiarn
1780 1000 1938 1036 referen—

133 1055 200 1090 dus
225 1055 418 1090 instinctus
454 1053 515 1088 ille
539 1054 714 1090 naturalis
752 1054 788 1089 in
812 1054 1037 1099 hominibus,
1075 1055 1292 1101 agnoscendi
1330 1059 1367 1090 et
1400 1053 1578 1099 probandi
1613 1053 1821 1088 harmonias
1846 1052 1936 1088 citra

133 1106 240 1142 etiam
266 1106 504 1152 disciplinam.

868 1231 1055 1299 CAPUT
1093 1232 1162 1278 lv,
1179 1226 1209 1258 ¹>

250 1335 366 1386 Quod
396 1338 456 1376 vis
487 1336 735 1377 harmonicae
767 1340 1134 1390 contemperationis
1167 1339 1344 1378 omuibus
1377 1339 1492 1377 rebus
1523 1340 1636 1386 insit,
1670 1349 1833 1388 quarum
1863 1349 1937 1376 na-

134 1419 244 1452 turae
275 1412 424 1452 altioris
455 1414 702 1464 perfectionis
744 1414 866 1463 gradu
899 1416 1140 1463 consistunt,
1183 1422 1219 1452 et
1257 1414 1361 1464 quod
1403 1414 1442 1451 id
1473 1416 1640 1452 maxime
1680 1419 1866 1464 appareat
1898 1414 1936 1450 in

134 1489 315 1527 humanis
347 1490 486 1527 animis
518 1491 635 1539 inque
659 1489 902 1528 ‘coelestibus
933 1488 1244 1529 revolutionibus
1264 1487 1319 1541 Π).

253 1563 369 1613 Quod
399 1566 517 1614 igitur
554 1565 652 1603 haec
684 1565 908 1604 harmonica
950 1565 1115 1603 facultas
1147 1566 1296 1614 species
1329 1565 1520 1615 quaedam
1561 1565 1612 1602 sit
1642 1575 1785 1603 causae
1815 1565 1938 1602 13110-

137 1624 314 1671 0111311118,
347 1625 640 1673 ν31831181ᾟο11Ὂ3
672 1625 1067 1662 commensurationes
1098 1631 1294 1671 motuum,
1333 1630 1371 1661 et
1403 1623 1507 1673 quod
1539 1624 1717 1670 scientia,
1750 1624 1788 1660 in
1820 1621 1938 1672 hujus

136 1681 332 1721 facultatis
375 1682 705 1731 contemplatione
750 1689 959 1732 occupata,
1002 1683 1150 1733 species
1192 1684 1243 1719 sit
1276 1682 1589 1729 mathematices,
1636 1691 1795 1720 versans
1837 1682 1938 1718 circa

139 1741 411 1792 proportiones
451 1739 754 1779 differentiarum
797 1740 1028 1779 audibilium
1070 1739 1311 1790 tendensque
1352 1742 1391 1778 in
1433 1740 1623 1778 culturam
1663 1740 1789 1788 vitae,
1838 1750 1938 1789 quae

138 1798 240 1837 solet
269 1798 434 1836 existere
471 1810 517 1836 ex
550 1798 898 1849 contemplatione,
940 1800 972 1836 si
1014 1800 1133 1837 etiam
1175 1799 1337 1837 accedat
1374 1799 1538 1836 imitatio
1570 1809 1725 1845 eorum,
1767 1798 1835 1847 qui
1866 1797 1938 1835 sub

139 1855 343 1906 disciplina
376 1867 509 1894 eorum
541 1863 630 1894 sunt
661 1853 880 1905 constituti,
924 1857 963 1895 id
994 1869 1061 1907 per
1088 1857 1171 1906 jam
1203 1857 1347 1895 dictum
1377 1859 1433 1895 sic
1465 1856 1736 1894 adumbratum
1766 1860 1862 1896 esto.

255 1914 539 1964 Explicandum
571 1927 664 1954 vero
697 1922 734 1955 et
766 1916 815 1953 ad
846 1922 1015 1954 mentem
1046 1915 1310 1953 revocandum
1341 1922 1398 1953 est
1426 1915 1611 1964 amplius,
1643 1913 1749 1964 quod
1779 1924 1938 1952 necesse

140 1973 287 2022 ubique
318 1973 379 2019 811,
412 1973 636 2012 facultatem
670 1979 802 2012 tantae
835 1975 1108 2024 praestantiae,
1142 1975 1241 2012 sicut
1273 1980 1311 2012 et
1333 1978 1480 2012 ceteras
1503 1970 1685 2026 (rationis
1709 1968 1937 2024 facultates)

142 2031 321 2070 omnibus
354 2031 471 2068 etiam
502 2031 590 2069 aliis
623 2034 749 2070 inesse
780 2033 916 2080 rebus,
959 2043 1059 2082 quae
1090 2033 1323 2082 principium
1353 2038 1481 2069 motus
1512 2031 1658 2069 habent
1688 2032 1726 2067 in
1758 2042 1799 2068 se
1831 2031 1938 2079 ipsis,

142 2091 180 2126 in
214 2094 403 2139 quantum
443 2089 481 2126 id
514 2092 678 2137 quaevis
717 2090 853 2138 habet,
896 2092 1068 2141 inprimis
1112 2101 1201 2128 vero
1242 2095 1280 2128 et
1320 2090 1542 2140 plenissime
1580 2090 1695 2127 rebus
1726 2090 1794 2136 iis,
1838 2099 1938 2137 quae

141 2148 380 2198 perfectioris
412 2152 450 2185 et
480 2148 740 2186 rationalioris
772 2154 934 2186 naturae
965 2154 1055 2186 sunt
1084 2150 1311 2198 participes,
1343 2153 1498 2198 propter
1531 2153 1636 2186 ortus
1669 2147 1939 2197 cognationem

144 2212 184 2245 et
212 2206 515 2244 familiaritatem
529 2203 616 2255 ¹1¹);
655 2208 694 2243 in
725 2208 771 2244 iis
805 2209 947 2256 quippe
978 2206 1070 2244 solis
1110 2206 1270 2244 evidens
1303 2207 1384 2244 fieri
1416 2211 1560 2256 potest,
1602 2217 1719 2256 quam
1749 2204 1818 2242 illa
1848 2204 1940 2242 har-

145 2266 276 2303 monia
306 2269 343 2302 et
375 2265 587 2302 universim
618 2269 656 2302 et
686 2270 863 2302 accurate
895 2269 1049 2302 tueatur
1081 2261 1287 2317 (quantum
1324 2264 1479 2314 quidem
1508 2264 1589 2303 fieri
1612 2265 1768 2302 omnino
1790 2258 1940 2315 potest)
1980 2296 1986 2302 ..

146 2322 439 2361 similitudinem
473 2324 776 2372 proportionum,
810 2323 950 2371 quibus
983 2324 1020 2359 in
1052 2322 1303 2360 dissimilibus
1324 2324 1528 2372 speciebus
1561 2323 1693 2372 aliqua
1714 2326 1941 2371 grata-con-

146 2381 375 2430 temperatio
422 2385 460 2419 et
506 2382 778 2419 convenientia
826 2382 1081 2419 constituitur.
1152 2381 1197 2418 In
1244 2382 1467 2419 universum
1516 2382 1616 2419 enim
1666 2378 1941 2429 unaquaelibet

149 2451 280 2478 earum
313 2450 452 2485 rerum,
486 2451 583 2489 quas
614 2444 754 2478 natura
785 2439 976 2489 gubernat
1004 2443 1042 2476 et
1074 2439 1350 2489 complectitur,
1382 2441 1642 2489 proportionis
1663 2438 1828 2487 alicujus
1850 2447 1941 2486 par-

148 2499 270 2547 ticeps
314 2503 372 2535 est
404 2509 492 2536 cum
534 2498 573 2534 in
604 2497 796 2545 motibus,
839 2502 920 2534 tum
952 2498 1068 2534 etiam
1113 2499 1149 2534 in
1183 2497 1367 2545 subjectis
1405 2498 1478 2536 sibi
1516 2498 1708 2544 materiis,
1749 2496 1860 2544 cujus
1891 2492 1941 2532 ad

148 2557 428 2606 praescriptum
459 2566 800 2603 commensumque
830 2555 990 2592 rationis
1022 2551 1083 2606 (in
1114 2559 1300 2603 quantum
1332 2555 1399 2592 illa
1429 2555 1584 2605 quidem
1628 2554 1825 2593 observari
1857 2565 1941 2590 om·
1992 2555 1994 2589 ἕ

149 2615 240 2652 111110
273 2614 571 2663 conservarique
601 2609 752 2665 potest)
784 2617 822 2650 et
852 2614 1050 2661 generatio
1084 2614 1123 2650 in
1152 2624 1191 2649 re
1222 2614 1322 2650 inest
1364 2618 1402 2652 et
1433 2614 1671 2652 alimentatio
1716 2618 1753 2650 et
1784 2621 1941 2650 conser-

153 2673 260 2710 vatio
292 2677 331 2710 et
362 2670 548 2720 quicquid
579 2672 734 2709 omnino
765 2670 936 2708 melioris
968 2674 1083 2714 notae
1116 2670 1187 2708 dici
1221 2676 1370 2720 potest,
1403 2683 1489 2710 cum
1510 2682 1601 2709 vero
1632 2671 1747 2709 rebus
1778 2666 1942 2722 (quibus

152 2729 308 2780 quidem
339 2730 488 2781 potest)
519 2727 676 2767 ademta
706 2728 820 2767 fuerit
849 2728 948 2765 haec
977 2727 1277 2766 familiarissima
1306 2729 1485 2778 facultas,
1519 2730 1647 2767 omnia
1674 2734 1767 2766 tunc
1797 2737 1940 2772 eorum,

152 2799 252 2837 quac
288 2788 371 2837 jam
413 2787 599 2835 diximus,
643 2787 833 2824 contraria
872 2787 919 2823 iis
961 2786 1144 2823 eveniunt
1182 2792 1374 2836 ruuntque
1412 2792 1450 2826 et
1479 2791 1643 2836 vergunt
1681 2788 1718 2823 in
1748 2781 1940 2835 pejusss').

151 2846 298 2884 Verum
318 2847 358 2883 in
379 2847 564 2884 materiae
585 2846 707 2895 ipsius
730 2844 964 2882 motionibus
995 2843 1210 2882 alterativis
1242 2844 1280 2882 id
1310 2857 1387 2883 non
1410 2846 1464 2883 ita
1484 2846 1733 2894 conspicuum
1754 2848 1823 2890 est,
1855 2852 1942 2878 cum

153 2905 192 2939 in
224 2903 291 2942 illa
321 2915 445 2954 neque
478 2905 675 2953 quantitas
704 2913 831 2952 neque
863 2901 1031 2951 qualitas
1063 2907 1216 2951 propter
1247 2902 1538 2942 instabilitatem
1576 2901 1816 2941 determinari
1847 2909 1942 2948 pos-

155 2962 205 2998 sit
218 2959 276 3012 v),
315 2963 352 2999 in
385 2963 555 3000 motibus
586 2973 698 3009 vero,
738 2962 804 3010 qui
842 2965 884 2998 ut
920 2959 1127 3010 plurimum
1167 2962 1263 2999 inter
1302 2962 1451 3011 species
1488 2972 1558 2999 seu
1595 2961 1737 2999 formas
1776 2967 1941 2996 conver-

156 3021 352 3073 santurw)
387 3021 494 3076 [suut
524 3025 655 3060 autem
685 3020 724 3067 ii,
756 3020 822 3070 qui
853 3019 984 3058 insunt
1014 3018 1141 3068 rebus,
1172 3023 1328 3058 naturas
1350 3018 1596 3072 perfectiores
1616 3022 1655 3057 et
1674 3014 1941 3057 rationaliores
