1994 3276
159 97 240 134 222
708 93 763 128 De
789 92 1138 138 Configurationibus
1162 93 1399 131 Harmonicis.

271 211 359 250 Non
390 211 516 251 dicam
547 213 642 251 inter
663 214 844 263 rationes,
875 211 993 263 quod,
1026 224 1114 252 cum
1134 214 1301 263 primum
1331 192 1436 264 foris,
1469 213 1607 253 deinde
1638 215 1824 255 insensu
1853 214 1949 254 fuis-

157 274 243 308 sent
272 269 351 319 illa,
385 281 485 320 quae
516 276 794 321 comparantur,
825 270 962 310 ultimo
1000 276 1039 310 et
1067 283 1092 310 a
1121 272 1236 310 rebus
1279 276 1317 311 et
1346 284 1371 310 a
1401 271 1609 311 sensilibus
1639 283 1765 313 rerum
1793 275 1948 324 specie-

156 328 228 366 bus
259 329 454 367 abstracta
483 329 642 381 suerint,
681 342 797 380 quem
826 341 982 369 sensum
1019 331 1172 381 proprie
1203 341 1281 368 vox
1311 329 1560 370 abstrahendi
1601 332 1746 381 gignit;
1784 343 1875 370 nam
1905 337 1948 370 ut

91 402 103 409 ·
156 398 274 437 supra
304 386 461 433 dictum,
493 387 588 427 haec
619 387 868 427 abstrahendi
896 390 994 427 ratio
1034 389 1201 439 pertinet
1242 387 1291 426 ad
1322 388 1483 428 sensiles
1514 388 1736 428 harmonias
1765 401 1949 429 sonorum

158 450 198 484 et
228 445 424 484 radiorum
453 445 649 497 habetque
689 446 817 486 locum
855 451 948 485 tunc
978 451 1144 493 tantum,
1186 458 1293 494 cum,
1338 449 1395 485 uti
1427 448 1571 485 civium
1615 449 1714 487 bene
1754 448 1819 488 vel
1849 448 1950 487 male

156 503 260 542 facta
301 515 349 542 ex
379 503 531 554 legibus
569 506 780 555 antiquitus
810 505 919 553 latis,
962 506 1019 543 ita
1048 507 1134 543 soni
1174 511 1212 543 et
1241 504 1339 543 radii
1382 517 1431 545 ex
1461 505 1710 558 archetypica
1750 506 1951 546 harmonia

151 562 234 612 jam
264 567 380 601 antea
410 563 513 601 intus
552 570 752 614 praesente
795 562 1066 613 dijudicantur.
1128 562 1205 602 Sed
1244 562 1341 602 haec
1378 568 1437 602 est
1468 575 1604 611 causa,
1646 575 1713 604 cur
1751 566 1949 615 quantitas

155 620 429 660 intellectualis
469 633 553 660 esse
595 622 761 670 dicatur,
802 633 900 671 quae
932 623 1115 660 terminos
1155 621 1316 671 praebet
1356 621 1590 661 harmonicis
1618 624 1946 674 proportionibus,

157 680 251 729 quia
290 684 442 730 oportet
481 679 587 718 illam
626 681 880 730 quantitatem
921 679 1260 718 demonstrationis
1302 679 1419 731 longe
1449 680 1725 721 subtilissimae
1767 693 1948 736 capacem

160 749 267 788 essc;
300 737 576 777 demonstratio
608 750 698 777 vero
731 738 798 777 illa
829 750 876 777 ex
905 738 1112 787 sensilibus
1135 738 1423 788 diagrammatis
1450 751 1648 789 nunquam
1669 739 1844 789 habetur,
1875 741 1948 779 etsi

156 798 203 835 iis
235 795 462 847 adjflvetur,
499 808 570 835 nec
601 809 648 837 ex
679 796 971 835 collectionibus
1004 799 1123 835 oritur
1152 796 1359 835 multorum
1395 798 1648 847 singularium
1676 799 1877 838 sensilium
1907 800 1945 836 in

156 867 277 894 unum
307 857 481 902 axioma,
520 855 588 895 sed
619 869 642 894 a
671 857 790 905 priori
820 860 1075 906 comparatur.
1138 854 1253 904 Quod
1287 867 1373 894 cum
1408 865 1526 906 supra
1555 855 1717 896 Proclus
1755 851 1846 896 vere
1877 857 1950 896 ob-

152 915 290 964 jecerit
319 913 534 962 Aristoteli,
566 915 621 952 sie
652 915 690 951 in
721 925 861 964 genere
891 913 1129 952 intellectum
1158 924 1317 963 possum
1349 925 1420 964 ego
1458 917 1496 951 in
1526 916 1655 964 specie
1685 914 1949 954 luculentissi—

157 974 230 1011 mis
262 973 498 1022 argumentis
526 983 573 1010 ex
602 973 700 1011 libro
731 973 854 1022 primo
876 973 1005 1023 petitis
1026 971 1184 1011 reddere
1208 973 1520 1012 munitissimum.
1583 973 1815 1024 Figuratum
1834 975 1948 1022 enim,

158 1042 258 1081 quae
289 1031 552 1070 harmonicum
582 1042 712 1069 arcum
743 1030 875 1070 circuli
904 1030 1138 1077 rescindunt,
1170 1029 1384 1070 differentia
1414 1031 1616 1081 specifica,
1661 1042 1739 1081 qua
1769 1036 1813 1071 ut
1840 1037 1950 1083 parte

159 1089 393 1128 definitionis
423 1083 636 1141 explicatur
666 1101 796 1128 earum
828 1090 1008 1138 essentia,
1040 1093 1099 1128 est
1129 1090 1214 1138 ista,
1247 1088 1352 1139 quod
1373 1094 1525 1140 oportet
1555 1089 1643 1128 illas
1673 1101 1758 1129 esse
1780 1089 1948 1130 scibiles.

155 1147 250 1187 Jam
281 1159 372 1187 vero
404 1159 502 1198 quae
533 1147 719 1187 scibilitas
751 1149 834 1187 sine
864 1150 1011 1197 mente,
1056 1148 1240 1186 scientiae
1271 1147 1445 1198 capace?
1503 1146 1640 1199 Neque
1672 1147 1833 1198 dixeris,
1865 1160 1945 1188 rem

158 1218 243 1246 esse
273 1218 409 1258 posse,
441 1212 484 1245 ut
513 1207 674 1245 scientia
705 1208 791 1256 ipsa
821 1207 878 1245 rei
907 1204 984 1244 non
1014 1206 1076 1244 sit.
1137 1206 1237 1244 Nam
1267 1207 1430 1251 scientia
1460 1207 1637 1246 consistit
1674 1207 1711 1244 in
1744 1218 1949 1258 compara-

157 1267 288 1317 tione,
327 1270 370 1304 ut
401 1277 487 1304 cum
517 1264 618 1304 latus
648 1265 794 1314 figurae
825 1269 884 1304 est
913 1264 1077 1315 aequale
1108 1263 1416 1314 semidiametr03
1452 1264 1535 1315 jam
1566 1265 1804 1315 aequalitas,
1847 1277 1948 1316 quae

157 1326 208 1363 sit
238 1325 322 1363 sine
351 1328 499 1372 mente,
540 1325 764 1373 praesertim
802 1324 840 1360 in
876 1324 944 1371 iis,
989 1333 1088 1372 quae
1133 1324 1219 1361 loco
1251 1322 1404 1362 seclusa
1433 1328 1544 1372 sunt,
1584 1323 1624 1362 id
1666 1323 1830 1374 intelligi
1871 1335 1950 1362 non

157 1387 285 1432 potest
315 1381 625 1432 revolvimur-que
654 1381 703 1420 ad
722 1386 1003 1432 *argumentum
1030 1381 1115 1430 jam
1146 1393 1262 1431 supra
1291 1393 1360 1431 pro
1392 1381 1602 1420 harmoniis
1634 1383 1750 1421 etiam
1781 1382 1951 1421 sensibi-

157 1442 259 1480 libus
290 1440 463 1479 allatum.
522 1440 657 1490 Neque
688 1444 837 1478 tantum
867 1439 1034 1488 scibiles,
1067 1438 1135 1477 sed
1164 1441 1279 1478 etiam
1311 1441 1428 1478 scitas
1449 1445 1601 1490 oportet
1622 1451 1718 1488 esse,
1750 1445 1794 1479 ut
1813 1440 1951 1479 arche-

158 1498 300 1550 typalis
331 1499 532 1538 harmonia
560 1498 689 1537 luccat
720 1503 809 1537 actu
852 1499 954 1536 intus
985 1499 1024 1535 in
1055 1498 1197 1539 animo.
1258 1497 1358 1537 Nam
1388 1497 1626 1548 possibilitas
1669 1497 1720 1537 ad
1751 1497 1950 1538 sciendum

159 1558 273 1597 nobis
315 1557 364 1596 ad
412 1558 604 1596 criterium
641 1556 928 1596 harmoniarum
958 1555 1157 1595 sensilium
1205 1567 1281 1595 non
1321 1556 1473 1595 suffieit.
1541 1556 1662 1606 CuJus
1704 1558 1821 1607 igitur
1860 1569 1951 1608 pars

160 1617 349 1656 essentiae
387 1621 446 1655 est
476 1617 577 1654 intus
617 1616 657 1652 in
686 1617 816 1654 animo
855 1615 1031 1664 adeoque
1070 1616 1112 1652 in
1142 1614 1225 1664 ejus
1257 1616 1480 1664 operatione
1521 1627 1588 1654 seu
1620 1617 1797 1666 energia,
1842 1615 1950 1654 illam

158 1677 282 1726 ipsam
313 1686 392 1714 rem
422 1677 524 1713 intus
557 1678 708 1724 oportet
737 1675 871 1722 statui,
903 1675 1087 1713 terminos
1115 1672 1264 1715 ,scilicet
1294 1672 1592 1722 harmoniarum,
1625 1674 1812 1713 circulum
1844 1673 1951 1724 ejus-

159 1745 233 1784 que
264 1737 423 1784 partem.
1806 1759 1808 1761 -

273 1791 457 1840 Quaeras,
490 1793 555 1841 qui
586 1792 709 1842 possit
741 1791 866 1829 inesse
899 1791 1062 1829 scientia
1091 1791 1165 1838 rei,
1198 1800 1314 1839 quam
1345 1801 1544 1840 nunquam
1575 1801 1683 1828 mens
1714 1788 1849 1838 didicit
1878 1799 1949 1828 nec

159 1850 322 1888 fortasse
357 1849 499 1888 discere
530 1855 675 1899 potest,
719 1850 752 1887 si
783 1860 899 1887 sensu
920 1858 1054 1886 'rerum
1087 1852 1331 1887 externarum
1371 1847 1630 1887 destituatur?
1691 1847 1753 1886 Ad
1785 1847 1859 1886 hoc
1887 1859 1952 1889 re—

164 1908 322 1959 spondit
352 1920 467 1958 supra
496 1907 676 1954 Proclus,
709 1907 837 1946 verbis
869 1909 906 1944 in
939 1919 1010 1944 sua
1039 1905 1290 1956 philosophia
1318 1907 1440 1955 tritis3
1481 1918 1552 1945 nos
1584 1906 1720 1955 hodie,
1756 1906 1796 1942 ni
1825 1903 1951 1953 fallor,

159 1966 351 2005 vocabulo
382 1967 584 2005 instinctus
616 1967 825 2004 rectissime
856 1971 1018 2003 utemur.
1080 1964 1202 2003 Menti
1233 1965 1376 2015 quippe
1397 1964 1588 2003 humanae
1620 1965 1834 2014 ceterisque
1865 1965 1952 2002 ani·
1992 1992 1994 1995 .

161 2026 233 2063 mis
266 2037 312 2063 ex
344 2025 526 2063 instinctu
565 2029 659 2062 nota
689 2028 748 2062 est
778 2025 996 2073 quantitas,
1030 2024 1182 2061 etiamsi
1221 2022 1272 2060 ad
1302 2023 1377 2061 hoc
1414 2024 1517 2061 omni
1547 2034 1663 2062 sensu
1702 2022 1952 2070 destituatur3

161 2082 229 2121 illa
260 2095 300 2122 se
331 2084 416 2134 ipsa
445 2082 588 2121 lineam
619 2086 776 2130 rectam,
809 2083 894 2132 ipsa
923 2080 1169 2120 intervallum
1201 2080 1365 2130 aequale
1396 2081 1445 2119 ab
1475 2092 1552 2119 uno
1582 2085 1726 2131 puncto
1757 2079 1950 2130 intelligit,

160 2142 247 2191 ipsa
277 2153 345 2191 per
374 2141 469 2180 haec
507 2141 581 2180 sibi
613 2140 795 2178 circulum
834 2141 1078 2189 imaginatur.
1140 2139 1182 2177 Si
1222 2139 1314 2183 hoc,
1355 2143 1486 2189 potest
1521 2139 1642 2178 multo
1673 2140 1797 2189 magis
1833 2140 1872 2176 in
1903 2149 1949 2177 eo

162 2199 527 2239 demonstrationem
567 2199 742 2238 invenire
782 2199 915 2247 itaque
955 2197 1059 2235 oculi
1099 2196 1265 2236 officium
1305 2197 1343 2233 in
1384 2197 1632 2248 adspiciendo
1674 2197 1951 2247 diagrammate

160 2256 207 2311 (si
239 2263 365 2297 tamen
403 2270 500 2309 opus
537 2268 583 2296 eo
614 2254 747 2308 habet)
786 2255 978 2306 supplere.
1040 2253 1193 2305 Quippe
1237 2266 1344 2293 mens
1379 2256 1484 2305 ipsa,
1526 2257 1559 2294 si
1599 2255 1742 2294 nullius
1783 2265 1951 2305 unquam
1990 2277 1994 2280 -

162 2317 263 2356 oculi
295 2328 450 2367 compos
479 2317 636 2364 fuisset,
667 2320 844 2366 posceret
874 2314 949 2352 sibi
978 2313 1030 2352 ad
1061 2312 1443 2363 comprehensionem
1477 2325 1603 2353 rerum
1633 2319 1741 2354 extra
1769 2325 1812 2352 se
1841 2314 1950 2365 posi—

162 2381 288 2414 tarum
319 2375 472 2414 oculum
501 2374 684 2425 legesque
715 2373 799 2422 ejus
830 2369 1017 2411 formandi
1059 2382 1106 2410 ex
1136 2382 1177 2410 se
1209 2373 1295 2421 ipsa
1329 2373 1471 2421 petitas
1508 2372 1787 2422 praescriberet
1811 2369 1950 2424 (siqui-

162 2434 249 2473 dem
279 2446 375 2484 pura
404 2439 442 2473 et
472 2445 569 2472 sana
599 2437 639 2472 et
668 2431 751 2470 sine
782 2430 1078 2482 impedimentis,
1110 2429 1184 2469 hoc
1215 2435 1273 2468 est
1303 2431 1335 2468 si
1367 2430 1405 2468 id
1436 2429 1561 2471 solum
1591 2435 1705 2479 esset,
1736 2428 1842 2480 quod
1863 2427 1950 2480 est),

161 2494 247 2543 ipsa
287 2494 386 2531 enim
428 2492 689 2542 quantitatum
727 2490 894 2539 agnitio,
939 2488 1146 2539 congenita
1177 2489 1318 2532 menti,
1360 2489 1485 2538 qualis
1517 2489 1652 2528 oculus
1693 2499 1778 2527 esse
1809 2487 1951 2527 debeat

165 2551 296 2599 dictat,
329 2556 365 2590 et
395 2550 482 2590 ideo
514 2549 603 2588 talis
636 2553 695 2587 est
725 2548 849 2587 factus
880 2547 1036 2596 oculus,
1068 2546 1161 2596 quia
1191 2545 1280 2584 talis
1310 2557 1418 2585 mens
1449 2551 1518 2596 est,
1550 2558 1627 2586 non
1657 2547 1841 2585 vicissim.
1901 2545 1951 2583 Et

161 2609 255 2659 quid
285 2608 444 2647 multis?
505 2606 729 2647 Geometria
769 2610 859 2645 ante
901 2617 1027 2644 rerum
1058 2609 1183 2643 ortum
1224 2605 1343 2642 menti
1374 2604 1528 2644 divinae
1572 2610 1799 2656 coaeterna,
1839 2603 1948 2642 Deus

160 2669 243 2718 ipse
275 2666 386 2717 (quid
417 2667 518 2705 enim
549 2668 587 2703 in
609 2665 707 2712 Deo,
739 2663 845 2713 quod
875 2675 952 2702 non
972 2665 1023 2702 sit
1041 2663 1124 2712 ipse
1145 2663 1251 2700 Deus
1267 2661 1306 2711 ‘?)
1338 2663 1515 2713 exempla
1537 2663 1621 2702 Deo
1644 2662 1799 2702 creandi
1819 2660 1951 2700 mundi

161 2725 423 2777 suppeditavit
454 2730 492 2764 et
522 2736 609 2763 cum
639 2723 806 2772 imagine
827 2722 902 2760 Dei
933 2721 1113 2760 transivit
1144 2721 1180 2757 in
1212 2720 1418 2770 hominem,
1452 2733 1527 2760 non
1550 2721 1702 2760 demum
1729 2732 1796 2772 per
1819 2719 1952 2759 oculos

163 2786 369 2823 introrsum
399 2788 456 2822 est
486 2787 651 2833 recepta.
662 2781 707 2831 ⁹⁶)

278 2843 375 2881 Cum
416 2842 532 2892 igitur
575 2837 925 2879 demonstrabilitas
968 2836 1251 2887 quantitatibus
1295 2837 1402 2885 insit,
1450 2847 1526 2875 non
1570 2841 1761 2886 quatenus
1806 2835 1951 2886 figurae

163 2900 417 2950 subjiciuntur
456 2899 595 2948 oculis,
637 2897 704 2937 sed
735 2901 926 2947 quatenus
971 2894 1108 2934 mentis
1141 2895 1264 2934 oculis
1294 2899 1445 2946 patent,
1486 2893 1526 2933 id
1556 2899 1615 2933 est
1652 2899 1843 2945 quatenus
1874 2904 1950 2931 non

267 3023 296 3055 4)
316 3024 424 3050 Eadem
442 3031 519 3057 pene
537 3023 661 3049 Procius
680 3022 768 3056 paulo
786 3022 856 3054 post
874 3021 968 3053 locum
987 3019 1069 3052 prius
1089 3019 1263 3046 adductum:
1289 3019 1431 3045 essentiis
1451 3018 1666 3044 mathematicis
1693 3017 1852 3043 assimilari
1871 3015 1948 3042 veri·
1976 3002 1994 3041 ὴ.

165 3060 255 3085 tatem
274 3060 354 3085 circa
373 3059 443 3086 deos
455 3079 463 3092 ‚
484 3061 515 3086 et
536 3058 669 3091 opificem
688 3058 781 3083 totius
801 3056 934 3082 universi
954 3062 1039 3081 usum
1057 3055 1230 3088 archetypis
1248 3053 1464 3080 mathematieIs
1485 3053 1542 3079 sibi
1561 3053 1727 3079 coaeternis
1745 3053 1775 3078 in
1795 3051 1952 3078 conforma·

166 3095 247 3120 tione
264 3094 373 3120 mundi.
1880 3094 1882 3096 V
