1994 3276
0 2435 16 2576 urg-vveww,
0 2352 9 2425 ‹w›
0 2317 3 2323 v
2 2283 14 2299 η,
0 2248 3 2262 ⁴2
0 2183 9 2223 vr.
0 2164 3 2169 =
0 2131 2 2146 ψ

762 108 872 146 noer
894 108 958 145 ιιι.
983 76 1101 164 capas
1123 106 1220 145 xvi.
1621 130 1624 134 ι
1802 105 1883 147 ιιι

97 222 334 270 monitum:
368 225 408 262 id
437 229 528 272 puto
556 214 763 262 Ptolemaeo
794 225 932 271 negotii
952 228 1095 261 tantum
1116 223 1327 271 reliquisse,
1362 226 1406 261 ut
1426 233 1494 270 pro
1515 221 1733 274 milone
1755 219 1886 266 capitis

97 275 284 324 penum
303 277 440 315 nudam
463 279 647 314 censuerit
666 276 951 323 relinquendum.
1552 315 1554 317 ,

212 339 310 377 Nota
329 339 390 378 Π.
439 341 597 378 Rursum
619 341 690 377 boc
711 341 836 378 turbat
858 341 1163 388 comparationem
1186 340 1397 388 perfectam,
1421 341 1520 388 qnod
1532 339 1607 385 Sol,
1630 340 1800 386 respectu
1821 336 1887 374 aa·

97 393 196 430 turni
217 397 364 429 neutum
385 393 578 429 terminum
602 394 715 440 ipsius
739 393 914 440 diapason
937 394 1116 438 obtinens,
1141 405 1214 430 non
1236 397 1357 431 tamen
1380 394 1537 431 habetur
1563 392 1673 429 etiam
1694 396 1763 437 pro
1784 389 1886 427 femi·

96 447 183 483 nino
198 445 367 492 planeta,
392 451 429 482 et
451 446 549 492 quod
573 446 773 483 Mercurius
796 447 991 492 promiscui
1018 455 1128 482 sexus
1152 446 1326 492 liabetur,
1361 457 1444 483 cum
1472 449 1595 483 tamen
1618 449 1691 482 non
1715 442 1888 480 sortiatur

96 506 226 535 sonum
239 495 405 544 gravem,
430 499 605 545 diapason
626 499 888 536 terminantem.

210 562 309 599 Rota
330 563 375 600 V.
423 562 517 600 Satis
541 563 655 601 multa
677 564 738 600 bic
753 567 838 602 sunt
861 567 1021 611 aggesta,
1038 573 1158 611 neque
1173 567 1294 600 tamen
1312 563 1577 610 astrologorum
1592 559 1738 599 traditio
1753 562 1812 596 est
1826 569 1886 596 ex·

68 655 74 659 ,
95 616 234 660 pressa.
269 615 426 652 Rursum
450 616 543 652 enim
567 615 627 652 liic
650 615 831 663 discrepat
853 618 935 663 hoc,
967 617 1066 663 qnod
1090 617 1234 663 Jupiter
1262 620 1300 653 et
1322 611 1544 660 Mercurius,
1573 615 1674 651 Mars
1704 616 1741 649 et
1763 611 1887 648 Venus

95 663 241 710 domos,
276 666 420 713 Jupiter
442 671 479 703 et
504 668 620 714 Mars,
650 670 777 710 ‚Venus
800 674 837 707 et
858 670 1062 707 Mercurius
1097 669 1337 706 exaltationes
1359 667 1497 705 babent
1532 666 1737 713 oppositas,
1769 670 1887 710 neque

93 722 215 753 tamen
238 717 282 755 iis
306 718 357 755 sic
380 719 593 756 combinatis
616 717 838 767 respondent
861 723 941 759 soni
966 723 1141 769 diapason
1164 722 1349 759 facientes.

165 791 169 796 κ
210 770 254 806 Ιιι
276 781 416 816 genere,
441 771 539 817 quod
562 771 687 808 domos
713 777 749 808 et
772 773 1011 811 exaltationes
1035 775 1175 814 attinet,
1216 774 1324 820 longe
1349 773 1420 810 alia
1444 784 1551 819 quam
1575 769 1795 814 harmonica,
1819 778 1887 804 nec

96 821 275 866 profunde
298 824 567 871 philosophica,
599 825 662 860 sed
694 825 783 862 levis
816 828 937 872 potius
968 832 1005 864 et
1035 827 1184 874 puerilis
1215 837 1324 864 causa
1347 826 1488 862 videtur
1517 833 1598 860 esse
1621 819 1886 859 distributionis

95 874 279 920 signorum
302 877 397 913 inter
418 877 594 923 planetas.
641 877 799 914 Primum
822 879 910 915 ordo
934 879 1161 926 planetarum
1184 879 1308 926 primis
1333 877 1542 915 auctoribus
1566 871 1625 912 bic
1649 879 1728 912 erat
1750 870 1791 911 iu
1812 873 1886 910 ani·

94 937 177 972 mo,
211 928 248 965 in
272 938 344 974 quo
367 934 452 975 post
472 929 628 966 Martem
650 929 773 966 Venus
797 931 980 977 sequitur,
1014 938 1099 979 post
1131 932 1226 969 hanc
1248 929 1451 968 Mercurius
1466 960 1475 977 ‚
1512 935 1589 966 tum
1613 927 1697 974 Sol,
1733 927 1887 973 deniqne

95 981 209 1017 Ianua.
255 982 337 1018 Jam
367 992 389 1018 a
412 982 609 1032 penultimo
635 982 720 1018 Sole
750 983 890 1021 initium
914 985 1083 1022 domuum
1113 985 1421 1022 attribuendamm
1455 986 1511 1019 est
1533 981 1668 1019 factum
1691 980 1887 1025 datumque

97 1033 141 1078 ei,
166 1038 208 1070 ut
231 1034 460 1081 calidissimo,
485 1036 626 1082 signum
642 1036 787 1079 Leonis,
811 1042 852 1072 ut
877 1037 1128 1074 calidissimam
1146 1036 1229 1073 anni
1253 1041 1392 1083 partem
1418 1035 1575 1079 signans,
1599 1033 1683 1070 Sole
1707 1044 1756 1069 sc.
1781 1033 1819 1069 in
1843 1042 1886 1067 eo

95 1089 274 1124 versante.
322 1088 411 1124 Cum
442 1091 561 1125 antem
595 1088 657 1125 Sol
688 1094 787 1126 esset
816 1088 1054 1134 penultimus,
1083 1090 1242 1126 Leonem
1266 1089 1375 1124 etiam
1406 1086 1597 1134 oportebat
1629 1095 1710 1123 esse
1744 1087 1885 1132 signum

95 1139 349 1185 penultimum,
382 1140 453 1176 boc
476 1146 532 1176 est
555 1151 648 1186 pene
677 1141 879 1186 proximum
903 1140 1100 1176 cervicibus
1132 1151 1198 1177 seu
1220 1140 1344 1176 vertici
1367 1145 1504 1177 nostro.
1551 1138 1678 1175 Lunae
1700 1137 1811 1186 igitur
1834 1139 1885 1175 in-

96 1191 202 1228 timae
225 1192 362 1229 Cancer
385 1192 591 1238 debebatur,
616 1194 758 1240 signum
782 1194 907 1229 vertici
931 1193 1144 1239 proximum.
1194 1188 1348 1229 Duobus
1371 1193 1484 1239 signis
1508 1192 1554 1229 de
1576 1202 1724 1228 numero
1749 1188 1883 1228 duode-

97 1245 196 1282 nario
220 1248 271 1290 (et
292 1245 372 1291 ipso
397 1246 604 1292 arbitrario,
638 1251 678 1283 ut
703 1246 844 1282 ostendi
867 1245 960 1283 libro
986 1247 1031 1283 de
1053 1244 1157 1282 Nova
1182 1246 1307 1291 Stella)
1329 1246 1367 1282 in
1392 1245 1484 1281 dnos
1507 1244 1673 1290 planetas
1697 1243 1743 1280 de
1767 1247 1885 1290 septe·

97 1298 199 1334 nario
223 1297 414 1343 absumtis,
447 1309 509 1334 eos
535 1299 696 1344 quidem,
736 1300 796 1344 qui
821 1299 993 1345 peculiari
1012 1300 1095 1344 jnre
1118 1299 1307 1336 luminaria
1337 1298 1425 1335 dicti
1452 1296 1626 1344 peculiari
1647 1297 1755 1333 etiam
1777 1295 1885 1332 modo

97 1349 239 1397 singula
261 1354 400 1387 tantum
424 1351 526 1396 signa
550 1352 736 1397 possidere
760 1357 845 1388 sunt
863 1352 976 1398 jussi:
1001 1352 1298 1399 relinquebantur
1320 1350 1467 1387 residua
1489 1349 1614 1387 decem
1637 1350 1751 1396 signa,
1774 1349 1812 1384 in
1830 1357 1886 1383 re-

96 1400 220 1440 siduos
250 1403 408 1449 quinque
442 1404 606 1450 planetas
638 1410 674 1440 et
702 1405 754 1453 sic
783 1405 868 1440 bina
899 1405 935 1440 in
964 1405 1126 1451 singulos
1161 1404 1416 1442 distribuenda.
1464 1403 1585 1449 Atque
1617 1403 1670 1438 sic
1692 1396 1884 1444 Mercurio,

97 1455 159 1500 qui
182 1456 345 1500 proxime
367 1456 603 1492 luminaribus
628 1456 860 1501 succedebat,
891 1457 1054 1502 proxima
1077 1457 1196 1503 signa,
1230 1457 1370 1493 Gemini
1395 1462 1432 1492 et
1454 1457 1582 1501 virgo,
1608 1451 1741 1492 Veneri
1764 1462 1885 1490 succe·

55 1548 67 1563 ›.
96 1506 195 1543 denti
218 1508 320 1553 signa
344 1508 584 1553 succedentia,
610 1509 751 1546 Taurus
777 1512 813 1546 et
834 1507 957 1554 Libra,
983 1505 1094 1546 Marti
1117 1506 1294 1555 superiori
1316 1504 1497 1554 contigua,
1524 1509 1629 1545 Aries
1646 1512 1683 1544 et
1699 1505 1883 1552 Scorpius,

94 1560 177 1596 Jovi
192 1571 286 1606 pene
301 1571 468 1607 supremo
492 1562 724 1606 praecedens,
747 1562 871 1598 Pisces
891 1568 928 1598 et
944 1572 1100 1607 sequens
1117 1562 1343 1607 Sagittarius,
1369 1562 1524 1599 Saturno
1544 1561 1719 1597 altissimo
1741 1557 1886 1595 residua

96 1613 199 1660 signa
223 1614 461 1659 Capricornus
497 1619 534 1649 et
571 1614 771 1660 Aquarius,
801 1615 917 1651 Solari
940 1615 1054 1651 Leoni
1087 1621 1125 1651 et
1145 1615 1280 1651 Lunari
1305 1615 1441 1651 cancro
1471 1613 1655 1660 opposita,
1685 1611 1886 1648 veniebant.

96 1666 348 1702 Exaltationes
384 1676 469 1701 vero
504 1666 660 1710 planetis
685 1667 862 1712 oppositis
887 1667 1093 1711 assignatae
1117 1667 1154 1702 in
1180 1665 1292 1712 signis
1315 1666 1512 1712 oppositis;
1549 1670 1705 1711 quatuor
1739 1662 1884 1710 quidem

94 1717 341 1763 superioribus
371 1718 408 1753 in
443 1720 598 1763 quatuor
630 1719 873 1754 cardinalibus
903 1719 1031 1763 signis,
1065 1718 1157 1762 Soli,
1191 1718 1252 1763 qui
1283 1719 1400 1763 aperit
1425 1729 1558 1755 annum
1581 1719 1618 1753 in
1642 1714 1786 1762 Ariete,
1822 1715 1886 1752 ubi

95 1769 228 1814 aperit;
260 1780 346 1815 ergo
377 1769 579 1805 contrariae
609 1769 792 1806 facultatis
822 1771 991 1816 planetae
1020 1770 1176 1806 Saturno
1208 1771 1244 1806 in
1278 1772 1381 1817 signo
1412 1771 1518 1807 etiam
1550 1770 1716 1816 opposito
1740 1765 1884 1814 Librae,

93 1820 177 1858 Jovi
199 1821 404 1858 succedenti
427 1822 464 1856 in
490 1822 645 1867 cancro,
671 1822 791 1858 altiori
815 1821 1069 1865 cardinalium,
1094 1823 1203 1860 Marti
1227 1821 1388 1859 inferiori
1411 1825 1448 1859 in
1474 1822 1710 1869 Capricorno,
1740 1822 1884 1858 residuo

95 1873 349 1917 cardinalium,
383 1873 515 1909 Veneri
537 1874 575 1909 in
601 1874 706 1910 domo
732 1876 832 1913 Jovis
857 1876 980 1921 amici,
1007 1874 1145 1911 scilicet
1168 1875 1206 1910 in
1228 1875 1405 1920 Piscibus,
1429 1876 1595 1922 proximo
1620 1873 1722 1919 signo
1747 1873 1884 1910 exalta-

78 1926 202 1973 ⁴tionis
225 1924 331 1970 Solis,
356 1926 440 1970 quia
465 1931 500 1961 et
523 1926 646 1963 Venus
669 1929 873 1974 propinqua
898 1929 992 1974 Soli,
1027 1928 1224 1973 Mercurio,
1258 1928 1425 1974 planetae
1448 1927 1639 1974 opposito,
1663 1927 1701 1962 in
1724 1926 1884 1972 Virgine,

95 1977 202 2013 domo
224 1978 386 2024 propria,
424 1979 524 2023 signo
549 1979 712 2016 Piscibus
737 1980 923 2027 opposito;
956 1980 1084 2016 Lunae
1108 1979 1262 2025 denique
1286 1980 1444 2017 solitarie
1466 1981 1505 2016 in
1529 1979 1666 2025 Tauro,
1701 1978 1805 2025 signo
1828 1988 1883 2014 se·
1955 2022 1957 2025 ι

96 2031 219 2075 quenti
242 2031 336 2067 Solis
361 2028 633 2075 exaliationem,
669 2033 774 2070 sicuti
797 2034 898 2078 prius
923 2034 1047 2069 eadem
1071 2033 1176 2068 Luna
1206 2031 1350 2067 domum
1376 2036 1454 2068 erat
1477 2036 1584 2068 nacta
1607 2029 1884 2083 praecedentem

95 2082 238 2118 domum
263 2081 367 2119 Soli's.
416 2084 516 2119 Haec
540 2084 577 2118 ni
600 2084 709 2120 fallor
732 2086 886 2129 genuina
911 2091 947 2121 et
970 2085 1117 2131 propria
1142 2095 1253 2121 causa
1275 2084 1346 2120 fuit
1369 2082 1651 2127 distributionis,
1682 2087 1723 2119 ut
1747 2082 1884 2118 frustra

95 2135 265 2186 sint‚>qni
289 2134 394 2170 aliam
418 2145 463 2170 ex
488 2136 606 2170 causis
630 2135 846 2174 harmonicis
872 2139 984 2174 velint
1008 2138 1182 2183 indagare
1205 2142 1269 2173 aut
1294 2148 1339 2173 ex
1363 2147 1578 2183 quacunque
1602 2137 1674 2172 alia
1697 2135 1883 2172 facultate.

209 2186 278 2222 Hic
301 2187 409 2222 finem
432 2187 559 2232 capitis
583 2198 679 2223 eram
705 2189 883 2234 facturus,
926 2202 1005 2226 cnm
1015 2195 1115 2226 ”ecce
1146 2190 1183 2225 in
1206 2189 1429 2226 Macrobium
1451 2190 1561 2227 incidi
1584 2190 1644 2226 lib.
1669 2190 1696 2225 I.
1722 2189 1759 2224 in
1784 2188 1884 2223 Som-

94 2238 192 2273 nium
217 2238 392 2283 Scipionis
415 2239 467 2274 sic
491 2239 724 2276 scribentem:
759 2242 831 2288 Qui
853 2254 938 2278 vero
961 2243 1137 2288 fulgorem
1159 2243 1267 2278 Jovis
1288 2243 1447 2278 humano
1468 2244 1592 2289 yenen‘
1607 2252 1827 2289 prosperum
1851 2243 1885 2275 et

53 2319 56 2322 .
95 2291 300 2334 salutarem,
326 2295 454 2326 contra
477 2291 615 2327 Martis
637 2294 794 2329 nitidum
810 2299 843 2330 et
866 2295 1062 2330 terr-amem
1088 2294 1208 2329 Ten-is
1231 2294 1383 2334 vocavit,
1408 2295 1561 2329 alterum
1584 2296 1740 2330 tractum
1764 2294 1816 2328 est
1839 2301 1885 2326 eze

95 2344 280 2379 stauarum
303 2343 421 2377 colore
445 2343 545 2384 (nam
567 2344 680 2390 fulyet
701 2345 819 2390 Jovis,
843 2347 974 2382 rutilat
997 2346 1162 2389 Martis),
1188 2347 1342 2381 alterum
1366 2356 1411 2380 ex
1433 2343 1634 2381 traditione
1658 2355 1797 2388 eorum,
1822 2344 1885 2389 qui

96 2394 140 2429 de
161 2395 219 2430 his
241 2394 425 2435 stellisad
446 2395 629 2430 hominum
653 2397 766 2433 vitam
789 2409 940 2433 manare
963 2398 1089 2433 volunt
1112 2398 1267 2433 adversa
1290 2397 1344 2432 vel
1367 2407 1560 2443 prospera.
1607 2396 1708 2432 Nam
1725 2397 1883 2443 plerum-

95 2456 162 2492 que
185 2447 230 2482 de
252 2447 391 2482 Martia
413 2447 517 2481 stella
540 2449 734 2493 temwia,
767 2450 811 2484 de
833 2449 940 2485 Jovis
968 2450 1152 2485 salutaria
1183 2449 1382 2493 diffiniunt.
1434 2449 1590 2484 Gau-sam
1621 2449 1654 2484 si
1682 2449 1763 2494 quis
1789 2448 1884 2492 forte

94 2499 207 2534 altius
235 2502 406 2544 quaerat,
438 2498 533 2533 unde
564 2499 698 2537 divinis
728 2502 994 2545 malevolentia,
1028 2506 1071 2537 ut
1099 2496 1203 2537 stella
1233 2500 1395 2544 malefica
1427 2511 1500 2536 esse
1529 2501 1690 2544 dicatur,
1723 2500 1817 2536 sicut
1839 2497 1884 2535 de

95 2548 234 2586 Martis
256 2555 291 2586 et
314 2550 468 2595 Saturni
489 2551 601 2586 stellis
625 2554 871 2596 existimatur,
904 2558 970 2589 aut
1000 2564 1065 2589 cur
1088 2554 1287 2589 notabilior
1316 2553 1519 2598 benignitas
1541 2550 1648 2587 Jovis
1672 2556 1706 2588 et
1735 2550 1883 2587 Veneris

92 2603 189 2654 inter
208 2602 449 2648 qenethliacos
471 2601 660 2646 habeatur,
685 2615 765 2639 cum
789 2605 837 2640 sit
860 2605 1066 2640 divinorum
1088 2616 1166 2639 una
1188 2609 1344 2640 natura:
1374 2605 1414 2639 in
1436 2604 1593 2639 medium
1611 2604 1801 2650 proferam
1822 2614 1881 2641 ra-

93 2654 228 2690 tionem
257 2654 356 2698 apud
385 2664 497 2688 unum
531 2655 696 2698 omnino,
726 2656 822 2700 quod
843 2658 973 2700 sciam,
1004 2658 1141 2692 lectam.
1188 2657 1290 2692 Nam
1313 2655 1543 2692 Ptolemaeus
1564 2657 1605 2691 in
1628 2656 1732 2692 libris
1754 2657 1881 2702 tribus,

8 2722 23 2746 ³,
92 2710 182 2750 quos
204 2704 248 2739 de
270 2705 463 2740 harmonia
479 2708 688 2750 composuit,
708 2706 883 2752 patefecit
899 2720 1057 2752 causam,
1083 2719 1191 2755 quam
1207 2708 1360 2744 breviter
1377 2708 1574 2752 explicabo.
1602 2707 1703 2744 Certe
1717 2714 1803 2745 aunt
1818 2714 1881 2746 etc.

93 2757 174 2802 Ego
196 2757 319 2801 itaque
343 2758 389 2792 ab
411 2757 481 2792 hoc
504 2757 678 2792 Macrobii
693 2759 845 2807 vestigio
871 2770 1032 2804 exorsus,
1058 2765 1200 2796 textum
1215 2759 1415 2795 Ptolemaei
1439 2759 1614 2803 integravi
1639 2771 1731 2805 pene
1753 2761 1880 2797 iisdem

93 2809 227 2849 verbis,
261 2809 389 2853 quibus
413 2810 622 2845 Macrobius
647 2815 703 2846 est
727 2821 834 2856 usus,
868 2812 938 2847 nisi
962 2813 1058 2856 quod
1081 2814 1217 2858 passim
1241 2811 1396 2857 paucula
1422 2811 1640 2856 interspersi.
1687 2813 1770 2849 Non
1793 2824 1880 2850 sane

93 2859 240 2896 fuissem
264 2871 385 2905 ausus,
408 2860 567 2896 tribuere
591 2861 661 2896 hoc
683 2860 912 2906 Ptolemaeo,
949 2864 1047 2908 quod
1071 2865 1101 2900 is
1126 2863 1401 2909 Pythagoricam
1426 2863 1629 2907 opinionem
1654 2865 1699 2900 de
1722 2867 1881 2903 numeris

98 2914 127 2953 1,
152 2912 185 2955 2,
210 2913 243 2954 4,
258 2913 282 2948 8
306 2917 343 2947 et
370 2915 398 2956 1,
423 2913 458 2956 3,
482 2913 514 2956 9,
529 2913 573 2948 27
598 2913 785 2958 amplexus
808 2913 917 2949 fuerit
941 2916 1056 2960 aliter,
1083 2917 1150 2952 nisi
1175 2922 1354 2961 quatenus
1378 2925 1424 2950 ex
1448 2924 1569 2949 eorum
1594 2916 1774 2961 aliquibus
1798 2919 1880 2954 har-

74 2963 252 2998 ‘monicae
276 2964 526 3008 proportiones
551 2963 779 3000 definiuntur.

206 3015 254 3050 At
278 3016 362 3060 quia
384 3015 589 3051 Macrobius
614 3016 683 3051 hoc
706 3016 849 3052 disertis
866 3019 984 3055 verbis
1010 3020 1106 3064 dicit,
1134 3031 1172 3056 se
1190 3020 1287 3065 quod
1311 3020 1446 3056 scribat
1462 3031 1508 3055 ex
1531 3021 1633 3057 libris
1657 3021 1771 3059 tribus
1788 3024 1877 3059 Har-

94 3067 312 3103 monicorum
335 3067 533 3103 Ptolemaei
556 3067 775 3113 exscribere,
811 3068 918 3105 fidem
947 3071 1055 3116 igitur
1078 3072 1253 3108 Macrobii
1283 3073 1386 3108 testis
1411 3073 1631 3118 sequendam
1655 3076 1790 3111 censui.
1840 3077 1878 3113 Si
