1988 3276
124 121 178 160 94
709 117 766 155 De
778 117 1004 164 Figuram
1025 117 1319 156 Harmonicarum

121 232 286 278 gulorum
308 234 503 280 primorum
527 234 716 272 distinctae
741 239 838 272 sunt.
885 235 1023 271 Harum
1045 235 1162 281 prima
1185 239 1252 281 est,
1276 235 1315 271 in
1338 244 1411 279 qua
1433 237 1519 273 sunt
1539 227 1678 280 figurae
1703 232 1915 279 (vel-quasi)
1982 233 1988 243 ⁴

121 285 278 322 num'eris
301 285 455 322 laterum
478 286 594 323 hisce:
619 287 652 334 2,
678 287 712 333 4,
738 288 772 334 8,
797 287 852 331 16,
878 288 922 324 32
946 292 983 324 et
1004 287 1182 334 infinitae3
1208 287 1366 324 secunda
1388 287 1501 324 habet
1523 288 1556 333 3,
1582 287 1614 332 6,
1638 287 1695 333 12,
1721 287 1777 333 24,
1794 287 1858 334 48,
1869 287 1915 324 96

123 342 159 374 et
181 337 355 384 infinitas;
380 337 487 375 tertia
510 338 620 375 habet
642 336 674 386 5,
703 341 756 386 10,
781 340 837 387 20,
863 341 918 388 40,
942 341 1000 388 80,
1027 342 1094 378 160
1118 345 1155 377 et
1179 340 1347 377 infinitas.
1396 338 1500 375 Aliae
1524 338 1696 375 infinitae.

239 398 404 438 XXXI.
436 399 750 452 Propositio.
811 401 967 441 Classes
1009 400 1218 452 figurarum
1257 399 1431 451 singulas
1471 399 1613 451 singuli
1654 399 1802 439 faciunt
1841 409 1916 437 nu·

122 458 229 507 meri,
261 457 426 497 laterum
459 459 622 498 duorum
651 462 863 510 primorum
893 458 1070 513 (excepto
1101 457 1266 512 binario)
1298 459 1446 498 minimi
1475 457 1724 508 mlsstipliceS.

237 512 408 558 Sequitur
430 514 500 551 hoc
523 525 569 550 ex
594 515 802 552 definitione
824 516 887 552 ΧΙ.
913 515 1035 560 hujus.
1082 515 1175 552 Nam
1199 515 1230 551 si
1254 515 1371 561 figura
1394 513 1479 550 talis
1503 513 1550 549 ad
1574 511 1917 550 demonstrationem

122 566 178 602 sui
201 566 324 602 lateris
348 577 420 603 non
455 567 570 603 utitur
605 579 754 605 numero
779 579 926 605 suorum
950 567 1178 613 angulorum:
1214 571 1270 603 est
1293 567 1404 613 igitur
1428 565 1570 605 diversa
1594 564 1671 610 ejus
1696 564 1917 601 demonstra·
1984 567 1988 611 g

121 618 228 654 tionis
252 617 368 655 forma
392 630 413 654 a
437 620 681 666 superioribus
706 621 882 665 omnibus,
910 631 1021 666 quare
1047 621 1153 656 etiam
1179 621 1320 658 diversa
1345 618 1485 654 classis.
1523 617 1712 663 Exceptus
1736 627 1822 653 vero
1849 615 1919 652 fuit
1983 622 1988 666 ’ἒ

121 671 280 707 binarius
305 683 327 707 a
351 672 477 716 genesi
501 683 614 709 novae
639 673 775 720 classis,
801 675 838 710 in
861 674 1016 720 primum
1040 673 1197 718 aliquem
1220 671 1499 718 multiplicatus:
1525 670 1608 716 quia
1623 670 1773 707 bisectio
1798 669 1919 714 anguli
1983 668 1988 695 ἒ

122 733 204 760 cum
236 723 283 759 sit
312 725 544 770 geometrica,
581 726 661 771 ipsa
693 730 764 773 est,
792 737 884 772 quae
909 726 1045 763 classes
1071 726 1231 772 singulas
1257 736 1302 761 ex
1326 735 1441 771 aequo
1466 725 1503 759 in
1526 723 1705 759 infinitum
1729 725 1918 768 prorogat3
1984 726 1988 774 ξ

122 775 220 821 quod
242 776 313 811 nisi
337 780 447 822 esset,
480 777 616 813 classes
640 778 761 815 nullae
786 783 928 824 essent,
967 779 1031 815 sed
1056 778 1257 824 singulares
1282 783 1420 815 tantum
1444 777 1593 823 figurae.
1641 776 1780 812 Harum
1803 775 1920 820 prima
1985 778 1988 787 ³

122 829 179 863 est
205 828 258 873 15,
284 829 341 873 30,
367 829 421 874 60,
449 829 527 874 120,
552 830 630 874 240,
655 831 725 867 480
749 836 817 868 etc.
841 832 1088 878 multiplicatis
1114 833 1134 868 3
1158 833 1195 868 in
1221 834 1251 868 5.
1301 832 1467 869 Secunda
1491 832 1556 876 21,
1580 831 1637 876 42,
1661 830 1708 866 84
1731 833 1799 864 etc.
1825 826 1918 863 mul·
1986 822 1988 851 i

122 878 293 925 tiplicatis
316 880 338 917 3
362 882 400 916 in
425 883 457 917 7.
506 881 713 928 Sequuntur
735 884 909 928 infinitae,
933 889 975 920 ut
999 895 1080 920 cum
1105 884 1126 920 5
1150 885 1186 920 in
1212 886 1234 920 7
1259 884 1422 927 ducitur3
1447 884 1532 919 hinc
1557 883 1613 928 35,
1638 883 1694 927 70,
1722 881 1788 918 140
1813 885 1881 917 etc.
1986 888 1988 890 “

238 940 424 981 XXXII.
455 942 778 993 Propositio.
838 946 917 986 Sed
948 952 987 987 et
1017 947 1197 998 quadrati
1227 948 1439 998 primorum
1469 954 1725 991 numerorum,
1758 942 1920 992 excepto
1987 948 1988 958 ³

122 1000 263 1039 binarii
294 1000 483 1051 quadrato
514 1006 552 1040 et
583 1002 675 1041 facti
706 1014 730 1041 a
759 1005 960 1054 quadratis
991 1010 1029 1044 et
1061 1006 1137 1044 alio
1167 1008 1291 1056 primo
1323 1006 1488 1056 primive
1519 1001 1734 1053 quadrato,
1776 999 1920 1039 classes

124 1060 289 1110 gignunt
319 1059 493 1109 singulas
525 1064 564 1099 et
594 1060 796 1101 distinctas
827 1076 852 1102 a
880 1064 1086 1114 prioribus.

240 1125 345 1170 Quod
369 1125 565 1170 quadratus
589 1127 727 1163 numeri
751 1129 855 1174 primi
879 1140 953 1166 non
977 1129 1127 1166 eandem
1152 1139 1233 1167 cum
1257 1128 1372 1174 primo
1398 1128 1551 1164 classem
1575 1125 1681 1170 facit,
1721 1133 1831 1159 causa
1855 1126 1921 1169 est,

123 1178 208 1224 quia
231 1189 312 1214 cum
335 1180 471 1224 p‘rimus
501 1179 580 1224 ipse
603 1188 732 1216 novam
755 1181 952 1226 figurarum
988 1182 1143 1219 classem
1167 1181 1294 1227 faciat,
1327 1179 1559 1217 dividentium
1592 1176 1764 1214 circulum
1793 1180 1920 1220 totum,

123 1242 188 1278 per
212 1232 323 1267 XXX.
348 1232 478 1276 huJus,
511 1232 588 1276 jam
611 1233 706 1269 idem
729 1234 866 1279 primus
892 1246 965 1271 non
988 1239 1122 1282 totum,
1159 1234 1224 1270 sed
1249 1237 1391 1279 partem
1416 1231 1540 1268 circuli
1566 1228 1740 1274 dividens,
1776 1226 1920 1264 omnino

124 1283 230 1320 aliam
254 1283 362 1319 faciet
386 1284 744 1332 demonstrationem,
780 1287 957 1333 siquidem
980 1287 1044 1324 illa
1067 1287 1250 1334 possibilis
1275 1286 1401 1323 fuerit:
1436 1296 1517 1322 cum
1541 1293 1626 1329 pars
1650 1280 1776 1318 circuli
1799 1291 1821 1316 a
1843 1284 1920 1316 toto
1969 1319 1976 1324 ¹

123 1336 276 1372 multum
301 1336 443 1372 differat
467 1348 577 1374 causa
602 1339 735 1384 speciei
758 1340 1056 1385 figurationisque
1081 1339 1289 1384 absolutae,
1314 1339 1351 1374 in
1377 1349 1448 1385 qua
1464 1337 1680 1384 figuratione
1696 1344 1793 1372 nunc
1817 1344 1921 1371 occu-

123 1400 261 1436 pamur,
287 1391 420 1436 quippe
446 1401 538 1436 quae
563 1390 907 1429 demonstrationem
930 1393 1072 1429 format.
1986 1415 1988 1418 ⁴

239 1443 341 1486 Quod
365 1446 485 1478 autem
508 1443 636 1480 binarii
659 1445 856 1490 quadratus
882 1447 1071 1493 excipitur,
1097 1456 1207 1483 causa
1231 1451 1298 1491 est,
1325 1446 1410 1491 quia
1435 1445 1560 1490 figura,
1586 1442 1642 1478 bis
1667 1441 1758 1477 duos
1782 1439 1920 1475 habens
1986 1473 1988 1476 .

123 1497 282 1543 angulos,
307 1495 376 1531 hoc
401 1500 456 1531 est
480 1499 700 1544 tetragonus,
726 1499 822 1535 cadit
843 1500 881 1536 in
905 1499 1058 1537 classem
1082 1501 1250 1546 primam',
1275 1498 1535 1543 multiplicatus
1560 1506 1645 1531 vero
1670 1490 1921 1540 quaternarius
1986 1508 1988 1511 v

123 1550 162 1585 in
183 1548 336 1594 primum
352 1548 449 1584 cadit
472 1549 509 1584 in
532 1551 638 1595 primi
654 1551 817 1598 classem,
843 1553 928 1598 quia
945 1557 1099 1598 quatuor
1124 1557 1208 1588 sunt
1231 1552 1287 1588 bis
1313 1551 1401 1587 duo:
1429 1549 1544 1586 omnis
1559 1558 1644 1585 vero
1668 1547 1786 1592 figura
1810 1542 1920 1588 duplo

124 1602 276 1638 laterum
300 1611 449 1637 numero
473 1602 600 1639 eodem
623 1604 790 1651 refertur,
817 1617 886 1651 quo
911 1605 1028 1651 figura
1053 1604 1183 1651 simplo
1208 1605 1363 1640 laterum
1388 1611 1548 1638 numero.

239 1654 376 1690 Harum
398 1655 512 1700 prima
537 1661 609 1702 est,
640 1657 678 1692 in
703 1668 774 1703 qua
797 1658 935 1703 figurae
961 1659 999 1704 9,
1036 1659 1100 1703 18,
1132 1658 1190 1701 36,
1217 1657 1277 1702 72,
1307 1656 1389 1699 144,
1421 1654 1491 1691 288
1514 1654 1667 1690 laterum
1691 1655 1728 1688 et
1749 1649 1921 1687 infinitae.

128 1707 304 1752 Secunda,
329 1707 366 1743 in
390 1718 463 1752 qua
487 1708 545 1754 25,
568 1709 624 1755 50,
650 1711 728 1755 100,
755 1710 833 1755 200,
857 1711 927 1747 400
951 1715 987 1746 et
1011 1710 1182 1747 infinitae.
1223 1709 1356 1754 Tertia,
1381 1710 1418 1744 in
1444 1717 1516 1753 qua
1539 1707 1595 1752 49,
1621 1707 1666 1742 98
1690 1711 1728 1743 et
1748 1703 1920 1742 infinitae.
1986 1747 1988 1749 ι

240 1760 407 1796 Infinitae
431 1761 681 1798 aliaeclasses
705 1774 727 1798 a
751 1763 957 1808 quadratis:
994 1764 1046 1799 sic
1071 1763 1125 1808 27,
1151 1765 1209 1808 54,
1235 1763 1312 1807 108,
1337 1763 1424 1806 216,
1451 1761 1521 1798 432
1545 1764 1582 1796 et
1615 1759 1797 1805 infinitae,
1832 1769 1878 1794 ex
1901 1758 1922 1793 3

126 1818 163 1850 et
186 1814 219 1850 9.
268 1813 326 1849 Sic
350 1814 406 1860 75,
434 1815 509 1857 150,
535 1815 604 1852 300
628 1820 665 1851 et
685 1815 859 1861 infinitae,
885 1827 931 1851 ex
955 1817 976 1852 3
1003 1821 1039 1852 et
1062 1817 1119 1853 25.
1170 1816 1228 1852 Sic
1256 1814 1331 1857 147,
1349 1814 1418 1850 294
1442 1817 1478 1849 et
1502 1812 1677 1851 infinitae,
1703 1822 1749 1847 ex
1774 1814 1794 1849 3
1812 1817 1849 1848 et
1864 1812 1921 1849 49.
1974 1825 1981 1843 ε

126 1865 186 1901 Sic
208 1866 265 1910 45,
292 1867 347 1912 90,
375 1867 452 1911 180,
477 1867 547 1904 360
572 1872 608 1903 et
630 1868 808 1915 infinitae,
841 1879 886 1903 ex
910 1870 931 1905 5
957 1873 994 1904 et
1019 1870 1050 1905 9.
1101 1868 1160 1903 Sic
1183 1869 1264 1912 125,
1289 1867 1369 1911 250,
1394 1866 1474 1910 500,
1498 1864 1590 1912 1000
1615 1867 1651 1899 et
1672 1863 1850 1911 infinitae,
1877 1873 1922 1900 ex
1976 1907 1977 1910 Ἰ

126 1918 147 1953 5
172 1922 208 1953 et
231 1918 286 1954 25.
336 1918 395 1954 Sic
418 1919 526 1955 etiam
549 1920 627 1965 225,
652 1922 731 1967 450,
757 1922 825 1959 900
848 1927 884 1957 et
906 1921 1067 1957 infinitae
1088 1932 1132 1956 ex
1158 1922 1179 1957 9
1204 1925 1240 1956 et
1265 1920 1320 1966 25,
1347 1918 1486 1955 duobus
1511 1915 1708 1963 quadratis.

125 1968 406 2068 mumPIlriigiarssiitqae
431 1971 523 2007 aliae
547 1971 682 2010 classes
707 1984 752 2009 ex
775 1974 899 2019 primis
922 1974 960 2009 in
984 1974 1187 2027 >quadratos
1217 1977 1281 2009 aut
1312 1983 1356 2008 ex
1386 1971 1584 2016 primorum
1609 1967 1795 2013 quadratis
1819 1967 1857 2003 in
1881 1976 1921 2003 se

241 2084 449 2126 XXXIII.
479 2087 786 2138 Propositio.
835 2087 877 2127 Si
907 2100 932 2126 a
961 2087 1080 2139 duplo
1110 2087 1259 2127 numeri
1290 2084 1520 2137 angulorum
1540 2082 1688 2132 figurae
1718 2080 1923 2139 abstuleris
1976 2068 1979 2069 ⁷

129 2148 306 2195 quatuor,
339 2145 524 2184 formabis
553 2151 837 2186 numeratorem
854 2147 1024 2196 partium
1055 2145 1188 2196 anguli
1218 2146 1325 2194 recti,
1358 2154 1455 2194 quas
1486 2141 1594 2180 valet
1624 2139 1791 2191 angulus
1821 2139 1923 2190 figu-

130 2213 215 2252 rae,
251 2202 518 2244 denominator
546 2216 638 2250 vero
669 2207 839 2255 partium
870 2210 928 2244 est
959 2206 1041 2255 ipse
1072 2215 1254 2243 numerus
1286 2202 1528 2253 angulorum.

241 2269 291 2305 Ut
313 2269 350 2304 in
375 2269 516 2316 trigono
534 2270 589 2306 bis
606 2270 676 2305 tria
694 2275 779 2306 sunt
803 2282 878 2316 sex,
904 2271 1006 2307 aufer
1030 2271 1062 2316 4,
1088 2274 1225 2306 restant
1241 2270 1274 2306 2.
1299 2270 1398 2314 Ergo
1423 2265 1576 2313 angulus
1601 2264 1800 2311 trigonicus
1826 2264 1922 2300 valet

128 2322 217 2359 duas
241 2322 365 2358 tertias
390 2323 493 2361 recti.
527 2323 586 2359 Sic
608 2324 645 2359 in
668 2323 853 2369 icosigono
877 2324 932 2360 bis
957 2324 1002 2360 20
1027 2329 1110 2360 sunt
1133 2324 1188 2369 40,
1218 2322 1319 2358 aufer
1342 2323 1374 2367 4,
1401 2331 1486 2366 ergo
1511 2318 1664 2365 angulus
1682 2316 1922 2363 icosigonicus

128 2375 223 2411 valet
247 2377 290 2411 36
315 2375 501 2412 vicesimas
527 2376 582 2411 vel
606 2376 627 2412 9
653 2375 797 2420 quintas
822 2377 927 2412 unius
952 2377 1050 2413 recti.
1098 2377 1191 2412 Nam
1222 2375 1398 2420 quusque
1431 2373 1567 2417 figurae
1599 2369 1722 2415 anguli
1752 2367 1918 2405 distribu-

128 2432 237 2464 untur
260 2428 297 2462 in
321 2427 470 2463 totidem
494 2427 683 2473 triangula,
722 2432 810 2472 quot
834 2428 943 2464 habet
967 2429 1258 2481 latera-duobus
1283 2427 1411 2462 minus.
1459 2425 1510 2460 At
1533 2423 1728 2468 cujuslibet
1752 2419 1922 2465 trianguli

129 2478 250 2524 anguli
272 2479 392 2515 valent
416 2480 505 2516 duos
530 2486 666 2516 rectos:
701 2491 786 2525 ergo
817 2481 1008 2526 cujuslibet
1038 2481 1175 2527 figurae
1210 2480 1334 2526 anguli
1365 2478 1484 2514 valent
1508 2475 1619 2522 duplo
1642 2474 1766 2520 plures
1791 2478 1920 2518 rectos,

129 2542 236 2578 quam
258 2531 376 2577 figura
398 2533 509 2569 habet
534 2533 694 2578 angulos,
721 2538 876 2578 quatuor
897 2535 1026 2571 minus.
1066 2533 1135 2569 Hic
1157 2544 1240 2569 vero
1265 2542 1434 2568 numerus
1450 2535 1630 2566 rectorum
1655 2525 1922 2564 distribuendus

129 2589 186 2621 est
208 2585 246 2620 in
269 2595 455 2621 numerum
479 2586 691 2631 angulorum
703 2586 848 2630 figurae,
875 2596 959 2632 ergo
976 2586 1035 2621 hic
1051 2585 1267 2630 denominat,
1292 2585 1353 2621 ille
1368 2587 1534 2620 numerat
1557 2585 1679 2629 partes
1697 2581 1802 2616 unius
1819 2578 1921 2615 recti.

244 2645 449 2687 XXXIV.
479 2646 787 2697 Propositio.
842 2647 1016 2686 Circulus
1037 2648 1273 2698 geometrica
1304 2647 1562 2697 descriptione
1592 2646 1632 2682 in
1662 2642 1738 2681 duo
1770 2646 1923 2680 secatur

132 2704 335 2755 aequalia;
374 2709 413 2744 et
441 2704 546 2744 linea
574 2706 754 2744 bisecans
785 2704 894 2744 illum
923 2707 1041 2745 scitur
1071 2707 1235 2745 scientia
1263 2707 1377 2756 primi
1407 2704 1572 2756 gradus,
1611 2705 1670 2741 est
1702 2701 1804 2740 enim
1835 2699 1922 2739 dia-

132 2768 253 2802 meter
282 2765 381 2813 ipsa.

246 2829 467 2875 Principium
491 2829 584 2865 enim
608 2828 833 2875 figurationis
857 2829 895 2865 in
918 2830 1052 2866 circulo
1079 2834 1150 2875 est,
1184 2830 1315 2866 ducere
1339 2833 1475 2866 rectam
1498 2826 1629 2862 lineam
1661 2834 1727 2870 per
1749 2827 1922 2870 punctum

132 2880 344 2925 imperatum
368 2893 556 2928 quousque
581 2888 636 2919 est
661 2893 763 2928 opus.
788 2882 901 2918 Recta
925 2882 1089 2918 bisecans
1115 2881 1286 2918 circulum
1310 2888 1366 2919 est
1387 2882 1569 2924 diameter,
1594 2889 1644 2914 sc.
1671 2887 1737 2923 per
1761 2881 1923 2913 centrum

136 2934 258 2979 ducta,
285 2936 370 2980 quia
392 2937 548 2981 partium
573 2935 697 2972 circuli
720 2935 813 2971 inter
839 2945 878 2970 se
902 2935 1108 2979 aequalium
1136 2939 1191 2971 est
1214 2936 1369 2971 maxima
1393 2930 1652 2976 semicirculus,
1683 2929 1779 2966 linea
1801 2929 1920 2974 igitur,

134 2996 260 3022 secans
283 2988 320 3023 in
345 2988 435 3025 duos
460 2989 724 3033 semicirculos,
758 2992 814 3024 est
838 2993 874 3022 et
908 2988 987 3033 ipsa
1010 2987 1221 3034 longissima
1245 2993 1281 3024 et
1316 2988 1509 3030 diameter,
1533 2994 1599 3029 per
1629 2983 1692 3018 III.
1718 2983 1773 3017 15.
1798 2987 1835 3017 et
1858 2991 1922 3027 per

135 3038 388 3077 definitionem.
436 3042 549 3078 Porro
575 3043 746 3079 diameter
769 3046 826 3077 est
848 3040 912 3076 illa
934 3041 1014 3086 ipsa
1038 3040 1201 3087 effabilis,
1227 3041 1413 3086 proposita
1435 3049 1500 3084 pro
1524 3046 1695 3073 mensura
1710 3039 1921 3078 ceterarum,

134 3090 214 3137 ipsa
236 3092 304 3129 sibi
328 3094 488 3139 aequalis
513 3094 640 3140 suique
663 3103 831 3130 mensura
853 3092 1023 3140 perfecta,
1050 3094 1264 3139 principium
1289 3093 1458 3130 scientiae
1482 3089 1730 3137 geometricae.
