1994 3276
111 100 194 145 232
663 91 719 128 De
746 90 1093 137 Configurationibus
1116 93 1351 132 Harmonicis.

111 226 194 261 tum
226 217 358 258 turbat
386 214 639 264 municipium
670 224 784 251 suum
821 212 974 263 sibique
1004 216 1140 252 auctor
1180 218 1239 253 est
1268 215 1758 268 miseriaedeplorandae.
1818 219 1908 258 Pri-

110 291 216 319 mum
244 278 379 326 itaque
409 273 572 312 accessit
601 271 824 322 aspectibus
854 271 1096 322 planetarum
1126 273 1351 322 imaginatio
1390 273 1571 315 diuturna
1601 278 1733 316 matris
1764 290 1908 329 praeg-

111 337 253 385 nantis,
285 334 346 374 cui
378 342 524 379 socrus,
557 331 649 370 avia
678 341 776 377 mea,
807 329 1023 368 medicinae
1054 330 1253 380 popularis
1283 343 1307 370 a
1325 336 1439 382 patre
1461 335 1576 373 etiam
1600 337 1791 375 exercitae
1822 341 1907 375 stu-

113 397 245 444 diosa,
287 395 369 432 erat
400 389 664 438 admirationi3
703 389 867 427 accessit
905 387 1094 436 secundo,
1127 389 1231 439 quod
1274 392 1333 428 vir
1374 396 1488 431 natus
1517 405 1604 432 sum
1643 405 1722 433 non
1751 394 1907 444 femina,

113 453 219 506 quod
249 461 366 502 sexus
397 449 600 505 discrimen
630 447 771 485 frustra
802 452 992 496 quaerunt
1022 446 1207 497 astrologi
1239 449 1279 486 in
1301 448 1432 500 coelo;
1462 453 1575 490 tertio
1607 453 1777 503 corporis
1807 458 1908 492 tem-

110 517 332 565 peraturam
363 520 386 546 a
415 511 537 545 matre
567 505 701 554 traho,
745 504 883 543 studiis
914 506 1039 555 magis
1069 510 1222 556 aptam,
1266 518 1383 557 quam
1424 508 1511 548 aliis
1543 511 1646 551 vitae
1677 512 1906 562 generibus3

112 575 250 623 quarto
281 579 343 607 res
375 570 457 606 erat
485 564 710 615 parentibus
740 574 818 602 non
849 563 997 613 ampla,
1034 563 1151 614 gleba
1191 575 1243 603 sc.
1275 566 1427 612 aberat,
1471 569 1531 606 cui
1573 569 1803 609 adnascerer
1834 570 1907 609 ad-

110 631 473 676 haeresceremque3
518 625 652 673 quinto
683 621 844 661 aderant
874 621 1049 671 scholae,
1093 622 1256 667 ,aderant
1293 624 1469 675 exempla
1505 626 1751 667 liberalitatis
1780 630 1908 679 magi-

111 692 304 728 stratuum
335 686 373 722 in
403 693 544 734 pueros
575 680 714 720 studiis
744 683 869 730 aptos.

226 745 303 783 Hic
331 744 533 789 intersere,
571 751 722 778 rursum
753 750 799 778 ex
830 739 987 788 genesi,
1033 738 1274 789 planetarum
1305 739 1528 781 discrimina
1568 744 1606 781 in
1640 743 1906 793 qualitatibus.

111 806 214 845 Nam
254 803 288 842 si
326 802 458 840 anima
497 798 565 837 lux
606 797 797 848 quaedam
841 801 921 844 est,
964 795 1154 836 discernet
1194 799 1312 836 etiam
1342 798 1482 839 Martis
1520 801 1699 841 ruborem
1738 815 1762 841 a
1791 802 1908 842 Jovis

112 862 280 903 candore
311 859 547 907 Saturnique
578 856 721 905 livore3
753 857 885 905 itaque
915 854 1115 894 fatendum
1145 860 1221 905 est,
1259 869 1444 907 magnum
1474 860 1661 899 auxilium
1692 873 1740 900 ex
1769 860 1907 910 Marte,

111 933 190 961 non
214 923 367 959 tantum
396 922 441 956 ut
468 917 575 966 prius
606 914 656 954 ad
687 914 932 960 industriam,
974 913 1042 952 sed
1074 915 1189 952 etiam
1228 915 1276 954 ad
1309 917 1560 956 acrimoniam
1589 920 1761 969 ingenii,
1806 931 1906 970 quae

111 980 289 1021 consistit
318 978 356 1014 in
387 977 427 1014 vi
457 976 586 1024 ignea,
617 972 832 1023 videasque
862 973 1091 1023 praecipuos
1123 972 1393 1024 philosophiae
1414 975 1604 1015 naturalis
1635 982 1674 1016 et
1693 978 1916 1017 medicinae.

111 1040 258 1090 peritos
289 1036 361 1074 sub
394 1038 574 1084 aspectus
605 1031 767 1070 idoneos
796 1030 933 1068 Martis
964 1041 1051 1069 cum
1083 1030 1174 1070 Sole
1205 1031 1477 1083 Mercurioque
1507 1037 1637 1085 nasci3
1672 1037 1764 1087 quia
1793 1038 1908 1075 nimi-

110 1109 196 1136 rum
225 1095 352 1145 maJus
383 1093 588 1143 requiritur
617 1101 790 1137 acumen,
822 1089 947 1138 major
976 1088 1134 1128 solertia
1154 1089 1205 1128 ad
1226 1091 1395 1130 eruenda
1424 1097 1585 1133 naturae
1606 1105 1760 1143 arcana,
1792 1107 1909 1145 quam

112 1155 163 1195 ad
198 1154 350 1203 reliqua
390 1152 496 1189 vitae
535 1150 695 1199 negotia
734 1147 941 1197 studiaque
978 1148 1025 1186 iis
1058 1147 1328 1191 deservientia.
1390 1150 1552 1202 Largiar
1582 1154 1700 1191 etiam
1739 1153 1907 1203 amplius

112 1212 273 1263 aliquid,
306 1223 352 1250 ex
382 1209 487 1249 Jove
519 1219 603 1246 esse
635 1208 671 1245 in
704 1206 802 1245 coeli
833 1205 1002 1244 medium
1035 1206 1200 1256 elevato,
1232 1207 1336 1258 quod
1357 1211 1482 1259 magis
1506 1209 1676 1250 delector
1695 1213 1909 1261 geometria

114 1275 154 1311 in
184 1271 358 1322 physicis
388 1268 505 1306 rebus
536 1277 738 1316 expressa,
769 1276 886 1314 quam
917 1264 1114 1303 abstracta
1144 1264 1212 1303 illa
1244 1271 1282 1305 et
1312 1266 1467 1324 Saturni
1499 1269 1714 1308 siccitatem
1743 1282 1836 1320 prae
1868 1282 1909 1309 se

112 1332 269 1376 ferente,
303 1327 427 1377 magis
457 1327 618 1375 inquam
647 1323 823 1374 physica,
855 1334 972 1372 quam
1002 1325 1233 1372 geometria,
1266 1330 1305 1363 et
1336 1326 1439 1375 quod
1456 1326 1569 1366 Luna
1594 1329 1715 1377 gibba
1745 1330 1784 1366 in
1805 1328 1910 1367 clara

111 1389 249 1428 frontis
280 1386 474 1425 Taurinae
513 1382 807 1423 constellatione
844 1380 1004 1432 impleat
1044 1383 1196 1420 animae
1227 1383 1515 1433 phantasticam
1545 1385 1769 1426 facultatem
1809 1389 1909 1425 ima-

113 1447 280 1499 ginibus‚
314 1455 476 1495 quarum
515 1446 644 1480 tamen
675 1440 818 1478 multas
856 1444 1017 1478 naturae
1055 1451 1180 1478 rerum
1212 1447 1493 1483 consentaneas
1532 1456 1572 1483 re
1603 1446 1689 1495 ipsa
1727 1450 1908 1496 expertus

113 1518 211 1554 sum,
242 1503 349 1543 velut
381 1514 428 1541 ex
457 1501 586 1539 Procli
627 1498 958 1551 paradigmatibus
990 1497 1182 1548 delapsas.
1194 1496 1235 1547 ὓ)
1292 1500 1346 1538 At
1375 1502 1410 1539 si
1446 1501 1530 1552 jam
1571 1501 1618 1542 de
1649 1508 1792 1543 eventu
1822 1508 1908 1542 stu-

114 1564 265 1603 diorum
294 1571 468 1600 meorum
497 1558 655 1608 loquar,
689 1556 782 1607 quid
814 1567 959 1606 quaeso
998 1567 1112 1606 porro
1143 1558 1300 1596 invenio
1336 1559 1374 1596 in
1406 1561 1538 1606 coelo,
1583 1561 1689 1612 quod
1719 1561 1769 1600 ad
1798 1562 1908 1600 illum

114 1622 179 1663 vel
208 1621 348 1661 leviter
379 1616 556 1658 alludat?
614 1615 896 1665 Philosophiae
925 1619 1057 1665 partes
1087 1626 1165 1654 non
1187 1618 1486 1658 contemnendas
1517 1632 1541 1658 a
1560 1631 1621 1658 me
1654 1618 1714 1658 vel
1736 1619 1783 1658 de
1803 1631 1907 1659 novo

114 1685 267 1729 erutas,
306 1677 370 1717 vel
402 1674 648 1723 emendatas,
690 1674 753 1712 vel
783 1673 900 1723 plane
929 1673 1120 1723 perfectas
1153 1685 1249 1722 esse,
1281 1675 1453 1715 fatentur
1482 1678 1615 1728 periti:
1658 1683 1699 1716 at
1728 1691 1814 1718 mea
1844 1678 1908 1718 hic

113 1739 242 1778 sidera
270 1737 377 1776 fuere
407 1746 484 1773 non
514 1733 730 1772 Mercurius
762 1730 962 1771 orientalis
991 1732 1032 1768 in
1063 1732 1208 1782 angulo
1238 1734 1438 1784 septimae,
1469 1737 1507 1773 in
1540 1736 1729 1787 quadrato
1756 1737 1907 1786 Martis,

116 1797 186 1837 sed
217 1795 474 1845 Copernicus,
514 1791 582 1831 sed
613 1790 749 1841 Tycho
779 1790 975 1836 Braneus,
1025 1791 1108 1828 sine
1140 1791 1249 1840 cujus
1280 1792 1596 1833 observationum
1626 1794 1734 1833 libris
1766 1797 1906 1844 omnia,

118 1867 218 1907 quae
248 1864 351 1892 nunc
382 1864 407 1891 a
436 1863 497 1890 me
525 1854 614 1888 sunt
645 1851 683 1886 in
716 1847 930 1887 clarissima
961 1847 1046 1886 luce
1077 1848 1288 1898 collocata,
1328 1852 1482 1901 sepulta
1514 1852 1690 1903 jacerent
1727 1854 1767 1890 in
1798 1859 1908 1893 tene-

116 1915 218 1962 bris3
258 1923 335 1951 non
366 1910 555 1949 Saturnus
594 1907 773 1946 dominus
804 1906 1004 1953 Mercurii,
1049 1907 1117 1945 sed
1151 1907 1337 1947 Caesares
1374 1909 1560 1961 Augusti,
1601 1911 1831 1962 Rudolphus
1870 1916 1908 1951 et
1968 1943 1974 1946 Δ

117 1971 327 2017 Matthias,
361 1968 519 2007 Domini
549 1966 649 2015 mei3
687 1976 763 2003 non
796 1964 1037 2015 planetarum
1067 1965 1297 2016 hospitium,
1332 1967 1586 2018 Capricornus
1617 1968 1795 2018 Saturni,
1839 1969 1908 2009 sed

118 2030 278 2069 Austria
316 2027 502 2078 superior,
533 2024 712 2063 Caesaris
752 2022 889 2061 domus
921 2022 1172 2073 ejusdemque
1203 2024 1410 2064 Procerum
1446 2028 1594 2077 petenti
1624 2027 1719 2065 mihi
1757 2033 1909 2078 promta
1968 2023 1972 2026 ⁴

116 2087 343 2134 liberalitas,
375 2083 541 2134 exempli
571 2094 647 2120 non
678 2082 824 2119 usitati.
885 2081 960 2120 Hic
991 2080 1056 2119 ille
1087 2083 1252 2131 angulus
1284 2089 1359 2131 est,
1391 2096 1467 2123 non
1497 2085 1680 2124 thematis
1711 2086 1906 2134 occiduus,

117 2147 186 2186 sed
216 2146 432 2190 Terrarum,
465 2144 504 2180 in
536 2153 649 2191 quem
669 2139 917 2189 Imperatoris
945 2139 1103 2177 Domini
1133 2142 1209 2179 mei
1241 2152 1426 2180 concessu
1458 2155 1504 2182 ex
1535 2144 1627 2183 aula
1642 2145 1815 2183 -nimium
1846 2146 1908 2183 in-

118 2207 251 2256 quieta
281 2214 342 2241 me
372 2201 499 2251 recepi
531 2205 568 2238 et
599 2199 636 2235 in
669 2209 745 2247 quo
775 2209 844 2247 per
874 2197 990 2236 hosce
1021 2209 1164 2247 annos,
1199 2198 1281 2247 jam
1312 2200 1362 2238 ad
1394 2212 1573 2240 oceasum
1604 2203 1710 2241 vitae
1741 2215 1907 2254 vergen-

117 2269 188 2313 tes,
219 2261 446 2301 harmonica
475 2260 551 2296 ista
582 2261 620 2296 et
651 2267 751 2306 quae
783 2255 862 2293 alia
891 2255 964 2294 sub
994 2256 1173 2294 manibus
1200 2257 1326 2296 habeo
1359 2260 1493 2298 enitor.
1552 2261 1712 2300 Frustra
1742 2273 1789 2300 ex
1819 2262 1907 2300 the-

117 2327 220 2361 mate
252 2318 496 2371 genethliaco
528 2326 666 2355 causas
697 2317 856 2363 quaeret
885 2313 1104 2363 astrologus
1135 2316 1376 2354 inventarum
1409 2330 1432 2355 a
1458 2330 1518 2358 me
1549 2331 1650 2358 anno
1677 2319 1784 2358 1596
1814 2331 1907 2371 pro-

116 2381 338 2431 portionum
378 2379 479 2415 inter
510 2374 621 2413 orbes
659 2372 867 2420 coelestes,
911 2382 1011 2410 anno
1049 2373 1156 2410 1604
1197 2373 1302 2412 modi
1340 2375 1518 2425 videndi,
1557 2389 1658 2416 anno
1689 2377 1764 2416 hoc
1799 2379 1904 2416 1618

123 2449 341 2485 causarum,
374 2434 423 2474 ob
445 2445 543 2483 quas
575 2430 735 2470 cuilibet
764 2430 944 2480 planetae
974 2431 1135 2479 contigit
1166 2435 1274 2470 tanta
1296 2436 1569 2483 eccentricitas,
1601 2447 1673 2475 nec
1693 2438 1816 2475 minor
1836 2447 1908 2475 nee

117 2497 264 2547 maj0r3
297 2495 406 2533 annis
438 2489 674 2530 intermediis
706 2488 989 2526 demonstratae
1019 2488 1204 2538 physicae
1233 2490 1411 2530 coelestis
1442 2494 1732 2544 modorumque,
1765 2495 1906 2544 quibus

116 2557 322 2594 moventur
352 2551 533 2602 planetae
565 2557 818 2595 verorumque
848 2551 1021 2584 motuum
1053 2548 1241 2596 ipsorum,
1285 2548 1451 2600 denique
1482 2551 1816 2591 fundamentorum
1847 2552 1905 2591 ef-

117 2613 275 2651 ficaciae
307 2609 486 2650 coelestis
517 2609 555 2644 in
585 2606 683 2644 haec
712 2604 903 2649 inferiora,
935 2604 1308 2655 metaphysicorum;
1344 2620 1420 2646 non
1451 2610 1684 2649 influxerunt
1713 2611 1789 2649 ista
1819 2622 1906 2648 cum

118 2671 338 2710 charactere
377 2666 473 2706 coeli
513 2666 551 2702 in
590 2661 827 2702 flammulam
865 2662 971 2701 illam
1010 2662 1204 2701 facultatis
1243 2666 1373 2704 vitalis
1416 2679 1539 2718 nuper
1569 2670 1749 2708 incensae
1789 2670 1905 2718 inque

118 2734 247 2768 actum
277 2726 502 2778 productae,
542 2722 611 2761 sed
641 2721 779 2771 partim
822 2721 925 2758 intus
963 2722 1001 2758 in
1043 2722 1283 2771 penitissima
1321 2726 1473 2764 animae
1512 2728 1680 2765 essentia
1718 2726 1903 2775 latebant,

119 2785 331 2826 secundum
361 2783 605 2822 Platonicam
637 2778 849 2817 doctrinam
886 2790 1002 2829 supra
1033 2790 1078 2816 ex
1110 2777 1248 2818 Proclo
1278 2782 1507 2832 allegatam,
1543 2785 1680 2834 partim
1719 2785 1798 2824 alia
1826 2786 1902 2832 via,

118 2856 187 2894 per
218 2843 351 2884 oculos
382 2842 584 2888 nimirum,
627 2840 831 2875 introrsum
861 2841 1016 2887 recepta
1047 2842 1156 2886 sunt3
1200 2838 1285 2878 sola
1316 2846 1353 2879 et
1382 2843 1497 2880 unica
1528 2842 1710 2881 thematis
1740 2842 1903 2893 geneth-

118 2902 210 2941 liaci
240 2913 358 2953 opera
388 2901 460 2939 fuit
489 2901 576 2946 ista,
608 2895 713 2947 quod
743 2900 780 2934 et
811 2896 982 2933 emunxit
1011 2894 1098 2932 illos
1130 2897 1271 2945 ingenii
1298 2899 1514 2950 Judiciique
1545 2901 1737 2950 igniculos
1773 2906 1811 2939 et
1840 2901 1903 2949 in,-

223 3062 256 3092 “)
277 3062 390 3094 Stipem
408 3061 457 3086 bic
475 3060 602 3093 aliquam
621 3058 760 3090 satyricis
779 3057 900 3083 nostris.
938 3057 1027 3088 Nam,
1048 3058 1080 3082 ut
1099 3060 1232 3090 apparet,
1252 3060 1372 3090 egestas
1390 3059 1472 3092 ipsos
1486 3060 1603 3092 premit,
1625 3060 1674 3092 qui
1689 3058 1788 3093 jocum
1806 3066 1900 3086 meum

121 3104 210 3123 unum
229 3097 316 3131 hujus
336 3097 461 3124 similem
490 3103 528 3122 ex
545 3095 621 3121 libro
640 3095 677 3122 de
695 3093 791 3123 Stella
809 3093 891 3119 Nova
905 3091 966 3127 jam
984 3093 1143 3126 aliquoties
1161 3094 1240 3119 intra
1259 3093 1292 3121 12
1309 3101 1450 3121 annorum
1467 3095 1644 3122 curriculum
1662 3095 1854 3121 ruminarunt.

1986 2533 1994 2810 ἒ
