<?xml version="1.0" encoding="UTF-8"?>
<!DOCTYPE html PUBLIC "-//W3C//DTD XHTML 1.0 Transitional//EN"
    "http://www.w3.org/TR/xhtml1/DTD/xhtml1-transitional.dtd">
<html xmlns="http://www.w3.org/1999/xhtml" xml:lang="en" lang="en">
 <head>
  <title>
</title>
<meta http-equiv="Content-Type" content="text/html;charset=utf-8" />
  <meta name='ocr-system' content='tesseract 3.04.00' />
  <meta name='ocr-capabilities' content='ocr_page ocr_carea ocr_par ocr_line ocrx_word'/>
</head>
<body>
  <div class='ocr_page' id='page_1' title='image "./operaomniaedidit05kepluoft_0246.png"; bbox 0 0 1994 3276; ppageno 0'>
   <div class='ocr_carea' id='block_1_1' title="bbox 110 89 1354 148">
    <p class='ocr_par' dir='ltr' id='par_1_1' title="bbox 110 89 1354 148">
     <span class='ocr_line' id='line_1_1' title="bbox 110 89 1354 148; baseline 0.002 -11"><span class='ocrx_word' id='word_1_1' title='bbox 110 102 193 148; x_wconf 75' lang='lat'><strong>228</strong></span> <span class='ocrx_word' id='word_1_2' title='bbox 659 92 716 139; x_wconf 74' lang='lat' dir='ltr'><strong>&#39;De</strong></span> <span class='ocrx_word' id='word_1_3' title='bbox 741 89 1093 148; x_wconf 73' lang='lat' dir='ltr'><strong>configurationibus</strong></span> <span class='ocrx_word' id='word_1_4' title='bbox 1115 97 1354 145; x_wconf 58' lang='lat' dir='ltr'><strong>,Ha&#39;rnionicis</strong></span> 
     </span>
    </p>
   </div>
   <div class='ocr_carea' id='block_1_2' title="bbox 81 221 1986 1380">
    <p class='ocr_par' dir='ltr' id='par_1_2' title="bbox 81 221 1984 739">
     <span class='ocr_line' id='line_1_2' title="bbox 108 221 1909 276; baseline 0.001 -12"><span class='ocrx_word' id='word_1_5' title='bbox 108 224 314 264; x_wconf 81' lang='lat' dir='ltr'><strong>mutabilia</strong></span> <span class='ocrx_word' id='word_1_6' title='bbox 342 224 450 262; x_wconf 90' lang='lat' dir='ltr'><strong>Deus</strong></span> <span class='ocrx_word' id='word_1_7' title='bbox 482 222 638 273; x_wconf 90' lang='lat' dir='ltr'><strong>reliquit</strong></span> <span class='ocrx_word' id='word_1_8' title='bbox 668 224 752 260; x_wconf 89' lang='lat' dir='ltr'><strong>sine</strong></span> <span class='ocrx_word' id='word_1_9' title='bbox 783 223 890 260; x_wconf 90' lang='lat' dir='ltr'><strong>omni</strong></span> <span class='ocrx_word' id='word_1_10' title='bbox 921 233 1013 262; x_wconf 84' lang='lat' dir='ltr'><strong>cura</strong></span> <span class='ocrx_word' id='word_1_11' title='bbox 1043 221 1201 261; x_wconf 85' lang='lat' dir='ltr'><strong>ornatus</strong></span> <span class='ocrx_word' id='word_1_12' title='bbox 1233 223 1457 273; x_wconf 80' lang='lat' dir='ltr'><strong>harmonici,</strong></span> <span class='ocrx_word' id='word_1_13' title='bbox 1493 226 1585 276; x_wconf 91' lang='lat' dir='ltr'><strong>quin</strong></span> <span class='ocrx_word' id='word_1_14' title='bbox 1616 225 1746 276; x_wconf 81' lang='lat' dir='ltr'><strong>potius</strong></span> <span class='ocrx_word' id='word_1_15' title='bbox 1777 229 1909 265; x_wconf 69' lang='lat' dir='ltr'><strong>eut-um</strong></span> 
     </span>
     <span class='ocr_line' id='line_1_3' title="bbox 110 276 1909 336; baseline 0.001 -15"><span class='ocrx_word' id='word_1_16' title='bbox 110 284 243 333; x_wconf 88' lang='lat' dir='ltr'><strong>aliqua</strong></span> <span class='ocrx_word' id='word_1_17' title='bbox 273 279 339 336; x_wconf 86' lang='lat' dir='ltr'><strong>(ut</strong></span> <span class='ocrx_word' id='word_1_18' title='bbox 369 290 496 320; x_wconf 89' lang='lat' dir='ltr'><strong>motus</strong></span> <span class='ocrx_word' id='word_1_19' title='bbox 528 282 771 331; x_wconf 82' lang='lat' dir='ltr'><strong>planetarum</strong></span> <span class='ocrx_word' id='word_1_20' title='bbox 800 276 998 332; x_wconf 87' lang='lat' dir='ltr'><strong>proprios)</strong></span> <span class='ocrx_word' id='word_1_21' title='bbox 1030 287 1285 319; x_wconf 87' lang='lat' dir='ltr'><strong>extremorum</strong></span> <span class='ocrx_word' id='word_1_22' title='bbox 1326 284 1498 333; x_wconf 90' lang='lat' dir='ltr'><strong>ipsorum</strong></span> <span class='ocrx_word' id='word_1_23' title='bbox 1537 284 1839 336; x_wconf 77' lang='lat' dir='ltr'><strong>praescriptione</strong></span> <span class='ocrx_word' id='word_1_24' title='bbox 1868 287 1909 323; x_wconf 92' lang='lat' dir='ltr'><strong>in</strong></span> 
     </span>
     <span class='ocr_line' id='line_1_4' title="bbox 111 338 1984 391; baseline 0 -11"><span class='ocrx_word' id='word_1_25' title='bbox 111 342 285 380; x_wconf 84' lang='lat' dir='ltr'><strong>ordinem</strong></span> <span class='ocrx_word' id='word_1_26' title='bbox 314 341 581 378; x_wconf 87' lang='lat' dir='ltr'><strong>harmonicum</strong></span> <span class='ocrx_word' id='word_1_27' title='bbox 612 338 779 388; x_wconf 78' lang='lat' dir='ltr'><strong>redegit,</strong></span> <span class='ocrx_word' id='word_1_28' title='bbox 824 350 924 387; x_wconf 89' lang='lat' dir='ltr'><strong>quae</strong></span> <span class='ocrx_word' id='word_1_29' title='bbox 963 340 1125 376; x_wconf 79' lang='lat' dir='ltr'><strong>materia</strong></span> <span class='ocrx_word' id='word_1_30' title='bbox 1167 339 1254 377; x_wconf 84' lang='lat' dir='ltr'><strong>libri</strong></span> <span class='ocrx_word' id='word_1_31' title='bbox 1287 339 1335 378; x_wconf 88' lang='lat' dir='ltr'><strong>V.</strong></span> <span class='ocrx_word' id='word_1_32' title='bbox 1373 342 1463 391; x_wconf 88' lang='lat' dir='ltr'><strong>erit;</strong></span> <span class='ocrx_word' id='word_1_33' title='bbox 1503 343 1540 380; x_wconf 87' lang='lat' dir='ltr'><strong>in</strong></span> <span class='ocrx_word' id='word_1_34' title='bbox 1573 341 1685 390; x_wconf 74' lang='lat' dir='ltr'><strong>aliis,</strong></span> <span class='ocrx_word' id='word_1_35' title='bbox 1727 344 1794 386; x_wconf 88' lang='lat' dir='ltr'><strong>ubi</strong></span> <span class='ocrx_word' id='word_1_36' title='bbox 1832 355 1910 382; x_wconf 91' lang='lat' dir='ltr'><strong>non</strong></span> <span class='ocrx_word' id='word_1_37' title='bbox 1981 386 1984 390; x_wconf 12' lang='grc' dir='ltr'><strong>λ</strong></span> 
     </span>
     <span class='ocr_line' id='line_1_5' title="bbox 81 394 1983 455; baseline -0.001 -15"><span class='ocrx_word' id='word_1_38' title='bbox 81 450 84 455; x_wconf 33' lang='lat'>¹</span> <span class='ocrx_word' id='word_1_39' title='bbox 111 400 252 448; x_wconf 72' lang='lat' dir='ltr'><strong>dantur</strong></span> <span class='ocrx_word' id='word_1_40' title='bbox 282 404 465 446; x_wconf 83' lang='lat' dir='ltr'><strong>extrema,</strong></span> <span class='ocrx_word' id='word_1_41' title='bbox 496 398 565 436; x_wconf 91' lang='lat' dir='ltr'><strong>sed</strong></span> <span class='ocrx_word' id='word_1_42' title='bbox 595 398 793 447; x_wconf 84' lang='lat' dir='ltr'><strong>quantitas</strong></span> <span class='ocrx_word' id='word_1_43' title='bbox 822 398 1005 434; x_wconf 88' lang='lat' dir='ltr'><strong>motionis</strong></span> <span class='ocrx_word' id='word_1_44' title='bbox 1037 397 1179 435; x_wconf 88' lang='lat' dir='ltr'><strong>circulo</strong></span> <span class='ocrx_word' id='word_1_45' title='bbox 1211 409 1387 437; x_wconf 85' lang='lat' dir='ltr'><strong>connexa</strong></span> <span class='ocrx_word' id='word_1_46' title='bbox 1417 404 1476 438; x_wconf 86' lang='lat' dir='ltr'><strong>est</strong></span> <span class='ocrx_word' id='word_1_47' title='bbox 1505 412 1636 439; x_wconf 85' lang='lat' dir='ltr'><strong>secum</strong></span> <span class='ocrx_word' id='word_1_48' title='bbox 1667 403 1775 452; x_wconf 85' lang='lat' dir='ltr'><strong>ipsa,</strong></span> <span class='ocrx_word' id='word_1_49' title='bbox 1814 403 1912 439; x_wconf 80' lang='lat' dir='ltr'><strong>satis</strong></span> <span class='ocrx_word' id='word_1_50' title='bbox 1938 413 1942 417; x_wconf 93' lang='lat'>·</span> <span class='ocrx_word' id='word_1_51' title='bbox 1981 394 1983 396; x_wconf 50' lang='grc'><strong>’</strong></span> 
     </span>
     <span class='ocr_line' id='line_1_6' title="bbox 110 456 1912 511; baseline 0.001 -14"><span class='ocrx_word' id='word_1_52' title='bbox 110 460 248 497; x_wconf 81' lang='lat' dir='ltr'><strong>habuit</strong></span> <span class='ocrx_word' id='word_1_53' title='bbox 279 457 458 502; x_wconf 86' lang='lat' dir='ltr'><strong>Creator,</strong></span> <span class='ocrx_word' id='word_1_54' title='bbox 498 459 555 495; x_wconf 86' lang='lat' dir='ltr'><strong>sic</strong></span> <span class='ocrx_word' id='word_1_55' title='bbox 585 456 823 494; x_wconf 83' lang='lat' dir='ltr'><strong>conformare</strong></span> <span class='ocrx_word' id='word_1_56' title='bbox 854 457 1027 500; x_wconf 89' lang='lat' dir='ltr'><strong>animas,</strong></span> <span class='ocrx_word' id='word_1_57' title='bbox 1070 458 1257 494; x_wconf 77' lang='lat' dir='ltr'><strong>creaturis</strong></span> <span class='ocrx_word' id='word_1_58' title='bbox 1287 457 1493 496; x_wconf 88' lang='lat' dir='ltr'><strong>mundanis</strong></span> <span class='ocrx_word' id='word_1_59' title='bbox 1523 460 1765 511; x_wconf 69' lang='lat' dir='ltr'><strong>praefectae,</strong></span> <span class='ocrx_word' id='word_1_60' title='bbox 1801 466 1845 497; x_wconf 71' lang='lat' dir='ltr'><strong>ut</strong></span> <span class='ocrx_word' id='word_1_61' title='bbox 1873 465 1912 498; x_wconf 79' lang='lat' dir='ltr'><strong>et</strong></span> 
     </span>
     <span class='ocr_line' id='line_1_7' title="bbox 111 513 1911 570; baseline 0.001 -15"><span class='ocrx_word' id='word_1_62' title='bbox 111 521 380 567; x_wconf 82' lang='lat' dir='ltr'><strong>exspectarent</strong></span> <span class='ocrx_word' id='word_1_63' title='bbox 412 521 451 553; x_wconf 90' lang='lat' dir='ltr'><strong>et</strong></span> <span class='ocrx_word' id='word_1_64' title='bbox 481 517 731 553; x_wconf 81' lang='lat' dir='ltr'><strong>observarent</strong></span> <span class='ocrx_word' id='word_1_65' title='bbox 761 519 798 551; x_wconf 90' lang='lat' dir='ltr'><strong>et</strong></span> <span class='ocrx_word' id='word_1_66' title='bbox 829 513 1182 552; x_wconf 85' lang='lat' dir='ltr'><strong>animadverterent</strong></span> <span class='ocrx_word' id='word_1_67' title='bbox 1212 514 1447 563; x_wconf 78' lang='lat' dir='ltr'><strong>harmonias,</strong></span> <span class='ocrx_word' id='word_1_68' title='bbox 1481 529 1549 568; x_wconf 87' lang='lat' dir='ltr'><strong>per</strong></span> <span class='ocrx_word' id='word_1_69' title='bbox 1572 522 1711 556; x_wconf 80' lang='lat' dir='ltr'><strong>totum</strong></span> <span class='ocrx_word' id='word_1_70' title='bbox 1729 517 1911 570; x_wconf 83' lang='lat' dir='ltr'><strong>circulum</strong></span> 
     </span>
     <span class='ocr_line' id='line_1_8' title="bbox 111 573 1912 626; baseline 0.001 -12"><span class='ocrx_word' id='word_1_71' title='bbox 111 577 193 614; x_wconf 88' lang='lat' dir='ltr'><strong>suis</strong></span> <span class='ocrx_word' id='word_1_72' title='bbox 225 581 440 623; x_wconf 89' lang='lat' dir='ltr'><strong>temporum</strong></span> <span class='ocrx_word' id='word_1_73' title='bbox 472 575 690 611; x_wconf 88' lang='lat' dir='ltr'><strong>momentis·</strong></span> <span class='ocrx_word' id='word_1_74' title='bbox 710 573 1004 623; x_wconf 76' lang='lat' dir='ltr'><strong>provenientes,</strong></span> <span class='ocrx_word' id='word_1_75' title='bbox 1047 578 1086 609; x_wconf 91' lang='lat' dir='ltr'><strong>et</strong></span> <span class='ocrx_word' id='word_1_76' title='bbox 1116 575 1366 623; x_wconf 83' lang='lat' dir='ltr'><strong>operationes</strong></span> <span class='ocrx_word' id='word_1_77' title='bbox 1396 586 1489 613; x_wconf 78' lang='lat' dir='ltr'><strong>suas</strong></span> <span class='ocrx_word' id='word_1_78' title='bbox 1531 575 1581 614; x_wconf 87' lang='lat' dir='ltr'><strong>ad</strong></span> <span class='ocrx_word' id='word_1_79' title='bbox 1613 575 1766 614; x_wconf 89' lang='lat' dir='ltr'><strong>illarum</strong></span> <span class='ocrx_word' id='word_1_80' title='bbox 1792 587 1912 626; x_wconf 85' lang='lat' dir='ltr'><strong>prae·-</strong></span> 
     </span>
     <span class='ocr_line' id='line_1_9' title="bbox 111 627 1912 684; baseline 0.001 -13"><span class='ocrx_word' id='word_1_81' title='bbox 111 635 298 683; x_wconf 89' lang='lat' dir='ltr'><strong>scriptum</strong></span> <span class='ocrx_word' id='word_1_82' title='bbox 328 631 679 671; x_wconf 81' lang='lat' dir='ltr'><strong>accommodarent.</strong></span> <span class='ocrx_word' id='word_1_83' title='bbox 740 629 805 668; x_wconf 88' lang='lat' dir='ltr'><strong>Sic</strong></span> <span class='ocrx_word' id='word_1_84' title='bbox 835 630 877 667; x_wconf 86' lang='lat' dir='ltr'><strong>fit</strong></span> <span class='ocrx_word' id='word_1_85' title='bbox 909 642 995 674; x_wconf 86' lang='lat' dir='ltr'><strong>cum</strong></span> <span class='ocrx_word' id='word_1_86' title='bbox 1025 632 1195 669; x_wconf 87' lang='lat' dir='ltr'><strong>motibus</strong></span> <span class='ocrx_word' id='word_1_87' title='bbox 1225 631 1469 678; x_wconf 87' lang='lat' dir='ltr'><strong>planetarum</strong></span> <span class='ocrx_word' id='word_1_88' title='bbox 1501 645 1549 673; x_wconf 87' lang='lat' dir='ltr'><strong>cx</strong></span> <span class='ocrx_word' id='word_1_89' title='bbox 1569 634 1689 673; x_wconf 83' lang='lat' dir='ltr'><strong>Terra</strong></span> <span class='ocrx_word' id='word_1_90' title='bbox 1718 627 1912 684; x_wconf 86' lang='lat' dir='ltr'><strong>apparen-</strong></span> 
     </span>
     <span class='ocr_line' id='line_1_10' title="bbox 111 687 1292 739; baseline -0.002 -9"><span class='ocrx_word' id='word_1_91' title='bbox 111 693 216 731; x_wconf 86' lang='lat' dir='ltr'><strong>tibus</strong></span> <span class='ocrx_word' id='word_1_92' title='bbox 247 691 319 730; x_wconf 89' lang='lat' dir='ltr'><strong>sub</strong></span> <span class='ocrx_word' id='word_1_93' title='bbox 350 690 533 737; x_wconf 87' lang='lat' dir='ltr'><strong>zodiaco,</strong></span> <span class='ocrx_word' id='word_1_94' title='bbox 564 691 728 728; x_wconf 80' lang='lat' dir='ltr'><strong>mater-ia</strong></span> <span class='ocrx_word' id='word_1_95' title='bbox 757 688 874 737; x_wconf 89' lang='lat' dir='ltr'><strong>hujus</strong></span> <span class='ocrx_word' id='word_1_96' title='bbox 906 688 975 726; x_wconf 91' lang='lat' dir='ltr'><strong>IV.</strong></span> <span class='ocrx_word' id='word_1_97' title='bbox 1007 687 1095 726; x_wconf 88' lang='lat' dir='ltr'><strong>libri</strong></span> <span class='ocrx_word' id='word_1_98' title='bbox 1127 691 1292 739; x_wconf 88' lang='lat' dir='ltr'><strong>propria.</strong></span> 
     </span>
    </p>

    <p class='ocr_par' dir='ltr' id='par_1_3' title="bbox 111 747 1986 1380">
     <span class='ocr_line' id='line_1_11' title="bbox 227 747 1986 800; baseline 0.001 -13"><span class='ocrx_word' id='word_1_99' title='bbox 227 749 350 799; x_wconf 84' lang='lat' dir='ltr'><strong>Igitur</strong></span> <span class='ocrx_word' id='word_1_100' title='bbox 381 760 467 787; x_wconf 92' lang='lat' dir='ltr'><strong>cum</strong></span> <span class='ocrx_word' id='word_1_101' title='bbox 499 749 681 798; x_wconf 88' lang='lat' dir='ltr'><strong>operibus</strong></span> <span class='ocrx_word' id='word_1_102' title='bbox 711 747 786 785; x_wconf 87' lang='lat' dir='ltr'><strong>Dei</strong></span> <span class='ocrx_word' id='word_1_103' title='bbox 817 747 932 784; x_wconf 85' lang='lat' dir='ltr'><strong>nobis</strong></span> <span class='ocrx_word' id='word_1_104' title='bbox 963 748 1067 785; x_wconf 86' lang='lat' dir='ltr'><strong>notis</strong></span> <span class='ocrx_word' id='word_1_105' title='bbox 1099 759 1159 784; x_wconf 84' lang='lat' dir='ltr'><strong>res</strong></span> <span class='ocrx_word' id='word_1_106' title='bbox 1190 749 1246 786; x_wconf 88' lang='lat' dir='ltr'><strong>sic</strong></span> <span class='ocrx_word' id='word_1_107' title='bbox 1267 748 1406 797; x_wconf 82' lang='lat' dir='ltr'><strong>habet3</strong></span> <span class='ocrx_word' id='word_1_108' title='bbox 1438 748 1488 788; x_wconf 91' lang='lat' dir='ltr'><strong>ad</strong></span> <span class='ocrx_word' id='word_1_109' title='bbox 1511 756 1612 799; x_wconf 81' lang='lat' dir='ltr'><strong>quae</strong></span> <span class='ocrx_word' id='word_1_110' title='bbox 1642 750 1677 788; x_wconf 86' lang='lat' dir='ltr'><strong>si</strong></span> <span class='ocrx_word' id='word_1_111' title='bbox 1701 750 1785 800; x_wconf 75' lang='lat' dir='ltr'><strong>Jam</strong></span> <span class='ocrx_word' id='word_1_112' title='bbox 1805 761 1913 789; x_wconf 89' lang='lat' dir='ltr'><strong>com·</strong></span> <span class='ocrx_word' id='word_1_113' title='bbox 1982 785 1986 790; x_wconf 72' lang='grc'><strong>,,</strong></span> 
     </span>
     <span class='ocr_line' id='line_1_12' title="bbox 111 804 1985 861; baseline 0 -14"><span class='ocrx_word' id='word_1_114' title='bbox 111 820 291 861; x_wconf 86' lang='lat' dir='ltr'><strong>paremus</strong></span> <span class='ocrx_word' id='word_1_115' title='bbox 322 819 380 854; x_wconf 90' lang='lat' dir='ltr'><strong>ea,</strong></span> <span class='ocrx_word' id='word_1_116' title='bbox 413 819 515 857; x_wconf 87' lang='lat' dir='ltr'><strong>quae</strong></span> <span class='ocrx_word' id='word_1_117' title='bbox 546 807 721 844; x_wconf 87' lang='lat' dir='ltr'><strong>homines</strong></span> <span class='ocrx_word' id='word_1_118' title='bbox 752 804 804 843; x_wconf 90' lang='lat' dir='ltr'><strong>ad</strong></span> <span class='ocrx_word' id='word_1_119' title='bbox 834 805 1079 846; x_wconf 78' lang='lat' dir='ltr'><strong>harmonicas</strong></span> <span class='ocrx_word' id='word_1_120' title='bbox 1111 805 1217 854; x_wconf 80' lang='lat' dir='ltr'><strong>leges</strong></span> <span class='ocrx_word' id='word_1_121' title='bbox 1249 806 1439 856; x_wconf 88' lang='lat' dir='ltr'><strong>ordinant,</strong></span> <span class='ocrx_word' id='word_1_122' title='bbox 1470 809 1611 858; x_wconf 82' lang='lat' dir='ltr'><strong>partim</strong></span> <span class='ocrx_word' id='word_1_123' title='bbox 1632 808 1769 848; x_wconf 85' lang='lat' dir='ltr'><strong>eadem</strong></span> <span class='ocrx_word' id='word_1_124' title='bbox 1799 809 1912 847; x_wconf 82' lang='lat' dir='ltr'><strong>nobis</strong></span> <span class='ocrx_word' id='word_1_125' title='bbox 1950 819 1953 825; x_wconf 82' lang='grc'><strong>’</strong></span> <span class='ocrx_word' id='word_1_126' title='bbox 1979 808 1985 811; x_wconf 57' lang='grc'><em>“</em></span> 
     </span>
     <span class='ocr_line' id='line_1_13' title="bbox 114 862 1912 917; baseline -0.001 -11"><span class='ocrx_word' id='word_1_127' title='bbox 114 867 279 906; x_wconf 88' lang='lat' dir='ltr'><strong>dicenda</strong></span> <span class='ocrx_word' id='word_1_128' title='bbox 310 872 432 912; x_wconf 87' lang='lat' dir='ltr'><strong>erunt,</strong></span> <span class='ocrx_word' id='word_1_129' title='bbox 464 867 606 915; x_wconf 84' lang='lat' dir='ltr'><strong>partim</strong></span> <span class='ocrx_word' id='word_1_130' title='bbox 637 865 802 902; x_wconf 89' lang='lat' dir='ltr'><strong>diversa.</strong></span> <span class='ocrx_word' id='word_1_131' title='bbox 863 862 1036 901; x_wconf 91' lang='lat' dir='ltr'><strong>Primum</strong></span> <span class='ocrx_word' id='word_1_132' title='bbox 1067 866 1104 900; x_wconf 94' lang='lat' dir='ltr'><strong>in</strong></span> <span class='ocrx_word' id='word_1_133' title='bbox 1137 865 1314 903; x_wconf 86' lang='lat' dir='ltr'><strong>cantibus</strong></span> <span class='ocrx_word' id='word_1_134' title='bbox 1357 868 1431 904; x_wconf 87' lang='lat' dir='ltr'><strong>etsi</strong></span> <span class='ocrx_word' id='word_1_135' title='bbox 1461 877 1540 904; x_wconf 90' lang='lat' dir='ltr'><strong>non</strong></span> <span class='ocrx_word' id='word_1_136' title='bbox 1569 869 1695 905; x_wconf 88' lang='lat' dir='ltr'><strong>minus</strong></span> <span class='ocrx_word' id='word_1_137' title='bbox 1726 877 1843 917; x_wconf 83' lang='lat' dir='ltr'><strong>quam</strong></span> <span class='ocrx_word' id='word_1_138' title='bbox 1873 869 1912 904; x_wconf 91' lang='lat' dir='ltr'><strong>in</strong></span> 
     </span>
     <span class='ocr_line' id='line_1_14' title="bbox 113 923 1911 972; baseline -0.001 -7"><span class='ocrx_word' id='word_1_139' title='bbox 113 925 223 965; x_wconf 89' lang='lat' dir='ltr'><strong>coelo</strong></span> <span class='ocrx_word' id='word_1_140' title='bbox 263 925 377 962; x_wconf 87' lang='lat' dir='ltr'><strong>datur</strong></span> <span class='ocrx_word' id='word_1_141' title='bbox 420 926 605 962; x_wconf 87' lang='lat' dir='ltr'><strong>continua</strong></span> <span class='ocrx_word' id='word_1_142' title='bbox 645 923 874 972; x_wconf 83' lang='lat' dir='ltr'><strong>quantitatis</strong></span> <span class='ocrx_word' id='word_1_143' title='bbox 916 925 1184 970; x_wconf 84' lang='lat' dir='ltr'><strong>augmentatio</strong></span> <span class='ocrx_word' id='word_1_144' title='bbox 1225 929 1263 960; x_wconf 93' lang='lat' dir='ltr'><strong>et</strong></span> <span class='ocrx_word' id='word_1_145' title='bbox 1302 923 1525 971; x_wconf 89' lang='lat' dir='ltr'><strong>diminutio,</strong></span> <span class='ocrx_word' id='word_1_146' title='bbox 1570 925 1668 964; x_wconf 88' lang='lat' dir='ltr'><strong>haec</strong></span> <span class='ocrx_word' id='word_1_147' title='bbox 1705 930 1833 964; x_wconf 81' lang='lat' dir='ltr'><strong>tamen</strong></span> <span class='ocrx_word' id='word_1_148' title='bbox 1872 926 1911 963; x_wconf 88' lang='lat' dir='ltr'><strong>in</strong></span> 
     </span>
     <span class='ocr_line' id='line_1_15' title="bbox 113 980 1982 1033; baseline 0 -10"><span class='ocrx_word' id='word_1_149' title='bbox 113 984 213 1023; x_wconf 89' lang='lat' dir='ltr'><strong>coeli</strong></span> <span class='ocrx_word' id='word_1_150' title='bbox 244 983 414 1021; x_wconf 89' lang='lat' dir='ltr'><strong>motibus</strong></span> <span class='ocrx_word' id='word_1_151' title='bbox 453 984 566 1020; x_wconf 90' lang='lat' dir='ltr'><strong>certis</strong></span> <span class='ocrx_word' id='word_1_152' title='bbox 603 989 765 1019; x_wconf 85' lang='lat' dir='ltr'><strong>naturae</strong></span> <span class='ocrx_word' id='word_1_153' title='bbox 802 980 955 1028; x_wconf 84' lang='lat' dir='ltr'><strong>legibus</strong></span> <span class='ocrx_word' id='word_1_154' title='bbox 994 986 1053 1018; x_wconf 88' lang='lat' dir='ltr'><strong>est</strong></span> <span class='ocrx_word' id='word_1_155' title='bbox 1091 983 1328 1028; x_wconf 83' lang='lat' dir='ltr'><strong>necessaria,</strong></span> <span class='ocrx_word' id='word_1_156' title='bbox 1370 984 1408 1020; x_wconf 89' lang='lat' dir='ltr'><strong>in</strong></span> <span class='ocrx_word' id='word_1_157' title='bbox 1450 994 1546 1022; x_wconf 89' lang='lat' dir='ltr'><strong>voce</strong></span> <span class='ocrx_word' id='word_1_158' title='bbox 1578 983 1749 1022; x_wconf 85' lang='lat' dir='ltr'><strong>humana</strong></span> <span class='ocrx_word' id='word_1_159' title='bbox 1786 995 1912 1033; x_wconf 85' lang='lat' dir='ltr'><strong>neque</strong></span> <span class='ocrx_word' id='word_1_160' title='bbox 1970 991 1982 1032; x_wconf 68' lang='lat' dir='ltr'><strong><em>J</em></strong></span> 
     </span>
     <span class='ocr_line' id='line_1_16' title="bbox 112 1036 1914 1089; baseline -0.001 -8"><span class='ocrx_word' id='word_1_161' title='bbox 112 1041 332 1081; x_wconf 85' lang='lat' dir='ltr'><strong>necessaria</strong></span> <span class='ocrx_word' id='word_1_162' title='bbox 363 1046 423 1078; x_wconf 89' lang='lat' dir='ltr'><strong>est</strong></span> <span class='ocrx_word' id='word_1_163' title='bbox 452 1052 580 1089; x_wconf 90' lang='lat' dir='ltr'><strong>neque</strong></span> <span class='ocrx_word' id='word_1_164' title='bbox 611 1041 729 1079; x_wconf 88' lang='lat' dir='ltr'><strong>etiam</strong></span> <span class='ocrx_word' id='word_1_165' title='bbox 758 1039 894 1076; x_wconf 85' lang='lat' dir='ltr'><strong>facilis.</strong></span> <span class='ocrx_word' id='word_1_166' title='bbox 951 1036 1103 1076; x_wconf 36' lang='lat' dir='ltr'><strong>*Guttur</strong></span> <span class='ocrx_word' id='word_1_167' title='bbox 1132 1051 1167 1076; x_wconf 96' lang='lat' dir='ltr'><strong>n.</strong></span> <span class='ocrx_word' id='word_1_168' title='bbox 1198 1041 1443 1081; x_wconf 85' lang='lat' dir='ltr'><strong>distinctione</strong></span> <span class='ocrx_word' id='word_1_169' title='bbox 1466 1041 1696 1080; x_wconf 90' lang='lat' dir='ltr'><strong>circulorum</strong></span> <span class='ocrx_word' id='word_1_170' title='bbox 1725 1041 1775 1080; x_wconf 87' lang='lat' dir='ltr'><strong>ad</strong></span> <span class='ocrx_word' id='word_1_171' title='bbox 1797 1043 1914 1081; x_wconf 86' lang='lat' dir='ltr'><strong>voces</strong></span> 
     </span>
     <span class='ocr_line' id='line_1_17' title="bbox 113 1097 1912 1150; baseline -0.001 -11"><span class='ocrx_word' id='word_1_172' title='bbox 113 1102 340 1140; x_wconf 89' lang='lat' dir='ltr'><strong>articulatas</strong></span> <span class='ocrx_word' id='word_1_173' title='bbox 370 1100 515 1136; x_wconf 82' lang='lat' dir='ltr'><strong>factum</strong></span> <span class='ocrx_word' id='word_1_174' title='bbox 547 1103 616 1142; x_wconf 87' lang='lat' dir='ltr'><strong>est,</strong></span> <span class='ocrx_word' id='word_1_175' title='bbox 648 1097 881 1146; x_wconf 81' lang='lat' dir='ltr'><strong>faciliusque</strong></span> <span class='ocrx_word' id='word_1_176' title='bbox 913 1097 964 1135; x_wconf 89' lang='lat' dir='ltr'><strong>ab</strong></span> <span class='ocrx_word' id='word_1_177' title='bbox 992 1106 1110 1136; x_wconf 84' lang='lat' dir='ltr'><strong>acuto</strong></span> <span class='ocrx_word' id='word_1_178' title='bbox 1142 1100 1187 1134; x_wconf 90' lang='lat' dir='ltr'><strong>in·</strong></span> <span class='ocrx_word' id='word_1_179' title='bbox 1211 1107 1331 1148; x_wconf 84' lang='lat' dir='ltr'><strong>grave</strong></span> <span class='ocrx_word' id='word_1_180' title='bbox 1372 1105 1413 1138; x_wconf 90' lang='lat' dir='ltr'><strong>et</strong></span> <span class='ocrx_word' id='word_1_181' title='bbox 1444 1102 1615 1138; x_wconf 89' lang='lat' dir='ltr'><strong>vicissim</strong></span> <span class='ocrx_word' id='word_1_182' title='bbox 1646 1111 1714 1150; x_wconf 86' lang='lat' dir='ltr'><strong>per</strong></span> <span class='ocrx_word' id='word_1_183' title='bbox 1742 1100 1912 1139; x_wconf 85' lang='lat' dir='ltr'><strong>saltuum</strong></span> 
     </span>
     <span class='ocr_line' id='line_1_18' title="bbox 114 1155 1911 1208; baseline -0.001 -10"><span class='ocrx_word' id='word_1_184' title='bbox 114 1160 236 1198; x_wconf 91' lang='lat' dir='ltr'><strong>veluti</strong></span> <span class='ocrx_word' id='word_1_185' title='bbox 267 1157 474 1196; x_wconf 83' lang='lat' dir='ltr'><strong>intervalla</strong></span> <span class='ocrx_word' id='word_1_186' title='bbox 504 1159 732 1206; x_wconf 85' lang='lat' dir='ltr'><strong>sonitusque</strong></span> <span class='ocrx_word' id='word_1_187' title='bbox 774 1155 962 1195; x_wconf 81' lang='lat' dir='ltr'><strong>discretos</strong></span> <span class='ocrx_word' id='word_1_188' title='bbox 990 1158 1256 1204; x_wconf 84' lang='lat' dir='ltr'><strong>pervenimus,</strong></span> <span class='ocrx_word' id='word_1_189' title='bbox 1300 1169 1417 1208; x_wconf 89' lang='lat' dir='ltr'><strong>quam</strong></span> <span class='ocrx_word' id='word_1_190' title='bbox 1446 1161 1479 1196; x_wconf 88' lang='lat' dir='ltr'><strong>si</strong></span> <span class='ocrx_word' id='word_1_191' title='bbox 1506 1159 1731 1208; x_wconf 86' lang='lat' dir='ltr'><strong>juberemur</strong></span> <span class='ocrx_word' id='word_1_192' title='bbox 1762 1159 1819 1197; x_wconf 87' lang='lat' dir='ltr'><strong>uti</strong></span> <span class='ocrx_word' id='word_1_193' title='bbox 1849 1159 1911 1196; x_wconf 92' lang='lat' dir='ltr'><strong>in-</strong></span> 
     </span>
     <span class='ocr_line' id='line_1_19' title="bbox 114 1214 1912 1267; baseline -0.001 -10"><span class='ocrx_word' id='word_1_194' title='bbox 114 1220 289 1257; x_wconf 87' lang='lat' dir='ltr'><strong>tensione</strong></span> <span class='ocrx_word' id='word_1_195' title='bbox 320 1217 515 1254; x_wconf 89' lang='lat' dir='ltr'><strong>continua.</strong></span> <span class='ocrx_word' id='word_1_196' title='bbox 575 1214 682 1253; x_wconf 88' lang='lat' dir='ltr'><strong>Nihil</strong></span> <span class='ocrx_word' id='word_1_197' title='bbox 715 1215 832 1263; x_wconf 85' lang='lat' dir='ltr'><strong>igitur</strong></span> <span class='ocrx_word' id='word_1_198' title='bbox 860 1215 1011 1261; x_wconf 87' lang='lat' dir='ltr'><strong>mirum,</strong></span> <span class='ocrx_word' id='word_1_199' title='bbox 1043 1216 1080 1251; x_wconf 90' lang='lat' dir='ltr'><strong>in</strong></span> <span class='ocrx_word' id='word_1_200' title='bbox 1113 1216 1283 1254; x_wconf 89' lang='lat' dir='ltr'><strong>motibus</strong></span> <span class='ocrx_word' id='word_1_201' title='bbox 1313 1216 1547 1256; x_wconf 87' lang='lat' dir='ltr'><strong>coelestibus</strong></span> <span class='ocrx_word' id='word_1_202' title='bbox 1577 1215 1665 1255; x_wconf 87' lang='lat' dir='ltr'><strong>cum</strong></span> <span class='ocrx_word' id='word_1_203' title='bbox 1695 1219 1782 1266; x_wconf 86' lang='lat' dir='ltr'><strong>ipsa</strong></span> <span class='ocrx_word' id='word_1_204' title='bbox 1810 1228 1912 1267; x_wconf 88' lang='lat' dir='ltr'><strong>aug-</strong></span> 
     </span>
     <span class='ocr_line' id='line_1_20' title="bbox 114 1270 1913 1325; baseline -0.001 -10"><span class='ocrx_word' id='word_1_205' title='bbox 114 1277 351 1315; x_wconf 86' lang='lat' dir='ltr'><strong>mentatione</strong></span> <span class='ocrx_word' id='word_1_206' title='bbox 383 1280 420 1311; x_wconf 90' lang='lat' dir='ltr'><strong>et</strong></span> <span class='ocrx_word' id='word_1_207' title='bbox 452 1274 705 1311; x_wconf 87' lang='lat' dir='ltr'><strong>diminutione</strong></span> <span class='ocrx_word' id='word_1_208' title='bbox 738 1273 939 1319; x_wconf 88' lang='lat' dir='ltr'><strong>continua,</strong></span> <span class='ocrx_word' id='word_1_209' title='bbox 982 1284 1082 1322; x_wconf 86' lang='lat' dir='ltr'><strong>quae</strong></span> <span class='ocrx_word' id='word_1_210' title='bbox 1124 1276 1238 1311; x_wconf 88' lang='lat' dir='ltr'><strong>vitari</strong></span> <span class='ocrx_word' id='word_1_211' title='bbox 1278 1285 1355 1322; x_wconf 81' lang='lat' dir='ltr'><strong>non</strong></span> <span class='ocrx_word' id='word_1_212' title='bbox 1385 1270 1532 1325; x_wconf 83' lang='lat' dir='ltr'><strong>potuit,</strong></span> <span class='ocrx_word' id='word_1_213' title='bbox 1577 1276 1913 1314; x_wconf 68' lang='lat' dir='ltr'><strong>mansisse&#39;etiam</strong></span> 
     </span>
     <span class='ocr_line' id='line_1_21' title="bbox 114 1332 1966 1380; baseline -0.001 -8"><span class='ocrx_word' id='word_1_214' title='bbox 114 1333 320 1373; x_wconf 84' lang='lat' dir='ltr'><strong>intervalla</strong></span> <span class='ocrx_word' id='word_1_215' title='bbox 350 1334 597 1378; x_wconf 86' lang='lat' dir='ltr'><strong>inconcinna,</strong></span> <span class='ocrx_word' id='word_1_216' title='bbox 639 1333 761 1369; x_wconf 85' lang='lat' dir='ltr'><strong>mixta</strong></span> <span class='ocrx_word' id='word_1_217' title='bbox 792 1332 988 1368; x_wconf 87' lang='lat' dir='ltr'><strong>concinnis</strong></span> <span class='ocrx_word' id='word_1_218' title='bbox 1020 1338 1058 1369; x_wconf 87' lang='lat' dir='ltr'><strong>et</strong></span> <span class='ocrx_word' id='word_1_219' title='bbox 1090 1333 1288 1380; x_wconf 87' lang='lat' dir='ltr'><strong>consonis,</strong></span> <span class='ocrx_word' id='word_1_220' title='bbox 1330 1335 1367 1371; x_wconf 91' lang='lat' dir='ltr'><strong>in</strong></span> <span class='ocrx_word' id='word_1_221' title='bbox 1400 1339 1515 1372; x_wconf 90' lang='lat' dir='ltr'><strong>cantu</strong></span> <span class='ocrx_word' id='word_1_222' title='bbox 1547 1333 1743 1380; x_wconf 87' lang='lat' dir='ltr'><strong>humano,</strong></span> <span class='ocrx_word' id='word_1_223' title='bbox 1785 1333 1915 1372; x_wconf 88' lang='lat' dir='ltr'><strong>elimi-</strong></span> <span class='ocrx_word' id='word_1_224' title='bbox 1962 1347 1966 1351; x_wconf 93' lang='lat'>·</span> 
     </span>
    </p>
   </div>
   <div class='ocr_carea' id='block_1_3' title="bbox 52 1389 1969 1442">
    <p class='ocr_par' dir='ltr' id='par_1_4' title="bbox 52 1389 1969 1442">
     <span class='ocr_line' id='line_1_22' title="bbox 52 1389 1969 1442; baseline -0.001 -10"><span class='ocrx_word' id='word_1_225' title='bbox 52 1404 63 1413; x_wconf 62' lang='lat'>³</span> <span class='ocrx_word' id='word_1_226' title='bbox 115 1394 216 1432; x_wconf 87' lang='lat' dir='ltr'><strong>natis</strong></span> <span class='ocrx_word' id='word_1_227' title='bbox 249 1391 427 1430; x_wconf 91' lang='lat' dir='ltr'><strong>omnibus</strong></span> <span class='ocrx_word' id='word_1_228' title='bbox 459 1391 710 1435; x_wconf 83' lang='lat' dir='ltr'><strong>inconcinnis,</strong></span> <span class='ocrx_word' id='word_1_229' title='bbox 744 1389 830 1427; x_wconf 88' lang='lat' dir='ltr'><strong>sola</strong></span> <span class='ocrx_word' id='word_1_230' title='bbox 860 1391 1049 1427; x_wconf 91' lang='lat' dir='ltr'><strong>concinna</strong></span> <span class='ocrx_word' id='word_1_231' title='bbox 1080 1397 1118 1427; x_wconf 93' lang='lat' dir='ltr'><strong>et</strong></span> <span class='ocrx_word' id='word_1_232' title='bbox 1150 1401 1322 1429; x_wconf 90' lang='lat' dir='ltr'><strong>consona</strong></span> <span class='ocrx_word' id='word_1_233' title='bbox 1357 1392 1569 1431; x_wconf 79' lang='lat' dir='ltr'><strong>observari.</strong></span> <span class='ocrx_word' id='word_1_234' title='bbox 1629 1391 1766 1442; x_wconf 86' lang='lat' dir='ltr'><strong>Neque</strong></span> <span class='ocrx_word' id='word_1_235' title='bbox 1796 1391 1916 1431; x_wconf 87' lang='lat' dir='ltr'><strong>habet</strong></span> <span class='ocrx_word' id='word_1_236' title='bbox 1968 1431 1969 1434; x_wconf 66' lang='grc'>,</span> 
     </span>
    </p>
   </div>
   <div class='ocr_carea' id='block_1_4' title="bbox 115 1448 1992 2607">
    <p class='ocr_par' dir='ltr' id='par_1_5' title="bbox 115 1448 1992 2607">
     <span class='ocr_line' id='line_1_23' title="bbox 115 1448 1992 1499; baseline -0.001 -10"><span class='ocrx_word' id='word_1_237' title='bbox 115 1452 228 1497; x_wconf 89' lang='lat' dir='ltr'><strong>ideo,</strong></span> <span class='ocrx_word' id='word_1_238' title='bbox 259 1461 336 1499; x_wconf 88' lang='lat' dir='ltr'><strong>quo</strong></span> <span class='ocrx_word' id='word_1_239' title='bbox 367 1449 551 1498; x_wconf 80' lang='lat' dir='ltr'><strong>glorietur</strong></span> <span class='ocrx_word' id='word_1_240' title='bbox 582 1455 718 1486; x_wconf 90' lang='lat' dir='ltr'><strong>cantus</strong></span> <span class='ocrx_word' id='word_1_241' title='bbox 749 1459 840 1498; x_wconf 85' lang='lat' dir='ltr'><strong>prae</strong></span> <span class='ocrx_word' id='word_1_242' title='bbox 871 1448 1108 1485; x_wconf 87' lang='lat' dir='ltr'><strong>motionibus</strong></span> <span class='ocrx_word' id='word_1_243' title='bbox 1130 1449 1381 1499; x_wconf 81' lang='lat' dir='ltr'><strong>coelestibus3</strong></span> <span class='ocrx_word' id='word_1_244' title='bbox 1418 1451 1494 1488; x_wconf 84' lang='lat' dir='ltr'><strong>illis</strong></span> <span class='ocrx_word' id='word_1_245' title='bbox 1525 1462 1561 1489; x_wconf 95' lang='lat' dir='ltr'><strong>n.</strong></span> <span class='ocrx_word' id='word_1_246' title='bbox 1595 1449 1702 1488; x_wconf 88' lang='lat' dir='ltr'><strong>aliud</strong></span> <span class='ocrx_word' id='word_1_247' title='bbox 1734 1449 1914 1498; x_wconf 84' lang='lat' dir='ltr'><strong>officium,</strong></span> <span class='ocrx_word' id='word_1_248' title='bbox 1971 1468 1992 1499; x_wconf 47' lang='grc' dir='ltr'><strong>ν,</strong></span> 
     </span>
     <span class='ocr_line' id='line_1_24' title="bbox 117 1506 1975 1559; baseline -0.001 -12"><span class='ocrx_word' id='word_1_249' title='bbox 117 1509 221 1559; x_wconf 90' lang='lat' dir='ltr'><strong>quod</strong></span> <span class='ocrx_word' id='word_1_250' title='bbox 252 1513 452 1559; x_wconf 79' lang='lat' dir='ltr'><strong>peragant,</strong></span> <span class='ocrx_word' id='word_1_251' title='bbox 485 1513 542 1545; x_wconf 89' lang='lat' dir='ltr'><strong>est</strong></span> <span class='ocrx_word' id='word_1_252' title='bbox 573 1507 868 1554; x_wconf 78' lang='lat' dir='ltr'><strong>demandatum3</strong></span> <span class='ocrx_word' id='word_1_253' title='bbox 900 1506 1124 1544; x_wconf 90' lang='lat' dir='ltr'><strong>harmonica</strong></span> <span class='ocrx_word' id='word_1_254' title='bbox 1150 1510 1454 1559; x_wconf 83' lang='lat' dir='ltr'><strong>contemperatio</strong></span> <span class='ocrx_word' id='word_1_255' title='bbox 1486 1509 1582 1559; x_wconf 88' lang='lat' dir='ltr'><strong>ipsis</strong></span> <span class='ocrx_word' id='word_1_256' title='bbox 1613 1513 1673 1546; x_wconf 89' lang='lat' dir='ltr'><strong>est</strong></span> <span class='ocrx_word' id='word_1_257' title='bbox 1700 1509 1918 1548; x_wconf 84' lang='lat' dir='ltr'><strong>accessoria</strong></span> <span class='ocrx_word' id='word_1_258' title='bbox 1970 1514 1975 1522; x_wconf 74' lang='lat'><strong>²</strong></span> 
     </span>
     <span class='ocr_line' id='line_1_25' title="bbox 115 1563 1971 1617; baseline -0.001 -11"><span class='ocrx_word' id='word_1_259' title='bbox 115 1573 277 1614; x_wconf 85' lang='lat' dir='ltr'><strong>tantum,</strong></span> <span class='ocrx_word' id='word_1_260' title='bbox 311 1571 446 1604; x_wconf 88' lang='lat' dir='ltr'><strong>cantus</strong></span> <span class='ocrx_word' id='word_1_261' title='bbox 478 1571 629 1615; x_wconf 87' lang='lat' dir='ltr'><strong>praeter</strong></span> <span class='ocrx_word' id='word_1_262' title='bbox 661 1565 880 1602; x_wconf 86' lang='lat' dir='ltr'><strong>harmonias</strong></span> <span class='ocrx_word' id='word_1_263' title='bbox 910 1564 1006 1604; x_wconf 82' lang='lat' dir='ltr'><strong>nihil</strong></span> <span class='ocrx_word' id='word_1_264' title='bbox 1040 1565 1145 1614; x_wconf 88' lang='lat' dir='ltr'><strong>quod</strong></span> <span class='ocrx_word' id='word_1_265' title='bbox 1176 1571 1326 1616; x_wconf 86' lang='lat' dir='ltr'><strong>spectet</strong></span> <span class='ocrx_word' id='word_1_266' title='bbox 1355 1567 1487 1615; x_wconf 89' lang='lat' dir='ltr'><strong>habet,</strong></span> <span class='ocrx_word' id='word_1_267' title='bbox 1518 1566 1615 1604; x_wconf 89' lang='lat' dir='ltr'><strong>nihil</strong></span> <span class='ocrx_word' id='word_1_268' title='bbox 1646 1572 1755 1606; x_wconf 86' lang='lat' dir='ltr'><strong>extra</strong></span> <span class='ocrx_word' id='word_1_269' title='bbox 1784 1563 1917 1617; x_wconf 85' lang='lat' dir='ltr'><strong>requi·</strong></span> <span class='ocrx_word' id='word_1_270' title='bbox 1969 1608 1971 1610; x_wconf 53' lang='grc'>,</span> 
     </span>
     <span class='ocr_line' id='line_1_26' title="bbox 116 1622 1314 1674; baseline -0.001 -11"><span class='ocrx_word' id='word_1_271' title='bbox 116 1628 184 1674; x_wconf 84' lang='lat' dir='ltr'><strong>rit,</strong></span> <span class='ocrx_word' id='word_1_272' title='bbox 218 1628 257 1663; x_wconf 92' lang='lat' dir='ltr'><strong>in</strong></span> <span class='ocrx_word' id='word_1_273' title='bbox 290 1636 408 1663; x_wconf 89' lang='lat' dir='ltr'><strong>unum</strong></span> <span class='ocrx_word' id='word_1_274' title='bbox 437 1625 566 1661; x_wconf 86' lang='lat' dir='ltr'><strong>solum</strong></span> <span class='ocrx_word' id='word_1_275' title='bbox 596 1624 710 1662; x_wconf 86' lang='lat' dir='ltr'><strong>finem</strong></span> <span class='ocrx_word' id='word_1_276' title='bbox 743 1622 1011 1660; x_wconf 86' lang='lat' dir='ltr'><strong>delectationis</strong></span> <span class='ocrx_word' id='word_1_277' title='bbox 1042 1624 1213 1662; x_wconf 87' lang='lat' dir='ltr'><strong>intentus</strong></span> <span class='ocrx_word' id='word_1_278' title='bbox 1245 1629 1314 1662; x_wconf 88' lang='lat' dir='ltr'><strong>est.</strong></span> 
     </span>
     <span class='ocr_line' id='line_1_27' title="bbox 233 1670 1968 1736; baseline -0.001 -14"><span class='ocrx_word' id='word_1_279' title='bbox 233 1686 333 1722; x_wconf 68' lang='lat' dir='ltr'><strong>Sunt</strong></span> <span class='ocrx_word' id='word_1_280' title='bbox 375 1687 414 1720; x_wconf 92' lang='lat' dir='ltr'><strong>et</strong></span> <span class='ocrx_word' id='word_1_281' title='bbox 455 1682 534 1720; x_wconf 90' lang='lat' dir='ltr'><strong>alia</strong></span> <span class='ocrx_word' id='word_1_282' title='bbox 576 1693 694 1732; x_wconf 90' lang='lat' dir='ltr'><strong>opera</strong></span> <span class='ocrx_word' id='word_1_283' title='bbox 738 1682 927 1727; x_wconf 90' lang='lat' dir='ltr'><strong>humana,</strong></span> <span class='ocrx_word' id='word_1_284' title='bbox 973 1682 1011 1718; x_wconf 93' lang='lat' dir='ltr'><strong>in</strong></span> <span class='ocrx_word' id='word_1_285' title='bbox 1054 1692 1154 1730; x_wconf 89' lang='lat' dir='ltr'><strong>quae</strong></span> <span class='ocrx_word' id='word_1_286' title='bbox 1195 1694 1303 1722; x_wconf 89' lang='lat' dir='ltr'><strong>mens</strong></span> <span class='ocrx_word' id='word_1_287' title='bbox 1345 1684 1615 1734; x_wconf 85' lang='lat' dir='ltr'><strong>proportiones</strong></span> <span class='ocrx_word' id='word_1_288' title='bbox 1658 1670 1939 1731; x_wconf 64' lang='lat' dir='ltr'><strong>harmonicas,¹¹</strong></span> <span class='ocrx_word' id='word_1_289' title='bbox 1966 1731 1968 1736; x_wconf 72' lang='lat'>‚</span> 
     </span>
     <span class='ocr_line' id='line_1_28' title="bbox 119 1739 1916 1791; baseline -0.001 -10"><span class='ocrx_word' id='word_1_290' title='bbox 119 1744 322 1782; x_wconf 88' lang='lat' dir='ltr'><strong>obscurius</strong></span> <span class='ocrx_word' id='word_1_291' title='bbox 363 1746 493 1779; x_wconf 86' lang='lat' dir='ltr'><strong>tamen</strong></span> <span class='ocrx_word' id='word_1_292' title='bbox 534 1747 572 1778; x_wconf 90' lang='lat' dir='ltr'><strong>et</strong></span> <span class='ocrx_word' id='word_1_293' title='bbox 604 1740 739 1787; x_wconf 87' lang='lat' dir='ltr'><strong>vilius,</strong></span> <span class='ocrx_word' id='word_1_294' title='bbox 785 1739 1018 1787; x_wconf 87' lang='lat' dir='ltr'><strong>introducit,</strong></span> <span class='ocrx_word' id='word_1_295' title='bbox 1059 1746 1102 1777; x_wconf 93' lang='lat' dir='ltr'><strong>ut</strong></span> <span class='ocrx_word' id='word_1_296' title='bbox 1143 1752 1229 1778; x_wconf 90' lang='lat' dir='ltr'><strong>cum</strong></span> <span class='ocrx_word' id='word_1_297' title='bbox 1261 1748 1397 1780; x_wconf 90' lang='lat' dir='ltr'><strong>cantus</strong></span> <span class='ocrx_word' id='word_1_298' title='bbox 1436 1753 1513 1780; x_wconf 90' lang='lat' dir='ltr'><strong>non</strong></span> <span class='ocrx_word' id='word_1_299' title='bbox 1545 1741 1733 1791; x_wconf 85' lang='lat' dir='ltr'><strong>qualitate</strong></span> <span class='ocrx_word' id='word_1_300' title='bbox 1767 1746 1916 1780; x_wconf 85' lang='lat' dir='ltr'><strong>tantum</strong></span> 
     </span>
     <span class='ocr_line' id='line_1_29' title="bbox 118 1798 1972 1850; baseline -0.002 -10"><span class='ocrx_word' id='word_1_301' title='bbox 118 1802 306 1840; x_wconf 87' lang='lat' dir='ltr'><strong>acuminis</strong></span> <span class='ocrx_word' id='word_1_302' title='bbox 339 1805 378 1837; x_wconf 86' lang='lat' dir='ltr'><strong>et</strong></span> <span class='ocrx_word' id='word_1_303' title='bbox 408 1801 623 1848; x_wconf 87' lang='lat' dir='ltr'><strong>gravitatis,</strong></span> <span class='ocrx_word' id='word_1_304' title='bbox 656 1798 725 1836; x_wconf 87' lang='lat' dir='ltr'><strong>scd</strong></span> <span class='ocrx_word' id='word_1_305' title='bbox 754 1799 912 1848; x_wconf 84' lang='lat' dir='ltr'><strong>insuper</strong></span> <span class='ocrx_word' id='word_1_306' title='bbox 942 1800 1059 1836; x_wconf 90' lang='lat' dir='ltr'><strong>etiam</strong></span> <span class='ocrx_word' id='word_1_307' title='bbox 1089 1811 1270 1838; x_wconf 85' lang='lat' dir='ltr'><strong>mensura</strong></span> <span class='ocrx_word' id='word_1_308' title='bbox 1301 1804 1449 1850; x_wconf 83' lang='lat' dir='ltr'><strong>tactus,</strong></span> <span class='ocrx_word' id='word_1_309' title='bbox 1486 1801 1745 1850; x_wconf 86' lang='lat' dir='ltr'><strong>proportionis</strong></span> <span class='ocrx_word' id='word_1_310' title='bbox 1775 1798 1917 1849; x_wconf 80' lang='lat' dir='ltr'><strong>duplae</strong></span> <span class='ocrx_word' id='word_1_311' title='bbox 1967 1802 1972 1844; x_wconf 72' lang='lat' dir='ltr'><strong><em>J</em></strong></span> 
     </span>
     <span class='ocr_line' id='line_1_30' title="bbox 119 1857 1970 1909; baseline -0.002 -12"><span class='ocrx_word' id='word_1_312' title='bbox 119 1866 156 1898; x_wconf 93' lang='lat' dir='ltr'><strong>et</strong></span> <span class='ocrx_word' id='word_1_313' title='bbox 188 1859 327 1909; x_wconf 85' lang='lat' dir='ltr'><strong>triplae</strong></span> <span class='ocrx_word' id='word_1_314' title='bbox 358 1859 568 1907; x_wconf 86' lang='lat' dir='ltr'><strong>participe,</strong></span> <span class='ocrx_word' id='word_1_315' title='bbox 612 1858 858 1904; x_wconf 81' lang='lat' dir='ltr'><strong>informatur3</strong></span> <span class='ocrx_word' id='word_1_316' title='bbox 902 1861 940 1894; x_wconf 92' lang='lat' dir='ltr'><strong>et</strong></span> <span class='ocrx_word' id='word_1_317' title='bbox 971 1868 1120 1894; x_wconf 91' lang='lat' dir='ltr'><strong>rursum</strong></span> <span class='ocrx_word' id='word_1_318' title='bbox 1160 1859 1196 1894; x_wconf 90' lang='lat' dir='ltr'><strong>in</strong></span> <span class='ocrx_word' id='word_1_319' title='bbox 1230 1864 1337 1895; x_wconf 89' lang='lat' dir='ltr'><strong>motu</strong></span> <span class='ocrx_word' id='word_1_320' title='bbox 1368 1869 1595 1908; x_wconf 79' lang='lat' dir='ltr'><strong>corporum,</strong></span> <span class='ocrx_word' id='word_1_321' title='bbox 1638 1869 1724 1896; x_wconf 89' lang='lat' dir='ltr'><strong>cum</strong></span> <span class='ocrx_word' id='word_1_322' title='bbox 1755 1857 1918 1896; x_wconf 78' lang='lat' dir='ltr'><strong>saltatur</strong></span> <span class='ocrx_word' id='word_1_323' title='bbox 1966 1861 1970 1875; x_wconf 68' lang='lat'>⁸</span> 
     </span>
     <span class='ocr_line' id='line_1_31' title="bbox 118 1914 1963 1967; baseline -0.001 -12"><span class='ocrx_word' id='word_1_324' title='bbox 118 1921 158 1956; x_wconf 90' lang='lat' dir='ltr'><strong>in</strong></span> <span class='ocrx_word' id='word_1_325' title='bbox 191 1917 361 1963; x_wconf 86' lang='lat' dir='ltr'><strong>choreis,</strong></span> <span class='ocrx_word' id='word_1_326' title='bbox 403 1918 571 1963; x_wconf 88' lang='lat' dir='ltr'><strong>primum</strong></span> <span class='ocrx_word' id='word_1_327' title='bbox 602 1917 640 1952; x_wconf 91' lang='lat' dir='ltr'><strong>in</strong></span> <span class='ocrx_word' id='word_1_328' title='bbox 670 1914 933 1963; x_wconf 84' lang='lat' dir='ltr'><strong>aequalitatis,</strong></span> <span class='ocrx_word' id='word_1_329' title='bbox 975 1916 1169 1962; x_wconf 89' lang='lat' dir='ltr'><strong>posterius</strong></span> <span class='ocrx_word' id='word_1_330' title='bbox 1199 1917 1238 1952; x_wconf 92' lang='lat' dir='ltr'><strong>in</strong></span> <span class='ocrx_word' id='word_1_331' title='bbox 1270 1916 1389 1966; x_wconf 88' lang='lat' dir='ltr'><strong>dupla</strong></span> <span class='ocrx_word' id='word_1_332' title='bbox 1418 1918 1678 1967; x_wconf 84' lang='lat' dir='ltr'><strong>proportione.</strong></span> <span class='ocrx_word' id='word_1_333' title='bbox 1725 1917 1841 1964; x_wconf 66' lang='lat' dir='ltr'><strong>(vide,</strong></span> <span class='ocrx_word' id='word_1_334' title='bbox 1857 1918 1918 1954; x_wconf 81' lang='lat' dir='ltr'><strong>lib.</strong></span> <span class='ocrx_word' id='word_1_335' title='bbox 1962 1952 1963 1956; x_wconf 73' lang='grc'>,</span> 
     </span>
     <span class='ocr_line' id='line_1_32' title="bbox 118 1973 1972 2025; baseline 0 -12"><span class='ocrx_word' id='word_1_336' title='bbox 118 1976 376 2019; x_wconf 47' lang='lat' dir='ltr'><strong>111.f01.137.,›</strong></span> <span class='ocrx_word' id='word_1_337' title='bbox 433 1974 548 2022; x_wconf 82' lang='lat' dir='ltr'><strong>Quod</strong></span> <span class='ocrx_word' id='word_1_338' title='bbox 579 1973 681 2011; x_wconf 89' lang='lat' dir='ltr'><strong>idem</strong></span> <span class='ocrx_word' id='word_1_339' title='bbox 723 1979 761 2010; x_wconf 91' lang='lat' dir='ltr'><strong>et</strong></span> <span class='ocrx_word' id='word_1_340' title='bbox 793 1979 933 2022; x_wconf 87' lang='lat' dir='ltr'><strong>poetae</strong></span> <span class='ocrx_word' id='word_1_341' title='bbox 965 1974 1164 2011; x_wconf 87' lang='lat' dir='ltr'><strong>imitantur</strong></span> <span class='ocrx_word' id='word_1_342' title='bbox 1206 1977 1502 2014; x_wconf 87' lang='lat' dir='ltr'><strong>concinnatione</strong></span> <span class='ocrx_word' id='word_1_343' title='bbox 1531 1975 1673 2024; x_wconf 87' lang='lat' dir='ltr'><strong>pedum</strong></span> <span class='ocrx_word' id='word_1_344' title='bbox 1716 1986 1764 2012; x_wconf 84' lang='lat' dir='ltr'><strong>ex</strong></span> <span class='ocrx_word' id='word_1_345' title='bbox 1794 1974 1918 2025; x_wconf 87' lang='lat' dir='ltr'><strong>sylla-</strong></span> <span class='ocrx_word' id='word_1_346' title='bbox 1969 1979 1972 1984; x_wconf 76' lang='grc'><strong><em>”</em></strong></span> 
     </span>
     <span class='ocr_line' id='line_1_33' title="bbox 122 2031 1961 2082; baseline 0 -11"><span class='ocrx_word' id='word_1_347' title='bbox 122 2035 193 2080; x_wconf 89' lang='lat' dir='ltr'><strong>bis,</strong></span> <span class='ocrx_word' id='word_1_348' title='bbox 226 2032 346 2080; x_wconf 83' lang='lat' dir='ltr'><strong>longa</strong></span> <span class='ocrx_word' id='word_1_349' title='bbox 376 2039 414 2071; x_wconf 87' lang='lat' dir='ltr'><strong>et</strong></span> <span class='ocrx_word' id='word_1_350' title='bbox 445 2034 574 2079; x_wconf 88' lang='lat' dir='ltr'><strong>brevi,</strong></span> <span class='ocrx_word' id='word_1_351' title='bbox 617 2043 780 2080; x_wconf 89' lang='lat' dir='ltr'><strong>quarum</strong></span> <span class='ocrx_word' id='word_1_352' title='bbox 820 2031 888 2068; x_wconf 88' lang='lat' dir='ltr'><strong>illa</strong></span> <span class='ocrx_word' id='word_1_353' title='bbox 918 2033 1073 2080; x_wconf 90' lang='lat' dir='ltr'><strong>ponitur</strong></span> <span class='ocrx_word' id='word_1_354' title='bbox 1111 2032 1346 2082; x_wconf 78' lang='lat' dir='ltr'><strong>esse-dupla</strong></span> <span class='ocrx_word' id='word_1_355' title='bbox 1376 2033 1511 2082; x_wconf 90' lang='lat' dir='ltr'><strong>hujus:</strong></span> <span class='ocrx_word' id='word_1_356' title='bbox 1554 2033 1620 2070; x_wconf 91' lang='lat' dir='ltr'><strong>nbi</strong></span> <span class='ocrx_word' id='word_1_357' title='bbox 1660 2032 1818 2081; x_wconf 88' lang='lat' dir='ltr'><strong>jambus</strong></span> <span class='ocrx_word' id='word_1_358' title='bbox 1849 2032 1916 2080; x_wconf 81' lang='grc' dir='ltr'>υ-,’</span> <span class='ocrx_word' id='word_1_359' title='bbox 1958 2060 1961 2061; x_wconf 29' lang='lat'><em>⁷</em></span> 
     </span>
     <span class='ocr_line' id='line_1_34' title="bbox 122 2089 1965 2143; baseline 0.001 -15"><span class='ocrx_word' id='word_1_360' title='bbox 122 2091 330 2129; x_wconf 87' lang='lat' dir='ltr'><strong>trochaeus</strong></span> <span class='ocrx_word' id='word_1_361' title='bbox 362 2113 408 2130; x_wconf 73' lang='grc' dir='ltr'><strong>-υ</strong></span> <span class='ocrx_word' id='word_1_362' title='bbox 446 2090 507 2128; x_wconf 91' lang='lat' dir='ltr'><strong>vel</strong></span> <span class='ocrx_word' id='word_1_363' title='bbox 540 2089 743 2127; x_wconf 87' lang='lat' dir='ltr'><strong>tribrachis</strong></span> <span class='ocrx_word' id='word_1_364' title='bbox 775 2105 868 2126; x_wconf 85' lang='grc' dir='ltr'><strong>υυυ</strong></span> <span class='ocrx_word' id='word_1_365' title='bbox 899 2089 949 2126; x_wconf 88' lang='lat' dir='ltr'><strong>ad</strong></span> <span class='ocrx_word' id='word_1_366' title='bbox 981 2089 1219 2139; x_wconf 87' lang='lat' dir='ltr'><strong>spondaeum</strong></span> <span class='ocrx_word' id='word_1_367' title='bbox 1251 2111 1326 2134; x_wconf 84' lang='lat'><strong>—-,</strong></span> <span class='ocrx_word' id='word_1_368' title='bbox 1370 2090 1566 2141; x_wconf 89' lang='lat' dir='ltr'><strong>dactylum</strong></span> <span class='ocrx_word' id='word_1_369' title='bbox 1595 2111 1703 2137; x_wconf 82' lang='grc' dir='ltr'>-υυ,</span> <span class='ocrx_word' id='word_1_370' title='bbox 1745 2101 1928 2143; x_wconf 51' lang='lat' dir='ltr'><strong>antipae-1</strong></span> <span class='ocrx_word' id='word_1_371' title='bbox 1959 2102 1965 2138; x_wconf 72' lang='lat' dir='ltr'><strong>j.</strong></span> 
     </span>
     <span class='ocr_line' id='line_1_35' title="bbox 121 2147 1969 2202; baseline -0.001 -14"><span class='ocrx_word' id='word_1_372' title='bbox 121 2155 224 2188; x_wconf 87' lang='lat' dir='ltr'><strong>stum</strong></span> <span class='ocrx_word' id='word_1_373' title='bbox 246 2166 344 2196; x_wconf 84' lang='grc' dir='ltr'>υυ-,</span> <span class='ocrx_word' id='word_1_374' title='bbox 376 2149 438 2188; x_wconf 84' lang='lat' dir='ltr'><strong>vel</strong></span> <span class='ocrx_word' id='word_1_375' title='bbox 461 2147 766 2197; x_wconf 83' lang='lat' dir='ltr'><strong>amphibrachyn</strong></span> <span class='ocrx_word' id='word_1_376' title='bbox 787 2165 896 2192; x_wconf 69' lang='grc' dir='ltr'>υ-υ,</span> <span class='ocrx_word' id='word_1_377' title='bbox 932 2147 992 2184; x_wconf 88' lang='lat' dir='ltr'><strong>vel</strong></span> <span class='ocrx_word' id='word_1_378' title='bbox 1014 2148 1400 2196; x_wconf 87' lang='lat' dir='ltr'><strong>proceleusmaticum</strong></span> <span class='ocrx_word' id='word_1_379' title='bbox 1422 2165 1481 2187; x_wconf 80' lang='grc' dir='ltr'><strong>υυ</strong></span> <span class='ocrx_word' id='word_1_380' title='bbox 1501 2167 1558 2186; x_wconf 80' lang='lat' dir='ltr'><strong>uu</strong></span> <span class='ocrx_word' id='word_1_381' title='bbox 1589 2154 1648 2187; x_wconf 90' lang='lat' dir='ltr'><strong>est</strong></span> <span class='ocrx_word' id='word_1_382' title='bbox 1669 2154 1712 2187; x_wconf 88' lang='lat' dir='ltr'><strong>ut</strong></span> <span class='ocrx_word' id='word_1_383' title='bbox 1741 2149 1764 2187; x_wconf 87' lang='lat'><strong>3</strong></span> <span class='ocrx_word' id='word_1_384' title='bbox 1799 2148 1848 2187; x_wconf 90' lang='lat' dir='ltr'><strong>ad</strong></span> <span class='ocrx_word' id='word_1_385' title='bbox 1870 2150 1918 2198; x_wconf 77' lang='lat'><strong>43</strong></span> <span class='ocrx_word' id='word_1_386' title='bbox 1968 2198 1969 2202; x_wconf 13' lang='grc' dir='ltr'><strong>Ἰ</strong></span> 
     </span>
     <span class='ocr_line' id='line_1_36' title="bbox 123 2207 1966 2255; baseline 0 -10"><span class='ocrx_word' id='word_1_387' title='bbox 123 2207 173 2245; x_wconf 84' lang='lat' dir='ltr'><strong>ad</strong></span> <span class='ocrx_word' id='word_1_388' title='bbox 195 2207 377 2246; x_wconf 85' lang='lat' dir='ltr'><strong>bacchios</strong></span> <span class='ocrx_word' id='word_1_389' title='bbox 399 2226 509 2253; x_wconf 87' lang='grc' dir='ltr'>υ--,</span> <span class='ocrx_word' id='word_1_390' title='bbox 534 2225 646 2252; x_wconf 87' lang='grc' dir='ltr'><strong><em>--υ,</em></strong></span> <span class='ocrx_word' id='word_1_391' title='bbox 680 2207 863 2243; x_wconf 80' lang='lat' dir='ltr'><strong>creticum</strong></span> <span class='ocrx_word' id='word_1_392' title='bbox 887 2225 976 2242; x_wconf 71' lang='grc' dir='ltr'><strong>-υ-</strong></span> <span class='ocrx_word' id='word_1_393' title='bbox 1012 2212 1051 2243; x_wconf 92' lang='lat' dir='ltr'><strong>et</strong></span> <span class='ocrx_word' id='word_1_394' title='bbox 1070 2218 1243 2254; x_wconf 88' lang='lat' dir='ltr'><strong>paeonas</strong></span> <span class='ocrx_word' id='word_1_395' title='bbox 1265 2223 1416 2252; x_wconf 77' lang='grc' dir='ltr'>-υυυ,</span> <span class='ocrx_word' id='word_1_396' title='bbox 1449 2225 1585 2255; x_wconf 80' lang='grc' dir='ltr'>υ-υυ,</span> <span class='ocrx_word' id='word_1_397' title='bbox 1620 2225 1761 2254; x_wconf 85' lang='grc' dir='ltr'><strong>υυ-υ,</strong></span> <span class='ocrx_word' id='word_1_398' title='bbox 1793 2222 1920 2245; x_wconf 83' lang='grc' dir='ltr'><strong>υυυ-</strong></span> <span class='ocrx_word' id='word_1_399' title='bbox 1962 2207 1966 2230; x_wconf 68' lang='lat' dir='ltr'>s</span> 
     </span>
     <span class='ocr_line' id='line_1_37' title="bbox 123 2263 1963 2316; baseline 0 -13"><span class='ocrx_word' id='word_1_400' title='bbox 123 2272 166 2303; x_wconf 92' lang='lat' dir='ltr'><strong>ut</strong></span> <span class='ocrx_word' id='word_1_401' title='bbox 197 2268 220 2303; x_wconf 87' lang='lat'><strong>3</strong></span> <span class='ocrx_word' id='word_1_402' title='bbox 254 2265 303 2303; x_wconf 80' lang='lat' dir='ltr'><strong>ad</strong></span> <span class='ocrx_word' id='word_1_403' title='bbox 338 2267 385 2314; x_wconf 82' lang='lat'><strong>53</strong></span> <span class='ocrx_word' id='word_1_404' title='bbox 416 2266 467 2304; x_wconf 87' lang='lat' dir='ltr'><strong>ad</strong></span> <span class='ocrx_word' id='word_1_405' title='bbox 498 2265 708 2302; x_wconf 83' lang='lat' dir='ltr'><strong>molossum</strong></span> <span class='ocrx_word' id='word_1_406' title='bbox 742 2284 839 2309; x_wconf 93' lang='lat'><strong>---,</strong></span> <span class='ocrx_word' id='word_1_407' title='bbox 871 2263 1136 2301; x_wconf 86' lang='lat' dir='ltr'><strong>choriambum</strong></span> <span class='ocrx_word' id='word_1_408' title='bbox 1157 2284 1294 2311; x_wconf 72' lang='grc' dir='ltr'>-υυ-,</span> <span class='ocrx_word' id='word_1_409' title='bbox 1322 2265 1476 2314; x_wconf 88' lang='lat' dir='ltr'><strong>j0nicos</strong></span> <span class='ocrx_word' id='word_1_410' title='bbox 1513 2270 1552 2304; x_wconf 89' lang='lat' dir='ltr'><strong>et</strong></span> <span class='ocrx_word' id='word_1_411' title='bbox 1572 2266 1806 2316; x_wconf 87' lang='lat' dir='ltr'><strong>compositos</strong></span> <span class='ocrx_word' id='word_1_412' title='bbox 1827 2275 1919 2303; x_wconf 85' lang='lat' dir='ltr'><strong>suos</strong></span> <span class='ocrx_word' id='word_1_413' title='bbox 1960 2308 1963 2310; x_wconf 54' lang='grc'>,</span> 
     </span>
     <span class='ocr_line' id='line_1_38' title="bbox 123 2320 1970 2373; baseline 0 -12"><span class='ocrx_word' id='word_1_414' title='bbox 123 2331 166 2362; x_wconf 90' lang='lat' dir='ltr'><strong>ut</strong></span> <span class='ocrx_word' id='word_1_415' title='bbox 200 2327 218 2361; x_wconf 90' lang='grc'>1</span> <span class='ocrx_word' id='word_1_416' title='bbox 253 2325 302 2362; x_wconf 85' lang='lat' dir='ltr'><strong>ad</strong></span> <span class='ocrx_word' id='word_1_417' title='bbox 335 2327 384 2373; x_wconf 82' lang='lat'><strong>23</strong></span> <span class='ocrx_word' id='word_1_418' title='bbox 425 2324 476 2362; x_wconf 90' lang='lat' dir='ltr'><strong>ad</strong></span> <span class='ocrx_word' id='word_1_419' title='bbox 506 2323 661 2361; x_wconf 89' lang='lat' dir='ltr'><strong>eosdem</strong></span> <span class='ocrx_word' id='word_1_420' title='bbox 693 2321 935 2371; x_wconf 81' lang='lat' dir='ltr'><strong>spondaeus,</strong></span> <span class='ocrx_word' id='word_1_421' title='bbox 980 2321 1157 2371; x_wconf 85' lang='lat' dir='ltr'><strong>dactylus</strong></span> <span class='ocrx_word' id='word_1_422' title='bbox 1189 2328 1227 2361; x_wconf 90' lang='lat' dir='ltr'><strong>et</strong></span> <span class='ocrx_word' id='word_1_423' title='bbox 1257 2325 1323 2372; x_wconf 92' lang='lat' dir='ltr'><strong>qui</strong></span> <span class='ocrx_word' id='word_1_424' title='bbox 1354 2323 1515 2361; x_wconf 89' lang='lat' dir='ltr'><strong>totidem</strong></span> <span class='ocrx_word' id='word_1_425' title='bbox 1551 2335 1637 2362; x_wconf 91' lang='lat' dir='ltr'><strong>cum</strong></span> <span class='ocrx_word' id='word_1_426' title='bbox 1667 2324 1714 2361; x_wconf 89' lang='lat' dir='ltr'><strong>iis</strong></span> <span class='ocrx_word' id='word_1_427' title='bbox 1744 2326 1919 2373; x_wconf 78' lang='lat' dir='ltr'><strong>tempora</strong></span> <span class='ocrx_word' id='word_1_428' title='bbox 1967 2320 1970 2355; x_wconf 77' lang='lat' dir='ltr'><strong><em>J</em></strong></span> 
     </span>
     <span class='ocr_line' id='line_1_39' title="bbox 123 2379 1987 2433; baseline -0.001 -13"><span class='ocrx_word' id='word_1_429' title='bbox 123 2383 288 2426; x_wconf 83' lang='lat' dir='ltr'><strong>habent,</strong></span> <span class='ocrx_word' id='word_1_430' title='bbox 330 2389 375 2420; x_wconf 93' lang='lat' dir='ltr'><strong>ut</strong></span> <span class='ocrx_word' id='word_1_431' title='bbox 406 2385 427 2420; x_wconf 83' lang='lat'>2</span> <span class='ocrx_word' id='word_1_432' title='bbox 461 2382 510 2420; x_wconf 89' lang='lat' dir='ltr'><strong>ad</strong></span> <span class='ocrx_word' id='word_1_433' title='bbox 544 2384 591 2429; x_wconf 77' lang='lat'><strong>33</strong></span> <span class='ocrx_word' id='word_1_434' title='bbox 624 2387 660 2418; x_wconf 91' lang='lat' dir='ltr'><strong>et</strong></span> <span class='ocrx_word' id='word_1_435' title='bbox 692 2380 731 2417; x_wconf 91' lang='lat' dir='ltr'><strong>hi</strong></span> <span class='ocrx_word' id='word_1_436' title='bbox 762 2379 879 2418; x_wconf 87' lang='lat' dir='ltr'><strong>iidem</strong></span> <span class='ocrx_word' id='word_1_437' title='bbox 910 2379 957 2417; x_wconf 85' lang='lat' dir='ltr'><strong>ad</strong></span> <span class='ocrx_word' id='word_1_438' title='bbox 990 2391 1180 2430; x_wconf 88' lang='lat' dir='ltr'><strong>paeonas,</strong></span> <span class='ocrx_word' id='word_1_439' title='bbox 1223 2387 1267 2418; x_wconf 90' lang='lat' dir='ltr'><strong>ut</strong></span> <span class='ocrx_word' id='word_1_440' title='bbox 1298 2384 1322 2420; x_wconf 82' lang='lat'>4</span> <span class='ocrx_word' id='word_1_441' title='bbox 1356 2382 1406 2420; x_wconf 91' lang='lat' dir='ltr'><strong>ad</strong></span> <span class='ocrx_word' id='word_1_442' title='bbox 1439 2383 1475 2420; x_wconf 89' lang='lat'><strong>5.</strong></span> <span class='ocrx_word' id='word_1_443' title='bbox 1535 2381 1712 2420; x_wconf 88' lang='lat' dir='ltr'><strong>Paeones</strong></span> <span class='ocrx_word' id='word_1_444' title='bbox 1744 2393 1837 2420; x_wconf 86' lang='lat' dir='ltr'><strong>vero</strong></span> <span class='ocrx_word' id='word_1_445' title='bbox 1868 2380 1917 2420; x_wconf 87' lang='lat' dir='ltr'><strong>ad</strong></span> <span class='ocrx_word' id='word_1_446' title='bbox 1968 2383 1987 2433; x_wconf 58' lang='grc' dir='ltr'><strong>ῥ’</strong></span> 
     </span>
     <span class='ocr_line' id='line_1_40' title="bbox 124 2437 1971 2485; baseline -0.002 -6"><span class='ocrx_word' id='word_1_447' title='bbox 124 2440 389 2479; x_wconf 90' lang='lat' dir='ltr'><strong>choriambum</strong></span> <span class='ocrx_word' id='word_1_448' title='bbox 420 2446 459 2479; x_wconf 87' lang='lat' dir='ltr'><strong>et</strong></span> <span class='ocrx_word' id='word_1_449' title='bbox 489 2441 638 2485; x_wconf 88' lang='lat' dir='ltr'><strong>socios,</strong></span> <span class='ocrx_word' id='word_1_450' title='bbox 673 2444 716 2485; x_wconf 79' lang='lat' dir='ltr'><strong>ut</strong></span> <span class='ocrx_word' id='word_1_451' title='bbox 748 2439 770 2476; x_wconf 86' lang='lat'>5</span> <span class='ocrx_word' id='word_1_452' title='bbox 804 2437 854 2482; x_wconf 76' lang='lat' dir='ltr'><strong>ad</strong></span> <span class='ocrx_word' id='word_1_453' title='bbox 886 2438 922 2475; x_wconf 89' lang='lat'><strong>6.</strong></span> <span class='ocrx_word' id='word_1_454' title='bbox 1969 2470 1971 2475; x_wconf 94' lang='lat'><em>.</em></span> 
     </span>
     <span class='ocr_line' id='line_1_41' title="bbox 240 2495 1974 2548; baseline -0.001 -12"><span class='ocrx_word' id='word_1_455' title='bbox 240 2498 430 2548; x_wconf 87' lang='lat' dir='ltr'><strong>Adeoque</strong></span> <span class='ocrx_word' id='word_1_456' title='bbox 463 2498 703 2536; x_wconf 88' lang='lat' dir='ltr'><strong>delectantur</strong></span> <span class='ocrx_word' id='word_1_457' title='bbox 732 2502 872 2547; x_wconf 86' lang='lat' dir='ltr'><strong>poetae</strong></span> <span class='ocrx_word' id='word_1_458' title='bbox 905 2502 943 2534; x_wconf 90' lang='lat' dir='ltr'><strong>et</strong></span> <span class='ocrx_word' id='word_1_459' title='bbox 963 2498 1203 2546; x_wconf 84' lang='lat' dir='ltr'><strong>grammatici</strong></span> <span class='ocrx_word' id='word_1_460' title='bbox 1226 2499 1341 2534; x_wconf 89' lang='lat' dir='ltr'><strong>etiam</strong></span> <span class='ocrx_word' id='word_1_461' title='bbox 1372 2498 1594 2536; x_wconf 85' lang='lat' dir='ltr'><strong>nominibus</strong></span> <span class='ocrx_word' id='word_1_462' title='bbox 1612 2498 1917 2548; x_wconf 83' lang='lat' dir='ltr'><strong>proportionum,</strong></span> <span class='ocrx_word' id='word_1_463' title='bbox 1959 2495 1974 2531; x_wconf 79' lang='grc' dir='ltr'>ἶ</span> 
     </span>
     <span class='ocr_line' id='line_1_42' title="bbox 124 2554 1916 2607; baseline -0.002 -12"><span class='ocrx_word' id='word_1_464' title='bbox 124 2568 198 2594; x_wconf 91' lang='lat' dir='ltr'><strong>usu</strong></span> <span class='ocrx_word' id='word_1_465' title='bbox 229 2557 415 2606; x_wconf 88' lang='lat' dir='ltr'><strong>peculiari</strong></span> <span class='ocrx_word' id='word_1_466' title='bbox 459 2556 577 2607; x_wconf 87' lang='lat' dir='ltr'><strong>pedes</strong></span> <span class='ocrx_word' id='word_1_467' title='bbox 608 2554 945 2604; x_wconf 80' lang='lat' dir='ltr'><strong>quadrisyllabos,</strong></span> <span class='ocrx_word' id='word_1_468' title='bbox 986 2567 1063 2592; x_wconf 89' lang='lat' dir='ltr'><strong>nna</strong></span> <span class='ocrx_word' id='word_1_469' title='bbox 1104 2555 1235 2602; x_wconf 87' lang='lat' dir='ltr'><strong>brevi,</strong></span> <span class='ocrx_word' id='word_1_470' title='bbox 1277 2557 1474 2604; x_wconf 81' lang='lat' dir='ltr'><strong>epitritoS,</strong></span> <span class='ocrx_word' id='word_1_471' title='bbox 1515 2556 1552 2594; x_wconf 92' lang='lat' dir='ltr'><strong>h.</strong></span> <span class='ocrx_word' id='word_1_472' title='bbox 1585 2568 1618 2595; x_wconf 91' lang='lat' dir='ltr'><strong>e.</strong></span> <span class='ocrx_word' id='word_1_473' title='bbox 1649 2556 1916 2605; x_wconf 81' lang='lat' dir='ltr'><strong>sesquitertios</strong></span> 
     </span>
    </p>
   </div>
   <div class='ocr_carea' id='block_1_5' title="bbox 125 2612 1990 2897">
    <p class='ocr_par' dir='ltr' id='par_1_6' title="bbox 125 2608 1994 2897">
     <span class='ocr_line' id='line_1_43' title="bbox 125 2612 1916 2666; baseline -0.001 -13"><span class='ocrx_word' id='word_1_474' title='bbox 125 2614 387 2666; x_wconf 88' lang='lat' dir='ltr'><strong>appellantes,</strong></span> <span class='ocrx_word' id='word_1_475' title='bbox 433 2616 526 2664; x_wconf 88' lang='lat' dir='ltr'><strong>quia</strong></span> <span class='ocrx_word' id='word_1_476' title='bbox 557 2618 598 2650; x_wconf 87' lang='lat' dir='ltr'><strong>ut</strong></span> <span class='ocrx_word' id='word_1_477' title='bbox 628 2615 665 2649; x_wconf 92' lang='lat' dir='ltr'><strong>in</strong></span> <span class='ocrx_word' id='word_1_478' title='bbox 697 2614 945 2661; x_wconf 86' lang='lat' dir='ltr'><strong>proportione</strong></span> <span class='ocrx_word' id='word_1_479' title='bbox 978 2614 1003 2649; x_wconf 83' lang='lat'><strong>4</strong></span> <span class='ocrx_word' id='word_1_480' title='bbox 1034 2612 1084 2650; x_wconf 90' lang='lat' dir='ltr'><strong>ad</strong></span> <span class='ocrx_word' id='word_1_481' title='bbox 1117 2614 1160 2659; x_wconf 90' lang='lat'><strong>3,</strong></span> <span class='ocrx_word' id='word_1_482' title='bbox 1202 2612 1314 2651; x_wconf 89' lang='lat' dir='ltr'><strong>lineis</strong></span> <span class='ocrx_word' id='word_1_483' title='bbox 1353 2613 1551 2662; x_wconf 83' lang='lat' dir='ltr'><strong>parallelis</strong></span> <span class='ocrx_word' id='word_1_484' title='bbox 1591 2625 1796 2663; x_wconf 85' lang='lat' dir='ltr'><strong>expressa,</strong></span> <span class='ocrx_word' id='word_1_485' title='bbox 1839 2618 1916 2651; x_wconf 87' lang='lat' dir='ltr'><strong>tres</strong></span> 
     </span>
     <span class='ocr_line' id='line_1_44' title="bbox 127 2669 1916 2722; baseline -0.001 -12"><span class='ocrx_word' id='word_1_486' title='bbox 127 2673 284 2722; x_wconf 88' lang='lat' dir='ltr'><strong>quidem</strong></span> <span class='ocrx_word' id='word_1_487' title='bbox 314 2675 461 2722; x_wconf 88' lang='lat' dir='ltr'><strong>primae</strong></span> <span class='ocrx_word' id='word_1_488' title='bbox 492 2674 661 2710; x_wconf 88' lang='lat' dir='ltr'><strong>unitates</strong></span> <span class='ocrx_word' id='word_1_489' title='bbox 701 2669 846 2719; x_wconf 89' lang='lat' dir='ltr'><strong>duplici</strong></span> <span class='ocrx_word' id='word_1_490' title='bbox 878 2670 981 2708; x_wconf 84' lang='lat' dir='ltr'><strong>linea</strong></span> <span class='ocrx_word' id='word_1_491' title='bbox 1012 2676 1369 2719; x_wconf 87' lang='lat' dir='ltr'><strong>repraesentantur,</strong></span> <span class='ocrx_word' id='word_1_492' title='bbox 1402 2678 1541 2721; x_wconf 88' lang='lat' dir='ltr'><strong>quarta</strong></span> <span class='ocrx_word' id='word_1_493' title='bbox 1570 2678 1720 2710; x_wconf 86' lang='lat' dir='ltr'><strong>tantum</strong></span> <span class='ocrx_word' id='word_1_494' title='bbox 1750 2671 1916 2721; x_wconf 82' lang='lat' dir='ltr'><strong>simplici</strong></span> 
     </span>
     <span class='ocr_line' id='line_1_45' title="bbox 127 2728 1964 2780; baseline -0.002 -11"><span class='ocrx_word' id='word_1_495' title='bbox 127 2730 355 2778; x_wconf 86' lang='lat' dir='ltr'><strong>excedente,</strong></span> <span class='ocrx_word' id='word_1_496' title='bbox 397 2733 453 2769; x_wconf 87' lang='lat' dir='ltr'><strong>sic</strong></span> <span class='ocrx_word' id='word_1_497' title='bbox 495 2733 533 2767; x_wconf 91' lang='lat' dir='ltr'><strong>in</strong></span> <span class='ocrx_word' id='word_1_498' title='bbox 573 2729 671 2779; x_wconf 90' lang='lat' dir='ltr'><strong>pede</strong></span> <span class='ocrx_word' id='word_1_499' title='bbox 711 2736 786 2765; x_wconf 84' lang='lat' dir='ltr'><strong>tres</strong></span> <span class='ocrx_word' id='word_1_500' title='bbox 817 2728 994 2777; x_wconf 83' lang='lat' dir='ltr'><strong>syllabae</strong></span> <span class='ocrx_word' id='word_1_501' title='bbox 1038 2734 1127 2765; x_wconf 80' lang='lat' dir='ltr'><strong>sunt</strong></span> <span class='ocrx_word' id='word_1_502' title='bbox 1166 2729 1327 2766; x_wconf 89' lang='lat' dir='ltr'><strong>dnornm</strong></span> <span class='ocrx_word' id='word_1_503' title='bbox 1357 2735 1592 2780; x_wconf 88' lang='lat' dir='ltr'><strong>temporum,</strong></span> <span class='ocrx_word' id='word_1_504' title='bbox 1633 2734 1771 2778; x_wconf 89' lang='lat' dir='ltr'><strong>quarta</strong></span> <span class='ocrx_word' id='word_1_505' title='bbox 1801 2731 1915 2778; x_wconf 82' lang='lat' dir='ltr'><strong>unius</strong></span> <span class='ocrx_word' id='word_1_506' title='bbox 1961 2747 1964 2751; x_wconf 87' lang='lat'><strong>·</strong></span> 
     </span>
     <span class='ocr_line' id='line_1_46' title="bbox 126 2785 1990 2838; baseline 0.002 -12"><span class='ocrx_word' id='word_1_507' title='bbox 126 2794 289 2827; x_wconf 86' lang='lat' dir='ltr'><strong>tantum.</strong></span> <span class='ocrx_word' id='word_1_508' title='bbox 350 2789 525 2838; x_wconf 85' lang='lat' dir='ltr'><strong>Cumque</strong></span> <span class='ocrx_word' id='word_1_509' title='bbox 563 2799 639 2825; x_wconf 86' lang='lat' dir='ltr'><strong>vox</strong></span> <span class='ocrx_word' id='word_1_510' title='bbox 675 2788 760 2836; x_wconf 86' lang='lat' dir='ltr'><strong>ipsa</strong></span> <span class='ocrx_word' id='word_1_511' title='bbox 800 2785 940 2835; x_wconf 88' lang='lat' dir='ltr'><strong>pedum</strong></span> <span class='ocrx_word' id='word_1_512' title='bbox 979 2786 1027 2823; x_wconf 88' lang='lat' dir='ltr'><strong>ad</strong></span> <span class='ocrx_word' id='word_1_513' title='bbox 1060 2786 1197 2824; x_wconf 90' lang='lat' dir='ltr'><strong>choros</strong></span> <span class='ocrx_word' id='word_1_514' title='bbox 1238 2787 1408 2834; x_wconf 89' lang='lat' dir='ltr'><strong>alludat,</strong></span> <span class='ocrx_word' id='word_1_515' title='bbox 1452 2794 1598 2838; x_wconf 88' lang='lat' dir='ltr'><strong>partem</strong></span> <span class='ocrx_word' id='word_1_516' title='bbox 1629 2787 1914 2826; x_wconf 89' lang='lat' dir='ltr'><strong>comoediarum</strong></span> <span class='ocrx_word' id='word_1_517' title='bbox 1964 2797 1990 2832; x_wconf 32' lang='grc' dir='ltr'><strong>νῑ,</strong></span> 
     </span>
     <span class='ocr_line' id='line_1_47' title="bbox 128 2844 1913 2897; baseline -0.002 -13"><span class='ocrx_word' id='word_1_518' title='bbox 128 2854 165 2885; x_wconf 87' lang='lat' dir='ltr'><strong>et</strong></span> <span class='ocrx_word' id='word_1_519' title='bbox 202 2847 511 2897; x_wconf 89' lang='lat' dir='ltr'><strong>tragoediarum,</strong></span> <span class='ocrx_word' id='word_1_520' title='bbox 560 2845 739 2883; x_wconf 87' lang='lat' dir='ltr'><strong>videntur</strong></span> <span class='ocrx_word' id='word_1_521' title='bbox 775 2844 981 2881; x_wconf 87' lang='lat' dir='ltr'><strong>histriones</strong></span> <span class='ocrx_word' id='word_1_522' title='bbox 1023 2846 1138 2882; x_wconf 87' lang='lat' dir='ltr'><strong>etiam</strong></span> <span class='ocrx_word' id='word_1_523' title='bbox 1177 2852 1283 2883; x_wconf 90' lang='lat' dir='ltr'><strong>motu</strong></span> <span class='ocrx_word' id='word_1_524' title='bbox 1333 2846 1473 2896; x_wconf 88' lang='lat' dir='ltr'><strong>pedum</strong></span> <span class='ocrx_word' id='word_1_525' title='bbox 1512 2847 1780 2896; x_wconf 89' lang='lat' dir='ltr'><strong>proportiones</strong></span> <span class='ocrx_word' id='word_1_526' title='bbox 1819 2846 1913 2884; x_wconf 85' lang='lat' dir='ltr'><strong>istas</strong></span> 
     </span>
    </p>
   </div>
   <div class='ocr_carea' id='block_1_6' title="bbox 128 2898 1988 3128">
    <p class='ocr_par' dir='ltr' id='par_1_7' title="bbox 128 2898 1988 3128">
     <span class='ocr_line' id='line_1_48' title="bbox 128 2898 1988 2956; baseline -0.001 -14"><span class='ocrx_word' id='word_1_527' title='bbox 128 2915 260 2944; x_wconf 91' lang='lat' dir='ltr'><strong>omnes</strong></span> <span class='ocrx_word' id='word_1_528' title='bbox 299 2908 553 2956; x_wconf 88' lang='lat' dir='ltr'><strong>expressisse,</strong></span> <span class='ocrx_word' id='word_1_529' title='bbox 596 2915 672 2941; x_wconf 87' lang='lat' dir='ltr'><strong>non</strong></span> <span class='ocrx_word' id='word_1_530' title='bbox 711 2904 836 2940; x_wconf 84' lang='lat' dir='ltr'><strong>minus</strong></span> <span class='ocrx_word' id='word_1_531' title='bbox 877 2913 993 2950; x_wconf 90' lang='lat' dir='ltr'><strong>quam</strong></span> <span class='ocrx_word' id='word_1_532' title='bbox 1035 2902 1150 2940; x_wconf 90' lang='lat' dir='ltr'><strong>hodie</strong></span> <span class='ocrx_word' id='word_1_533' title='bbox 1193 2903 1311 2953; x_wconf 89' lang='lat' dir='ltr'><strong>dupla</strong></span> <span class='ocrx_word' id='word_1_534' title='bbox 1350 2910 1389 2942; x_wconf 92' lang='lat' dir='ltr'><strong>et</strong></span> <span class='ocrx_word' id='word_1_535' title='bbox 1418 2902 1532 2953; x_wconf 87' lang='lat' dir='ltr'><strong>tripla</strong></span> <span class='ocrx_word' id='word_1_536' title='bbox 1574 2905 1808 2953; x_wconf 85' lang='lat' dir='ltr'><strong>exprimitur.</strong></span> <span class='ocrx_word' id='word_1_537' title='bbox 1866 2903 1912 2940; x_wconf 90' lang='lat' dir='ltr'><strong>In</strong></span> <span class='ocrx_word' id='word_1_538' title='bbox 1963 2898 1988 2951; x_wconf 68' lang='grc' dir='ltr'><strong>,ἶ</strong></span> 
     </span>
     <span class='ocr_line' id='line_1_49' title="bbox 128 2961 1985 3012; baseline 0.001 -13"><span class='ocrx_word' id='word_1_539' title='bbox 128 2963 426 3002; x_wconf 86' lang='lat' dir='ltr'><strong>architectonica</strong></span> <span class='ocrx_word' id='word_1_540' title='bbox 465 2973 719 3012; x_wconf 85' lang='lat' dir='ltr'><strong>quaecunque</strong></span> <span class='ocrx_word' id='word_1_541' title='bbox 759 2961 1026 3010; x_wconf 82' lang='lat' dir='ltr'><strong>proportiones</strong></span> <span class='ocrx_word' id='word_1_542' title='bbox 1066 2961 1319 3009; x_wconf 75' lang='lat' dir='ltr'><strong>longitudinis</strong></span> <span class='ocrx_word' id='word_1_543' title='bbox 1360 2962 1409 2998; x_wconf 92' lang='lat' dir='ltr'><strong>ad</strong></span> <span class='ocrx_word' id='word_1_544' title='bbox 1439 2961 1682 2999; x_wconf 89' lang='lat' dir='ltr'><strong>latitudinem</strong></span> <span class='ocrx_word' id='word_1_545' title='bbox 1712 2961 1774 3000; x_wconf 84' lang='lat' dir='ltr'><strong>vel</strong></span> <span class='ocrx_word' id='word_1_546' title='bbox 1806 2971 1927 2999; x_wconf 85' lang='lat' dir='ltr'><strong>cras-·</strong></span> <span class='ocrx_word' id='word_1_547' title='bbox 1965 2962 1985 3005; x_wconf 63' lang='lat' dir='ltr'><strong>Tsss</strong></span> 
     </span>
     <span class='ocr_line' id='line_1_50' title="bbox 128 3020 1913 3071; baseline 0 -16"><span class='ocrx_word' id='word_1_548' title='bbox 128 3022 255 3058; x_wconf 88' lang='lat' dir='ltr'><strong>sitiem</strong></span> <span class='ocrx_word' id='word_1_549' title='bbox 285 3022 491 3071; x_wconf 88' lang='lat' dir='ltr'><strong>plurimum</strong></span> <span class='ocrx_word' id='word_1_550' title='bbox 520 3021 742 3071; x_wconf 89' lang='lat' dir='ltr'><strong>probantur,</strong></span> <span class='ocrx_word' id='word_1_551' title='bbox 774 3020 891 3056; x_wconf 87' lang='lat' dir='ltr'><strong>etiam</strong></span> <span class='ocrx_word' id='word_1_552' title='bbox 920 3030 944 3055; x_wconf 91' lang='lat' dir='ltr'><strong>a</strong></span> <span class='ocrx_word' id='word_1_553' title='bbox 964 3020 1348 3058; x_wconf 88' lang='lat' dir='ltr'><strong>non-mathematicis</strong></span> <span class='ocrx_word' id='word_1_554' title='bbox 1379 3020 1675 3069; x_wconf 88' lang='lat' dir='ltr'><strong>spectatoribus,</strong></span> <span class='ocrx_word' id='word_1_555' title='bbox 1706 3030 1775 3058; x_wconf 88' lang='lat' dir='ltr'><strong>eae</strong></span> <span class='ocrx_word' id='word_1_556' title='bbox 1795 3027 1913 3068; x_wconf 78' lang='lat' dir='ltr'><strong>quam</strong></span> 
     </span>
     <span class='ocr_line' id='line_1_51' title="bbox 128 3074 1911 3128; baseline 0.001 -14"><span class='ocrx_word' id='word_1_557' title='bbox 128 3080 325 3128; x_wconf 86' lang='lat' dir='ltr'><strong>proximae</strong></span> <span class='ocrx_word' id='word_1_558' title='bbox 363 3080 594 3119; x_wconf 88' lang='lat' dir='ltr'><strong>harmonicis</strong></span> <span class='ocrx_word' id='word_1_559' title='bbox 632 3078 890 3116; x_wconf 88' lang='lat' dir='ltr'><strong>inveniuntur.</strong></span> <span class='ocrx_word' id='word_1_560' title='bbox 957 3074 1071 3124; x_wconf 85' lang='lat' dir='ltr'><strong>Quod</strong></span> <span class='ocrx_word' id='word_1_561' title='bbox 1112 3088 1204 3116; x_wconf 89' lang='lat' dir='ltr'><strong>vero</strong></span> <span class='ocrx_word' id='word_1_562' title='bbox 1245 3078 1307 3115; x_wconf 90' lang='lat' dir='ltr'><strong>his</strong></span> <span class='ocrx_word' id='word_1_563' title='bbox 1346 3078 1523 3116; x_wconf 86' lang='lat' dir='ltr'><strong>omnibus</strong></span> <span class='ocrx_word' id='word_1_564' title='bbox 1569 3078 1782 3116; x_wconf 81' lang='lat' dir='ltr'><strong>exactiores</strong></span> <span class='ocrx_word' id='word_1_565' title='bbox 1821 3080 1911 3116; x_wconf 79' lang='lat' dir='ltr'><strong>sunt</strong></span> 
     </span>
    </p>
   </div>
   <div class='ocr_carea' id='block_1_7' title="bbox 1945 0 1994 2825">
    <p class='ocr_par' dir='ltr' id='par_1_8' title="bbox 1945 0 1994 2825">
     <span class='ocr_line' id='line_1_52' title="bbox 1945 0 1994 2825; baseline 0 0"><span class='ocrx_word' id='word_1_566' title='bbox 1945 0 1994 2825; x_wconf 95' lang='lat' dir='ltr'><strong> </strong></span> 
     </span>
    </p>
   </div>
  </div>
 </body>
</html>
