1994 3276
144 173 225 217 '130
851 174 906 210 De
931 166 1233 220 Proportionibus

144 295 180 342 1,
212 294 251 342 2,
280 294 405 331 minor
436 302 529 340 vero
560 293 660 331 inter
690 294 729 341 3,
762 294 800 341 4,
833 294 967 333 ablata
997 307 1021 332 a
1049 295 1191 344 majori
1219 295 1257 342 2,
1293 293 1330 340 3,
1362 291 1607 343 relinquebat
1637 292 1951 341 sesquioctavam

139 354 237 390 inter
270 351 308 399 8,
341 352 378 389 9.
438 350 488 388 Et
517 355 668 389 tantum
699 351 1033 402 deprehenderunt
1062 364 1146 391 esse
1176 350 1424 390 intervallum
1453 352 1553 399 toni,
1585 351 1880 388 usitatissimum
1910 350 1950 386 in

142 410 247 448 omni
278 415 405 447 cantu.
466 407 589 459 Atqui
629 420 811 448 numerus
843 412 867 449 8
900 418 959 450 est
989 411 1110 449 cubus
1142 410 1189 448 de
1222 412 1260 458 2,
1293 416 1332 448 et
1359 420 1542 448 numerus
1574 409 1597 446 9
1630 413 1689 447 est
1719 407 1951 458 quadratum

141 467 188 506 de
221 469 258 507 3.
319 466 413 505 Jam
443 467 560 517 igitur
589 467 629 505 hi
661 474 769 506 erant
798 469 836 506 in
876 475 1029 520 promtu
1059 470 1208 507 numeri
1243 470 1277 512 1,
1311 469 1349 516 2,
1383 469 1420 516 3,
1453 469 1492 516 4,
1525 467 1562 515 8,
1596 467 1632 506 9.
1693 466 1792 505 Cum
1822 470 1950 504 autem

140 525 276 564 eadem
304 526 432 563 unitas
463 527 514 563 sit
544 530 582 564 et
611 526 845 576 quadratum
874 539 988 566 suum
1017 533 1056 566 et
1085 528 1231 576 cubuS,
1263 525 1434 564 binarius
1464 536 1558 564 vero
1578 523 1808 574 quadratum
1839 535 1951 562 suum

139 584 298 622 haberet
331 585 358 621 4
389 588 428 622 et
457 584 599 622 cubum
631 585 667 631 8,
700 587 867 624 ternario
899 588 1016 624 etiam
1045 590 1196 636 praeter
1218 583 1450 635 quadratum
1471 585 1495 623 9
1524 582 1781 633 adjunxerunt
1811 582 1951 620 cubum

140 654 254 680 suum
287 644 355 690 27,
396 642 503 691 quod
535 644 818 692 existimarent,
861 644 910 682 ad
943 646 1063 682 cubos
1103 654 1226 692 usque
1268 641 1591 693 progrediendum
1621 653 1706 680 esse
1737 645 1951 692 propterea,

140 700 246 750 quod
275 700 443 738 mundus
474 705 580 739 totus
613 707 653 739 et
673 702 827 740 vocalia
848 704 979 740 omnia
1007 713 1084 740 non
1105 701 1381 753 superficiebus
1413 705 1635 739 constarent
1659 700 1852 746 inanibus,
1884 697 1954 736 sed

140 758 278 797 solidis
309 759 545 810 corporibus.
593 759 773 809 Denique
804 772 851 799 ex
880 760 955 799 hoc
983 762 1095 798 initio
1127 765 1237 798 tanta
1266 759 1412 797 coaluit
1442 759 1573 810 opinio
1604 768 1849 796 numerorum
1879 757 1954 795 ho-

139 828 236 865 rum,
266 822 469 868 propterea
499 817 604 867 quod
637 823 766 857 essent
795 821 925 870 primi,
968 830 1178 868 eorumque
1209 817 1389 868 quadrati
1419 817 1590 861 etcubi,
1622 821 1666 854 ut
1694 815 1954 867 Pythagor-aei

139 880 263 913 totam
300 875 590 926 philosophiam
631 888 678 915 ex
717 878 764 915 iis
804 879 1022 916 censuerint
1061 875 1378 915 concinnandam.
1438 874 1539 914 Nam
1569 875 1698 912 unitas
1727 884 1954 925 repraesen-

141 934 251 972 tabat
280 934 375 984 ipsis
405 933 534 972 ideam
565 939 604 972 et
633 940 801 973 mentem
831 942 870 974 et
899 936 1078 984 formam,
1122 936 1215 985 quia
1245 939 1288 973 ut
1317 936 1446 972 unitas
1476 932 1679 973 individua
1710 937 1769 971 est
1797 930 1954 970 eadem-

142 1002 218 1041 que
248 997 381 1030 manet
411 996 450 1030 et
480 992 669 1041 quadi-ate
699 994 957 1045 multiplicata
987 1000 1026 1032 et
1055 994 1201 1040 cubice‚
1233 995 1290 1031 sic
1318 992 1430 1031 ideae
1451 1002 1608 1043 quoque
1629 989 1887 1028 indivisibiles
1918 994 1956 1027 et

140 1049 379 1088 universales
411 1055 541 1089 essent
571 1056 609 1088 et
638 1063 789 1102 semper
819 1052 934 1092 idem.
974 1052 1112 1102 Itaque
1133 1053 1322 1090 unitatem
1351 1051 1524 1089 fecerunt
1544 1047 1764 1101 symbolum
1794 1054 1955 1087 naturae

140 1108 366 1154 identitatis,
395 1119 574 1146 numeros
605 1121 697 1148 vero
730 1116 878 1149 ceteros
916 1111 1096 1162 symbola
1137 1116 1297 1148 naturae
1339 1108 1558 1147 alteritatis.
1618 1107 1800 1145 Binarius
1838 1107 1956 1156 igitur

142 1165 375 1205 alteritatem
405 1167 587 1216 signabat
618 1174 656 1206 et
686 1171 904 1217 materiam,
937 1171 1031 1219 quia
1062 1169 1294 1207 divisionem
1324 1167 1391 1205 ille
1423 1166 1611 1214 admittit,
1644 1170 1687 1203 ut
1717 1171 1757 1204 et
1786 1167 1886 1214 ista3
1919 1168 1957 1202 et

142 1230 186 1263 ut
216 1224 281 1263 ille
313 1224 503 1274 quadrate
531 1225 812 1279 multiplicatus
843 1228 887 1266 fit
917 1229 961 1275 4,
1002 1229 1137 1266 cubice
1171 1228 1216 1275 8,
1260 1228 1328 1276 qui
1358 1229 1449 1264 sunt
1479 1225 1627 1263 numeri
1658 1223 1832 1270 distincti
1861 1234 1886 1260 a
1918 1223 1955 1269 2,

142 1284 199 1321 sic
229 1284 394 1322 materia
422 1284 616 1323 instabilis
646 1291 684 1323 et
713 1286 959 1328 multiformis
981 1298 1066 1325 esse
1087 1290 1227 1338 potest.
1270 1284 1412 1322 Aliter:
1436 1283 1609 1322 binarius
1641 1283 1759 1320 etiam
1788 1282 1957 1320 animam

142 1342 346 1393 signabat,
394 1341 499 1390 quod
531 1354 618 1380 cum
647 1355 756 1382 mens
786 1344 995 1383 immobilis
1033 1346 1083 1383 sit
1113 1350 1182 1382 aut
1210 1348 1320 1381 motu
1349 1342 1531 1380 uniformi
1567 1352 1621 1380 sc.
1653 1339 1827 1379 circulari
1857 1350 1959 1389 gau-

143 1399 254 1448 deat,
299 1400 431 1438 anima
461 1405 595 1440 contra
622 1401 856 1453 multiplices
887 1409 1015 1441 motus
1056 1415 1080 1441 a
1118 1413 1276 1453 corpore
1315 1401 1484 1452 excipiat
1524 1398 1652 1449 adque
1682 1402 1811 1437 motus
1841 1397 1958 1436 recti·-

141 1458 280 1509 liueos,
311 1460 379 1508 qui
410 1464 500 1496 sunt
529 1460 568 1495 in
600 1461 804 1511 sextuplici
835 1461 1061 1510 differentia,
1091 1462 1217 1510 magis
1248 1459 1488 1498 familiariter
1518 1469 1560 1496 se
1590 1457 1746 1497 habeat.
1776 1456 1958 1505 Denique

104 1570 107 1575 y
147 1518 337 1555 ternarius
368 1517 531 1555 notabat
559 1517 637 1556 illis
667 1529 828 1569 corpus,
862 1522 1119 1570 compositum
1149 1531 1196 1557 ex
1225 1518 1349 1557 forma
1380 1522 1419 1555 et
1446 1516 1628 1563 materia,
1660 1516 1761 1553 sicut
1792 1515 1816 1552 3
1851 1525 1959 1552 com-

141 1576 292 1626 positus
323 1580 382 1613 est
410 1586 458 1614 ex
489 1576 512 1612 2
545 1581 583 1614 et
606 1578 642 1625 1,
672 1578 833 1630 etfiquia
863 1588 1026 1629 corpora
1054 1576 1252 1616 mundana
1279 1581 1339 1615 tot
1368 1575 1515 1614 habent
1545 1573 1825 1622 dimensiones,
1865 1576 1960 1622 quot

142 1634 333 1672 ternarius
362 1634 546 1672 unitates.
1071 1662 1075 1671 .

257 1691 393 1741 Neque
433 1696 584 1730 tantum
621 1693 801 1744 symbola
840 1698 949 1733 erant
985 1695 1134 1733 numeri
1159 1695 1285 1744 ‚trium
1327 1692 1621 1743 principiorum,
1661 1688 1730 1728 sed
1761 1689 1846 1739 jam
1874 1689 1961 1739 ipsa

143 1751 275 1788 anima
305 1751 611 1800 componebatur
641 1752 737 1802 ipsis
778 1764 825 1790 ex
857 1752 962 1791 hisce
993 1755 1162 1791 numeris
1194 1762 1404 1800 eorumque
1434 1749 1749 1801 proportionibus
1781 1747 1959 1786 omnibus

145 1814 184 1847 et
212 1807 545 1847 subdivisionibus
575 1811 867 1860 proportionum
899 1812 938 1848 in
958 1804 1247 1861 sesquialteram,
1280 1809 1547 1858 sesquitertias
1577 1813 1617 1846 et
1638 1807 1958 1856 sesquioctavas:

142 1872 185 1905 ut
216 1867 363 1914 anima,
403 1867 603 1905 vinculum
633 1870 771 1906 mentis
813 1874 851 1907 et
883 1871 1071 1920 corporis,
1118 1874 1220 1907 esset
1261 1869 1299 1905 in
1331 1878 1404 1905 sua
1435 1867 1605 1905 essentia
1634 1863 1731 1903 nihil
1761 1865 1838 1902 nisi
1866 1863 1960 1902 har·-

144 1926 276 1962 monia
314 1935 439 1974 exque
467 1924 681 1964 harmoniis
701 1928 928 1977 composita.
997 1927 1061 1965 Ad
1099 1927 1174 1965 hoc
1211 1927 1354 1976 dogma
1391 1925 1501 1962 duxit
1537 1923 1625 1962 illos
1664 1922 1799 1974 procul
1841 1920 1960 1960 dubio

145 1982 404 2021 consideratio
435 1984 529 2031 ista,
563 1983 667 2034 quod
699 1987 828 2023 anima
858 1985 1030 2023 humana
1061 1984 1271 2023 delectetur
1300 1988 1502 2033 tantopere
1534 1982 1717 2029 vocibus,
1755 1991 1856 2030 quae
1885 1978 1962 2018 ali-

146 2052 245 2092 quas
276 2042 545 2091 proportiones
574 2042 819 2082 harmonicas
850 2042 1118 2094 magnitudine
1147 2055 1221 2082 sua
1250 2042 1416 2081 formant
1448 2046 1486 2079 et
1517 2041 1729 2089 continent.

584 2162 821 2209 Excursus
859 2163 917 2210 de
955 2164 1174 2221 Tetracty
1212 2163 1538 2221 Pythagorica.

263 2273 323 2312 Ex
361 2275 558 2325 principiis
596 2275 714 2325 paulo
746 2280 862 2314 antea
904 2277 1087 2326 expositis
1129 2276 1280 2314 videtur
1324 2273 1494 2314 eruenda
1533 2284 1617 2312 esse
1658 2271 1726 2310 illa
1761 2275 1961 2320 tetractys,

148 2333 234 2371 fons
267 2334 446 2382 perennis
476 2334 628 2370 animae
659 2333 865 2379 humanae,
901 2345 968 2384 per
999 2345 1116 2383 quam
1134 2334 1398 2386 Pythagoraei
1424 2332 1623 2382 jurabant,
1661 2342 1750 2368 mea
1779 2330 1962 2380 opinione

148 2394 215 2438 sic,
248 2390 354 2439 quod
397 2392 497 2429 inter
532 2393 647 2428 trium
687 2392 873 2430 cuborum
908 2395 948 2440 1,
984 2393 1006 2430 8
1039 2398 1077 2431 et
1108 2395 1159 2430 27
1193 2393 1325 2440 binos,
1367 2391 1477 2430 verbi
1516 2401 1635 2428 causa
1679 2390 1777 2426 inter
1798 2389 1827 2425 ’1
1867 2391 1905 2424 et
1937 2387 1960 2424 8

151 2447 227 2487 duo
268 2448 387 2486 medii
425 2449 733 2500 proportionales
771 2455 860 2488 sunt
901 2451 924 2487 2
958 2455 995 2488 et
1026 2452 1064 2488 4.
1133 2450 1272 2500 Itaque
1311 2450 1458 2488 numeri
1500 2452 1667 2498 quatuor
1694 2449 1746 2494 ,1,
1780 2447 1817 2494 2,
1851 2446 1888 2492 4,
1923 2444 1959 2492 8,

149 2517 312 2556 quorum
342 2518 494 2545 summa
519 2507 582 2555 15,
613 2507 677 2546 vel
702 2510 738 2559 1,
761 2509 798 2556 3,
822 2509 859 2556 9,
883 2511 950 2556 27,
983 2520 1147 2558 quorum
1167 2521 1318 2547 summa
1341 2509 1408 2555 40,
1441 2507 1588 2544 faciunt
1618 2505 1726 2544 illam
1756 2508 1961 2552 tetractyn.

150 2565 260 2603 Duos
290 2569 422 2603 autem
453 2565 759 2616 proportionales
791 2566 936 2604 habent
967 2566 1048 2604 bini
1078 2568 1226 2615 cubici,
1268 2568 1370 2605 sicut
1399 2566 1481 2604 bini
1513 2564 1618 2615 plani
1650 2574 1769 2601 unum
1798 2571 1962 2612 propor-

151 2622 349 2671 tionalem,
383 2628 425 2661 ut
453 2629 589 2661 notum
619 2634 667 2661 ex
696 2625 954 2673 geometricis.

266 2680 342 2719 Vel
379 2681 495 2719 fuerit
536 2685 721 2732 tetractys
763 2683 838 2720 ista
873 2683 917 2726 1,
964 2683 1011 2730 2,
1045 2683 1090 2730 3,
1124 2683 1161 2719 4.
1228 2683 1247 2720 1
1289 2681 1386 2720 illud
1424 2682 1652 2732 principium
1691 2687 1959 2724 numerorum,

153 2741 177 2776 2
218 2750 464 2777 numerorum
509 2740 659 2789 parium
697 2741 860 2790 primus,
907 2741 930 2778 3
974 2742 1275 2791 compositorum
1316 2745 1354 2779 et
1394 2740 1597 2790 imparium
1639 2738 1803 2788 primus;
1845 2733 1960 2772 ducto

150 2797 229 2845 jam
263 2799 283 2834 1
316 2798 356 2834 in
388 2799 435 2844 3,
468 2797 510 2835 fit
538 2797 805 2847 rectangulum
836 2799 884 2845 3,
916 2803 959 2835 ut
990 2809 1037 2836 ex
1067 2799 1225 2848 impari3
1268 2798 1383 2836 ducto
1415 2809 1507 2836 vero
1541 2799 1563 2834 2
1596 2797 1632 2832 in
1666 2807 1708 2833 se
1739 2797 1888 2845 ipsum,
1919 2792 1962 2830 fit

154 2854 389 2903 quadratum
419 2857 461 2903 4,
504 2862 547 2893 ut
578 2867 625 2893 ex
656 2857 760 2907 pari,
801 2855 911 2905 cujus
943 2857 1058 2893 etiam
1090 2858 1130 2893 in
1160 2856 1309 2895 factura
1338 2854 1620 2906 longitudinem
1651 2858 1689 2891 et
1719 2851 1962 2890 latitudinem

154 2911 264 2950 decet
294 2925 379 2952 esse
409 2925 534 2963 pares,
565 2913 664 2951 sicut
695 2915 734 2951 in
764 2913 868 2951 illius
899 2914 1122 2963 rectangulo
1154 2915 1394 2965 inaequales.
1443 2913 1603 2952 Summa
1632 2911 1750 2960 igitur
1780 2921 1828 2948 ex
1862 2910 1897 2956 1,
1921 2910 1960 2954 2,

154 2969 200 3016 3,
234 2972 259 3006 4
299 2976 357 3008 est
390 2972 443 3010 10
480 2977 518 3010 et
561 2973 691 3010 anima
727 2971 897 3010 humana
937 2971 1037 3009 solet
1068 2972 1117 3010 ad
1152 2974 1203 3011 10
1234 2983 1446 3012 numerare.
1507 2970 1557 3008 Et
1586 2970 1686 3007 sicut
1716 2972 1806 3006 sunt
1829 2967 1855 3004 4
1885 2977 1961 3002 nu-

152 3028 258 3074 meri,
289 3029 449 3067 totidem
479 3040 531 3068 sc.
564 3035 661 3079 quot
690 3035 796 3068 erant
837 3031 877 3066 in
909 3036 1046 3079 quarto
1085 3032 1278 3079 unitates,
1320 3034 1376 3069 sic
1418 3030 1533 3068 etiam
1572 3039 1640 3078 per
1681 3037 1748 3065 eos
1793 3028 1960 3074 quatuor

154 3085 304 3135 species
334 3085 620 3126 harmoniarum
651 3089 839 3127 existunt:
881 3089 978 3126 inter
1012 3089 1054 3135 1,
1089 3090 1112 3125 2
1145 3088 1352 3140 diapason,
1384 3093 1428 3126 ut
1458 3091 1496 3125 et
1525 3087 1622 3124 inter
1654 3085 1691 3132 2,
1724 3085 1763 3131 4,
1795 3088 1834 3121 et
1861 3082 1961 3120 inter

158 3143 194 3190 l,
227 3143 254 3180 4
284 3142 554 3195 disdiapason,
588 3157 689 3196 quae
719 3151 810 3185 sunt
838 3156 909 3198 pro
939 3157 1037 3196 una;
1068 3147 1166 3186 inter
1200 3150 1234 3197 1,
1267 3149 1291 3186 3
1325 3147 1514 3198 diapason
1544 3143 1809 3195 epidiapente‚
1841 3150 1958 3190 quam
