1994 3276
882 80 1069 147 'Apologia
1789 93 1880 169 451*

81 224 194 273 dem,
234 226 576 274 quantamcunque
605 221 677 260 tibi
707 220 880 259 chartam
914 186 1174 258 suffecturam.
1238 218 1367 268 Atque
1402 218 1479 258 boe
1515 218 1622 262 idem
1661 223 1701 258 et
1729 229 1818 271 ego-
1833 212 1881 267 ιι·

47 315 52 320 .
81 288 121 322 te
150 283 360 330 excusavi,
389 293 476 320 cum
507 279 664 326 addidi,
693 279 766 317 tibi
793 286 855 316 sat
885 288 972 317 esse
1002 279 1219 327 cognitum,
1249 288 1329 315 non
1359 289 1445 316 esse
1474 277 1548 316 has
1573 273 1723 318 mundi
1734 280 1875 329 regio—

81 350 150 379 nes
179 341 280 379 inter
312 348 358 378 se
387 340 585 388 aequales.
646 335 749 386 Quin
786 339 904 375 etiam
933 340 1041 374 tuam
1080 337 1203 385 ipsius
1231 337 1423 374 rationem
1461 337 1717 387 ipsissimam,
1755 348 1874 387 quam

80 404 122 437 ιιι
152 398 218 437 bic
246 398 376 438 verbis
415 404 495 436 tam
527 395 658 434 multis
700 394 970 445 prosequeris,
1008 393 1235 444 complexus
1264 405 1350 432 esse
1390 392 1514 433 videri
1554 400 1738 444 possum,
1781 395 1872 434 dnm
1941 437 1946 441 ,

79 467 263 495 recenseo
293 460 371 494 tres
400 460 490 493 tuas
520 456 709 493 unitates:
741 453 946 501 elementa,
977 451 1186 499 aetherem,
1219 462 1457 503 empyreum.
1517 451 1600 490 Etsi
1632 463 1725 491 vero
1755 448 1873 492 intel·-

79 515 147 564 ligi
178 525 337 565 possum
368 512 416 551 de
446 513 662 551 unitatibus
691 510 800 549 nullo
828 510 945 560 plane
974 515 1151 560 respectu
1183 511 1280 548 inter
1310 521 1352 548 se
1381 509 1633 559 aequalibus,
1673 516 1716 548 at
1742 513 1873 561 patuit

79 578 118 611 et
148 577 241 611 tuae
270 573 501 618 sententiae,
533 581 651 620 quam
682 569 745 608 hic
773 569 924 619 prolixe
952 568 1137 619 explicas,
1167 574 1347 617 receptus
1376 569 1450 606 sub
1477 567 1569 619 'ista’
1589 568 1720 606 verba.
1770 569 1879 608 Nam·

15 623 20 629 ’
77 629 215 677 doces,
258 631 332 668 tibi
370 630 592 667 nominatas
630 634 762 677 partes
799 627 986 676 aequales
1025 638 1111 665 esse
1151 631 1366 676 potestate,
1410 628 1468 664 sle
1505 628 1607 664 enim
1647 632 1871 679 geometrae

78 687 187 738 loqui
216 687 355 734 solent,
386 690 532 738 quippe
561 685 789 724 tantundem
818 696 904 724 esse
934 687 1120 723 materiae
1150 685 1190 721 iu
1220 694 1312 731 uno,
1344 691 1534 733 quantum
1566 686 1604 721 in
1635 683 1732 734 alio;
1764 686 1870 735 quod

79 751 122 784 tu
152 745 328 796 appellas
357 751 519 784 naturae
548 743 716 794 pondus.
773 743 883 781 Idem
920 745 1038 792 igitur
1067 743 1253 790 dicimus,
1293 753 1365 789 nec
1395 743 1575 780 invenior
1604 754 1678 791 ego
1716 743 1779 782 hic
1808 749 1871 783 tc-

76 815 180 843 mere
217 804 278 842 dc'
305 804 384 842 tuis
421 803 624 842 sententiis
665 802 827 840 locutus.
887 799 1135 850 Quamquam
1164 800 1410 838 fol.2·1.in
1442 800 1518 838 fine
1549 811 1671 855 negas
1709 812 1870 851 corpore

77 859 139 915 (id
158 866 228 900 est
255 862 419 900 materia
449 862 556 899 varie
585 859 746 905 diffusa)
776 859 961 908 aequales
991 870 1089 906 esse,
1120 859 1193 896 has
1222 860 1330 896 enim
1349 869 1564 896 mensuras
1592 870 1620 896 a
1637 862 1867 919 sapientum

76 922 297 958 mtenhone
322 920 496 957 multum
528 918 730 956 aberrare.
792 916 1039 966 Relinquitur
1058 918 1174 965 igitur
1203 922 1443 967 potestatum
1462 914 1711 966 physicarum
1742 916 1867 967 quae·

77 977 166 1016 dam
195 977 426 1027 aequalitas.
485 975 562 1014 Sed
594 987 664 1013 nec
694 977 898 1024 sequentia
927 975 978 1013 ad
1008 981 1046 1013 te
1077 976 1282 1024 pertinent,
1314 974 1408 1012 dum
1433 977 1602 1012 unitates
1631 986 1733 1024 nego
1757 975 1883 1027 pingi

77 1036 191 1074 aliter
218 1047 336 1085 posse
367 1039 478 1085 (puta
510 1035 548 1071 in
578 1037 793 1083 quantitate
823 1035 1040 1081 continua),
1082 1044 1202 1083 quam
1242 1033 1482 1082 aequalitate
1512 1032 1724 1082 linearum;
1768 1034 1867 1080 haee

76 1095 179 1133 enim
209 1093 440 1144 generaliter
468 1104 562 1130 vera
598 1103 659 1130 me
690 1092 816 1130 dicere
845 1093 996 1140 putavi.
1055 1090 1138 1130 Nec
1168 1102 1321 1130 omnem
1361 1091 1432 1129 tibi
1462 1092 1655 1131 unitatum
1685 1092 1866 1141 aequali·-

75 1157 196 1190 tatem
233 1163 303 1201 per
338 1150 439 1190 hanc
475 1151 706 1188 sententiam
744 1148 890 1196 ademi,
934 1149 1003 1188 sed
1041 1151 1223 1188 excusavi
1252 1161 1330 1205 per
1364 1159 1450 1187 eam
1489 1153 1634 1187 sactum
1670 1154 1780 1188 tuum
1824 1152 1863 1188 iu

76 1210 270 1248 divisione
299 1207 551 1259 longitudinis
580 1207 824 1258 pyramidum
854 1209 892 1244 in
924 1207 1119 1256 aequalia.
1179 1207 1312 1256 Negas
1333 1208 1452 1246 etiam
1482 1212 1570 1245 tuas
1596 1206 1684 1245 illas
1713 1219 1866 1257 aequa·

73 1267 131 1306 les
160 1272 356 1318 potestate
387 1268 556 1305 unitates
585 1267 798 1304 mensurari
830 1267 1023 1303 communi
1061 1270 1101 1304 et
1129 1266 1286 1315 aequali
1323 1265 1429 1303 linea
1469 1265 1760 1304 mathematica.
1820 1267 1862 1305 Si

74 1337 215 1378 negas,
251 1325 357 1375 quod
387 1336 461 1374 ego
490 1324 555 1363 bic
585 1324 801 1373 significare
842 1323 1044 1370 volebam,
1083 1328 1193 1361 tuum
1224 1325 1349 1373 ipsius
1388 1323 1542 1369 factum⁴
1573 1334 1708 1373 negas.
1754 1323 1877 1363 ·Pin-.

79 1385 170 1422 xisti
199 1381 407 1421 enim’sub
437 1381 676 1433 aequalitate
707 1382 893 1419 linearum
924 1381 1137 1432 pyramidis
1167 1387 1270 1429 tuae,
1300 1383 1461 1431 pinxisti
1490 1383 1652 1431 inquam
1684 1383 1865 1431 unitates,

73 1441 308 1492 ponderibus
338 1446 519 1487 naturae,
560 1445 603 1478 ut
632 1442 710 1487 ais,
752 1440 948 1488 aequales.
1012 1440 1067 1477 Ex
1098 1440 1241 1488 quibus
1271 1440 1453 1478 omnibus
1480 1445 1666 1489 apparet,
1703 1442 1864 1479 verissi-
1892 1486 1895 1490 .

73 1511 178 1537 mum
217 1510 303 1538 esse
332 1499 436 1537 hunc
471 1509 601 1537 meum
631 1503 871 1545 contextum,
913 1509 983 1536 nec
1013 1509 1102 1536 eum
1142 1509 1212 1546 per
1242 1503 1347 1535 tuam
1389 1497 1570 1548 analysiu
1608 1497 1672 1536 vel
1702 1499 1863 1537 minima

55 1556 181 1607 “parte
211 1556 456 1595 dissolutum.
518 1556 598 1594 Etsi
633 1567 724 1594 vero
755 1556 866 1594 fateri
897 1567 1025 1605 cogor,
1057 1556 1218 1594 multam
1248 1567 1335 1594 esse
1365 1567 1485 1605 penes
1505 1567 1567 1594 me
1597 1560 1750 1594 tuarum
1770 1562 1864 1607 spe-

74 1616 313 1653 culationum
357 1616 571 1661 inscitiam,
613 1625 689 1652 non
727 1625 813 1650 sum
857 1620 984 1651 tamen
1025 1616 1179 1663 penitus
1217 1614 1321 1651 rudis
1363 1613 1645 1662 aequalitatum
1686 1616 1861 1662 istarum,

74 1675 222 1711 ratione
262 1672 496 1722 ponderum,
538 1678 580 1709 ut
611 1678 652 1709 ιιι
683 1673 764 1717 ais,
804 1677 977 1709 naturae.
1038 1671 1103 1709 Sic
1133 1673 1235 1710 enim
1278 1678 1317 1710 et
1346 1682 1420 1720 ego
1450 1683 1622 1720 agnosco
1663 1672 1862 1721 quandam

73 1731 283 1769 materialis
314 1732 451 1780 copiae
481 1730 758 1778 aequalitatem
788 1730 826 1766 in
857 1729 977 1778 globo
1007 1729 1130 1775 Solis,
1161 1731 1198 1766 in
1230 1734 1313 1767 toto
1344 1731 1473 1779 spatio
1504 1729 1638 1766 mundi
1667 1740 1737 1767 seu
1766 1741 1863 1769 aura

73 1789 255 1827 aetherea
285 1790 402 1837 inque
433 1788 599 1837 sphaera
628 1787 810 1833 fixarum,
844 1797 961 1836 quam
991 1787 1058 1824 alii
1089 1786 1351 1837 crystallinam
1383 1787 1445 1824 vel
1475 1799 1523 1825 ex
1552 1786 1666 1825 Mose
1696 1798 1863 1836 aqueam

76 1846 219 1894 dicunt,
251 1846 435 1896 illamque
466 1845 810 1895 aequipollentiam
840 1844 982 1883 tradidi
1013 1845 1111 1883 libro
1142 1845 1212 1882 IV.
1247 1845 1347 1895 Epit.
1380 1845 1663 1883 Astronomiac.

189 1905 394 1953 Agnosco,
425 1905 607 1953 inquam,
650 1904 872 1952 proboque,
917 1903 986 1940 sed
1017 1914 1102 1940 eam
1132 1914 1211 1941 non
1241 1904 1341 1940 inter
1369 1903 1548 1952 subjecta
1577 1914 1647 1941 seu
1675 1904 1861 1942 terminos

4 1955 10 2016 ’γ
74 1960 360 2000 harmoniarum
383 1961 670 2002 ,mundanarum
702 1962 841 1999 liabeo.
902 1960 1036 1998 Habes
1061 1972 1165 2010 ergo,
1195 1962 1248 1998 mi
1269 1961 1451 2008 Roberte,
1482 1961 1718 2010 discipulum
1738 1972 1859 2011 capa-

19 2035 22 2037 ·
77 2030 172 2065 cem,
204 2020 313 2059 diseo
342 2032 390 2058 ex
420 2026 470 2066 te,
503 2021 672 2057 unitates
703 2025 790 2056 tuas
820 2030 904 2057 esse
935 2024 1129 2069 potestate
1160 2019 1365 2068 aequales,
1396 2019 1526 2061 disco,
1557 2018 1755 2057 diversum
1784 2019 1863 2058 aii..

10 2736 14 2744 ,,
8 2712 14 2721 Ἰ,
0 2563 16 2695 *βρωτὴ-πει
0 2539 9 2557 10·

0 2886 20 3050 ‘JJ'YJ'W‘P‘KH
12 2827 15 2843 Α.
14 2781 17 2783 .

0 2124 2 2126 v
75 2077 168 2126 quid
205 2089 251 2116 ex
291 2066 359 2116 tua
395 2078 562 2128 partium
601 2077 836 2126 aequalitate
875 2078 913 2114 in
952 2076 1193 2125 longitudine
1229 2076 1441 2127 pyramidis
1482 2076 1743 2127 colligendum
1781 2087 1871 2132 nou

76 2145 174 2182 esse,
205 2136 329 2183 disco,
367 2135 492 2173 multa
522 2136 585 2173 hie
612 2135 735 2172 latere
765 2137 950 2185 mysteria
979 2141 1142 2173 naturae
1172 2146 1243 2173 nec
1273 2146 1443 2184 unquam
1474 2136 1550 2173 ista
1579 2136 1758 2183 negavi,
1784 2135 1859 2173 ba-

0 2234 6 2247 ,
31 2181 33 2183 ’
74 2192 170 2231 beas
197 2194 268 2231 tibi
299 2200 368 2231 tua
395 2193 569 2239 illibata,
601 2193 1040 2233 adhaeretommmris
1069 2195 1147 2230 tuis
1175 2193 1455 2239 naturalibus,
1495 2194 1588 2230 illas
1612 2187 1867 2241 poam-ibus

0 2268 1 2273 =
73 2251 344 2289 essentialibus
372 2253 560 2290 instruito
570 2265 584 2299 ,·
623 2256 664 2288 tu
696 2253 846 2289 interim
877 2251 1047 2288 vicissim
1077 2251 1151 2289 hoc
1181 2251 1273 2288 mihi
1305 2252 1534 2300 permittito,
1574 2256 1619 2288 ut
1647 2256 1735 2288 tuas
1765 2252 1856 2287 uni-

75 2312 176 2346 tates
206 2319 293 2347 cum
322 2311 419 2347 meis
450 2320 672 2358 comparare
701 2310 868 2358 possim,
906 2314 951 2346 ut
979 2308 1124 2356 dicam,
1165 2320 1272 2346 meas
1303 2319 1388 2347 esse
1420 2306 1664 2356 cognatiores
1694 2309 1857 2345 unitati-

76 2364 168 2417 bus',
210 2375 308 2416 quas
338 2366 584 2415 designamus
614 2368 654 2403 in
685 2366 858 2413 chordis,
896 2372 938 2403 ut
968 2367 1038 2403 abs
1069 2373 1108 2404 te
1139 2371 1286 2416 petam,
1324 2377 1401 2403 non
1432 2365 1536 2403 nude
1564 2369 1716 2402 tantum
1746 2359 1883 2404 asse-‘

75 2434 205 2471 vetes,
246 2424 315 2462 sed
354 2426 470 2463 etiam
508 2424 657 2474 liquido
694 2424 931 2462 demonstres
970 2423 1070 2460 haue
1098 2429 1336 2473 potestatum
1367 2429 1520 2460 tuarum
1557 2418 1856 2472 aequalitatem}

76 2487 227 2530 patere.·
265 2487 309 2519 ιιι
338 2481 502 2520 indicem
538 2482 748 2521 lectoribus
791 2481 950 2532 (pateris
988 2492 1076 2519 ecce
1107 2486 1145 2518 et
1175 2481 1343 2519 affirmas
1374 2480 1474 2518 ultro
1506 2479 1659 2518 disertis
1691 2479 1847 2531 verbis),

75 2549 136 2576 me
163 2551 225 2576 res
253 2537 510 2577 harmonicas
537 2542 743 2589 inquirere
768 2541 897 2588 mayis
916 2539 1192 2576 mathematice
1211 2544 1248 2576 et
1270 2539 1549 2587 quantitative,
1579 2543 1617 2576 te
1639 2548 1731 2575 vero
1751 2537 1855 2589 phy-

75 2597 154 2633 sice
185 2602 279 2642 etc.‚
311 2596 352 2633 id
382 2601 441 2634 est
472 2596 701 2635 Hermetice.
762 2597 890 2635 Velim
921 2609 966 2635 ex
998 2602 1035 2634 te
1066 2598 1175 2643 scire,
1207 2607 1307 2646 quae
1336 2597 1408 2634 tibi
1430 2592 1557 2633 'causa
1586 2597 1637 2633 sit
1664 2596 1854 2634 irascendi

77 2653 172 2690 mihi
202 2659 293 2691 tunc
322 2655 472 2704 potius,
509 2656 543 2691 si
574 2655 666 2703 quid
697 2666 770 2704 ego
800 2657 914 2701 meis,
958 2666 1072 2703 quam
1111 2656 1144 2692 si
1174 2654 1276 2693 idem
1306 2660 1347 2691 ιιι
1388 2654 1464 2691 tilis
1496 2653 1623 2690 verbis
1653 2653 1853 2702 proferas?

188 2710 315 2748 Lubet
344 2721 436 2748 vero
467 2715 593 2748 tecum
623 2712 830 2751 colludere.
890 2711 1015 2760 Quam
1047 2714 1148 2750 enim
1179 2718 1220 2750 tu
1252 2711 1346 2749 dicis
1374 2711 1614 2749 harmoniam
1644 2714 1682 2748 et
1711 2710 1785 2748 bac
1813 2716 1854 2750 et

75 2768 330 2817 praecedente
359 2767 523 2818 analysi,
554 2779 627 2817 ego
658 2769 878 2818 analogiam
908 2770 1063 2819 appello
1093 2776 1247 2819 recepto
1268 2768 1483 2816 vocabu103
1515 2768 1617 2817 quod
1644 2779 1731 2806 cum
1751 2768 1850 2818 dico,

76 2828 152 2863 non
183 2825 324 2863 damno
354 2825 567 2873 analogias,
598 2837 671 2864 nee
700 2827 934 2865 contumelia
964 2833 1022 2866 est
1053 2839 1206 2876 negare,
1240 2826 1327 2863 illas
1355 2827 1471 2863 etiam
1501 2826 1721 2864 harmonias
1752 2835 1861 2867 esse.'

75 2882 173 2921 Nam
204 2889 246 2920 ut
276 2883 383 2920 illam
415 2884 565 2931 agentis
595 2888 634 2921 et
662 2885 863 2934 patientis,
901 2886 1017 2922 maris
1047 2891 1086 2923 et
1114 2886 1295 2929 feminae,
1337 2885 1465 2932 superi
1496 2888 1534 2921 et
1562 2883 1693 2931 inseri,
1733 2894 1850 2934 quam

76 2938 140 2979 hic
176 2942 355 2989 attingis,
397 2940 682 2989 copulationem
718 2942 927 2991 proferam,
967 2942 1127 2981 eandem
1169 2947 1206 2980 et
1244 2943 1327 2989 ipse
1362 2942 1585 2978 societatem
1628 2945 1848 2992 comparavi

77 2996 176 3036 libro
216 3010 302 3037 meo
334 2997 403 3035 IV.
436 2997 672 3036 Harmoniae
713 3010 799 3036 eum
838 3001 1089 3037 consonantia
1124 2999 1332 3048 diapason,
1377 3009 1493 3046 quam
1529 2999 1653 3048 ipsam
1688 2993 1772 3039 mas
1809 3007 1849 3041 et

2 3054 21 3065 2
78 3054 219 3095 femina
248 3058 365 3095 etiam
395 3056 554 3094 vocibus
587 3057 679 3106 ipsis
709 3062 752 3094 ut
781 3055 986 3106 plurimum
1016 3060 1242 3107 exprimunt.
1301 3054 1362 3093 Tu
1383 3056 1539 3105 quidem
1568 3059 1646 3094 tuis
1667 3054 1847 3099 insistens

1555 3124 1643 3165 29*
