1994 3276
733 97 844 134 nna
866 99 928 136 lv.
951 98 1070 145 capue
1090 97 1153 136 iv.
1451 75 1455 80 ⁴
1753 91 1838 133 aas

50 213 194 263 deff-u,
217 214 338 265 quad*
345 214 429 264 jam
458 217 750 268 praemisimus,
784 227 828 255 se
857 216 1006 256 seilicet
1034 228 1112 255 non
1142 217 1271 254 minas
1300 215 1484 254 instinctu
1516 210 1688 263 quodam
1716 213 1838 248 natu*

48 272 122 311 rali
148 273 280 312 valere
307 273 359 312 ad
386 274 675 324 percipiendum
692 276 970 326 proportiones
999 274 1230 326 angulorum
1260 273 1530 318 harmonion,
1566 271 1687 320 qnam
1715 267 1843 320 pollet

48 329 232 370 fae-luta
260 332 448 378 naturali,
490 332 621 371 vitalis
650 338 806 372 nostrae
834 333 970 380 simili,
1007 333 1059 372 ad
1088 341 1229 383 eorpus
1256 331 1426 372 Telluris
1456 328 1710 378 officinasque
1738 326 1841 365 sub·-

49 394 244 428 terraneas
273 390 314 426 ia
342 392 536 428 montanis
565 391 679 429 certis
708 390 994 430 harmoniarum
1031 390 1271 442 temporibus
1301 386 1586 431 calefaciendas
1624 386 1841 436 exagitan-

49 445 213 496 dasqne3
246 453 295 488 -ut
322 447 415 486 illae
452 460 632 498 magnam
664 459 852 499 vaporum
880 449 1188 499 nebularumqne
1229 450 1382 499 copiam
1421 445 1622 490 exhalent,
1664 455 1713 483 ex
1744 452 1837 493 qua,

51 505 440 556 pausantium
467 508 620 556 frigoris
650 509 817 558 superni,
849 509 974 546 omnis
1003 509 1156 558 generis
1186 513 1358 546 meteora
1387 502 1687 544 conformantur.

87 579 90 580 ⁷
137 562 210 601 ·1n
238 562 382 602 'Petrae
411 566 513 602 enim
543 574 702 616 corpore
730 565 914 616 ponenda
942 571 1002 605 est
1042 566 1139 605 haec
1168 566 1316 612 anima,
1358 565 1453 615 quia
1480 572 1554 600 uec
1582 559 1715 612 anguli
1745 559 1840 598 har-

49 621 188 659 monici
216 621 411 660 radiorum
453 624 494 660 in
524 621 604 661 ulla
633 622 712 662 alia
739 629 849 673 parte
878 623 1011 662 mundi
1054 635 1172 675 qnam
1202 624 1240 661 in
1272 623 1393 662 Terra
1432 622 1620 668 existunt,
1652 623 1691 659 et
1720 628 1840 670 opera

49 684 232 726 nat-rae,
270 691 372 730 qnae
410 679 460 718 ad
492 681 815 730 configurationes
854 682 1049 721 radiorum
1086 687 1320 732 sequnntur,
1361 692 1409 720 ex
1438 679 1583 718 Terrae
1621 677 1836 717 visceribus

51 737 315 787 nasumque
343 740 519 777 cavernis
550 746 675 778 ortum
705 739 874 780 trahunt.

131 794 237 834 1.:1v.’
247 794 455 845 ‘Quartum
486 796 689 837 discrimen
720 799 895 837 consistit
922 799 962 836 in
991 797 1130 846 modis,
1161 798 1305 848 quibus
1333 795 1561 836 harmoniae
1589 793 1768 832 diversae
1798 794 1839 830 in

48 854 288 893 suini-unt
315 854 516 904 subjectis.
1747 861 1750 869 ’

139 911 262 950 ’Νω
292 911 391 951 libro
421 912 494 950 111.
525 924 613 952 cum
642 915 680 951 iu
712 918 827 953 cantu
858 915 1048 960 inessent,
1078 914 1120 951 iu
1152 912 1221 952 iilo
1252 916 1335 952 toto
1365 914 1538 959 inerant,
1576 914 1662 966 toto
1690 908 1840 949 scilieet

50 976 232 1019 tempere,
263 981 355 1019 quo·
374 970 540 1009 durabat
569 977 718 1010 cantus.
780 972 826 1010 Et
857 973 1036 1022 quamvis
1065 966 1272 1010 intervalla
1301 981 1455 1018 vocum,
1487 974 1530 1008 ut
1549 970 1680 1008 omnia
1711 978 1841 1018 quan-

50 1028 161 1066 titate
177 1029 461 1078 participantia,
493 1032 714 1068 continuam
732 1029 937 1069 admittant
956 1030 1200 1077 divisionem,
1231 1040 1309 1068 nou
1329 1034 1413 1068 erat
1430 1033 1562 1067 tamen
1580 1028 1635 1067 ibi
1655 1028 1840 1066 transitus

51 1087 180 1123 cantui
218 1098 243 1124 a
279 1097 375 1124 sono
413 1087 580 1125 inferiori
619 1100 687 1138 per
717 1089 963 1127 intermedios
1005 1088 1174 1126 infinitos
1211 1099 1334 1137 usque
1373 1086 1423 1126 ad
1459 1097 1566 1133 eum,
1608 1087 1675 1136 qni
1714 1086 1839 1136 primo

51 1155 252 1182 consonus*
273 1150 341 1182 ant
370 1145 580 1184 concinnus
610 1152 731 1193 esset,
772 1146 839 1185 sed
871 1158 958 1185 cum
988 1145 1091 1185 saltu
1130 1151 1171 1185 et
1198 1146 1355 1185 silentio
1396 1145 1691 1195 trajiciebantnr
1718 1144 1840 1182 inter-

52 1201 181 1240 media
207 1203 351 1250 omnia,
381 1205 507 1241 omnis
530 1215 621 1243 vero
652 1203 799 1243 vocalis
830 1206 1083 1243 commoratio
1115 1209 1198 1243 erat
1227 1206 1266 1242 in
1296 1204 1403 1242 sonis
1432 1205 1534 1242 inter
1553 1213 1596 1242 so
1625 1203 1838 1242 concinnis.

55 1259 198 1298 Eodem
228 1259 345 1300 modo
374 1261 414 1298 in
444 1268 650 1311 concentu,
693 1264 873 1312 quamvis
905 1265 1002 1302 inter
1031 1263 1222 1315 diapason
1247 1258 1299 1301 ‘et
1328 1262 1444 1302 dihex
1484 1262 1662 1300 intersint
1689 1260 1840 1299 infinita

56 1317 277 1366 intervalla,
314 1328 392 1357 nou
421 1318 539 1358 fiebat
568 1326 697 1360 tamen
736 1322 903 1374 intensio
944 1332 1085 1359 vocum
1115 1322 1300 1359 continua
1336 1331 1407 1370 per
1435 1321 1565 1360 omnia
1600 1318 1839 1365 intermedia,

54 1375 196 1425 quoad.
212 1387 260 1414 ex
291 1375 478 1428 diapason
507 1377 615 1417 fieret
639 1383 774 1425 sexta,
810 1379 881 1418 sed
911 1379 1014 1418 saltu
1045 1379 1265 1417 ferebantur
1304 1389 1422 1418 voees
1458 1390 1483 1416 a
1512 1389 1619 1416 mera
1649 1377 1840 1428 diapason

54 1435 275 1473 mineram
312 1441 480 1483 sextam,
522 1436 756 1476 intermediis
793 1438 972 1476 omnibus
1010 1437 1166 1475 silentio
1206 1437 1454 1475 transmissis.
1515 1435 1565 1474 Et
1605 1437 1643 1474 in
1683 1435 1841 1484 organis

55 1491 209 1541 quidem
237 1491 455 1532 saltabatur
483 1495 534 1533 ab
565 1506 641 1534 una
671 1506 799 1534 canna
827 1495 878 1533 ad
907 1495 1035 1542 aliam,
1067 1497 1104 1532 in
1137 1496 1269 1542 tensis,
1301 1501 1344 1533 ut
1366 1497 1618 1534 instrumento
1649 1499 1688 1533 et
1707 1495 1840 1544 harpe,

57 1550 109 1588 ab
132 1561 215 1588 -una
242 1550 387 1589 chorda
416 1551 467 1590 ad
499 1553 625 1600 aliam,
657 1554 721 1592 vel
751 1555 785 1590 si
814 1554 1047 1592 multisonae
1067 1553 1235 1591 chordae
1266 1557 1552 1604 usurparentur,
1583 1555 1695 1591 utin
1716 1552 1842 1591 clavi-

56 1607 233 1654 ohordio,
264 1608 459 1658 pandura,
491 1610 626 1661 chely,
658 1611 830 1661 cythara,
860 1611 911 1649 ab
941 1622 1020 1649 uno
1047 1617 1177 1657 tactu,
1208 1616 1277 1649 aut
1306 1612 1345 1648 in
1375 1610 1514 1650 fistulis
1544 1611 1597 1649 ab
1625 1621 1704 1648 nno
1735 1611 1842 1649 sora·

56 1667 156 1715 mine
186 1665 235 1703 ad
265 1665 391 1713 aliud,
422 1668 460 1704 in
490 1674 645 1716 gutture
674 1669 846 1706 humano
875 1669 925 1707 ab
956 1680 1033 1706 uno
1064 1668 1208 1707 circulo
1238 1670 1402 1708 arteriae
1432 1680 1593 1718 asperae
1628 1668 1677 1706 ad
1707 1667 1847 1706 alium·

55 1723 140 1761 Nun
169 1724 227 1761 sie
255 1725 293 1760 in
324 1723 422 1762 libro
454 1725 521 1763 ΠΣ
582 1726 679 1764 Nam
711 1738 810 1776 qtias
848 1727 887 1763 iu
918 1737 966 1764 eo
996 1726 1325 1765 considerabimus
1362 1727 1602 1775 harmonias,
1644 1726 1758 1777 illae,
1800 1732 1842 1763 ut

57 1781 133 1819 diei
161 1787 339 1831 coeptum
370 1784 496 1832 eapite
525 1784 792 1833 praecedenti,
834 1795 911 1822 non
941 1796 1093 1837 semper
1122 1786 1290 1822 existunt
1326 1786 1424 1823 inter
1452 1785 1629 1822 binorum
1660 1783 1843 1836 planeta-

56 1841 195 1878 riorum
222 1840 416 1878 radiorum
446 1841 630 1890 angulum
674 1847 713 1880 et
740 1843 841 1880 inter
868 1847 1036 1892 quatuor
1065 1848 1208 1890 rectos,
1251 1841 1321 1880 sed
1351 1842 1394 1880 fit
1433 1844 1617 1881 continua
1646 1843 1842 1893 separatio

56 1897 307 1946 planctuum,
337 1899 477 1947 quibus
508 1900 665 1948 quidem
695 1900 771 1939 hoe
800 1894 942 1938 datum>
963 1907 1034 1948 est,
1067 1901 1140 1938 sub
1169 1900 1331 1939 zodiaco
1362 1900 1505 1939 circulo
1534 1912 1603 1951 per
1634 1899 1842 1939 intervalla

57 1953 279 2005 ἀναρμοστα
309 1958 438 1994 omnia
467 1959 506 1994 iu
536 1957 771 2005 harmonica,
802 1969 964 2008 quorum
986 1963 1210 2006 extremum,
1242 1958 1318 1996 duo
1338 1961 1446 2005 recti,
1477 1958 1740 1998 semicirculus
1771 1969 1841 1997 seu

58 2014 261 2063 oppositio,
293 2014 459 2064 indeque
490 2016 712 2066 retrogrado
744 2015 877 2055 ordine
907 2028 976 2066 per
1005 2017 1211 2054 intervalla
1252 2028 1401 2054 rursum
1432 2019 1661 2056 inconcinna
1691 2022 1729 2055 et
1760 2017 1842 2055 dis-

58 2082 154 2108 sona
183 2073 312 2110 omnia
339 2084 462 2121 usque
496 2076 534 2110 in
565 2075 892 2123 conjunctionem3
925 2074 1053 2112 nullus
1082 2074 1146 2113 hic
1175 2074 1298 2113 saltus
1319 2074 1360 2112 fit
1391 2087 1438 2113 ex
1470 2087 1547 2113 uno
1576 2075 1720 2124 angulo
1751 2075 1843 2113 har-

59 2130 210 2167 monico
241 2130 280 2167 in
310 2129 440 2177 alium,
474 2133 579 2170 verbi
611 2144 728 2170 causa
760 2145 807 2171 ex
837 2134 987 2180 trigono
1019 2134 1058 2169 in
1089 2132 1339 2181 quadratum,
1377 2132 1444 2172 sed
1477 2135 1662 2171 transitus
1694 2133 1743 2170 ab
1775 2133 1842 2170 illo

60 2186 109 2224 ad
139 2186 241 2224 hunc
269 2190 472 2227 continuus
513 2196 572 2228 est
611 2202 679 2241 per
720 2190 946 2229 intermedia
982 2192 1123 2228 omnia.
1183 2190 1394 2240 Propterea
1430 2196 1583 2240 tempus
1619 2192 1842 2229 universum

60 2249 232 2285 motuum
262 2246 486 2284 coelestium
518 2255 708 2296 occupant
737 2248 1060 2297 configurationes
1088 2247 1282 2286 radiorum
1312 2250 1576 2295 inconcinnae,
1610 2249 1846 2298 dispungnnt

65 2313 151 2339 vero
183 2302 319 2340 saltem
351 2306 463 2342 certis
493 2308 694 2344 momentis
718 2306 1042 2354 configurationes
1065 2307 1240 2343 binorum
1262 2313 1330 2344 aut
1350 2306 1540 2344 interdum
1562 2307 1745 2343 trinorum
1777 2311 1845 2344 aut

61 2361 174 2397 etiam
216 2366 486 2408 quaternorum
524 2363 788 2410 harmonicae,
834 2364 989 2413 reliquis
1034 2365 1072 2400 in
1103 2366 1396 2412 incongruentia
1426 2364 1695 2413 pergentibus;
1737 2369 1780 2401 ut
1810 2366 1843 2402 si

62 2422 207 2466 septem
239 2429 386 2455 cantiae
415 2423 619 2468 organicae
648 2433 765 2459 sonos
795 2421 954 2459 totidem
986 2421 1165 2458 dissonos
1195 2423 1379 2459 continua
1409 2422 1597 2459 tensionis
1616 2421 1844 2460 alteratione

62 2476 278 2514 emitterent
306 2476 489 2525 fieretque
518 2481 735 2516 tensionum
767 2479 992 2517 obviatione
1022 2484 1171 2530 mutua,
1201 2484 1243 2516 ut
1271 2477 1462 2517 interdum
1490 2479 1605 2518 binae
1636 2478 1698 2517 vel
1720 2481 1845 2520 trinae

11 2565 17 2584 ,ν
63 2540 338 2579 consonarent,
379 2536 514 2572 ceteris
553 2537 853 2575 dissonantibus„
912 2536 974 2574 Ita
1011 2548 1103 2575 vere
1137 2542 1177 2574 et
1206 2538 1359 2587 proprie
1398 2536 1594 2593 loquendo
1624 2538 1848 2586 ipsissimas

11 2589 310 2629 “harmonicae
341 2590 663 2641 configurationes
693 2606 769 2633 non
799 2599 888 2631 sunt
919 2595 958 2631 in
989 2599 1181 2644 tempore,
1218 2595 1287 2632 sed
1316 2596 1354 2631 in
1385 2596 1589 2633 momentis
1619 2595 1849 2632 indivisim-¹

61 2647 165 2686 libus
194 2649 454 2697 perficiuntur.
511 2650 594 2688 Etsi
625 2663 758 2690 verum
784 2653 897 2700 juxta
929 2657 966 2690 et
995 2652 1070 2691 hoc
1099 2657 1169 2700 est,
1201 2654 1498 2699 commotiones,
1529 2664 1631 2701 quae
1662 2664 1706 2690 ex
1737 2653 1848 2693 hisce

62 2704 271 2744 harmoniis
302 2709 340 2744 in
373 2708 509 2744 animis
540 2710 718 2757 existunt,
749 2721 826 2747 non
857 2722 941 2748 esse
963 2716 1264 2757 momentaneas,
1295 2715 1454 2748 movent
1475 2712 1576 2748 enim
1597 2710 1847 2750 hannonieas

47 2764 405 2813 configurationes,
448 2771 638 2814 quatenus
678 2774 766 2805 sunt
806 2769 843 2804 in
874 2767 981 2816 fieri,
1022 2774 1060 2806 et
1096 2771 1134 2806 in
1165 2770 1250 2818 ipso
1288 2773 1505 2814 momento,
1544 2779 1622 2817 quo
1652 2768 1844 2818 perfectae

32 2845 33 2848 =
65 2819 170 2871 fiunt,
200 2833 348 2858 rursum
380 2824 537 2860 remittit
568 2835 696 2862 earum
729 2824 927 2872 stimulns;
960 2837 1077 2875 opera
1110 2838 1201 2864 vero
1231 2831 1411 2873 naturae,
1443 2836 1544 2874 quae
1573 2837 1641 2875 per
1670 2825 1743 2872 hos
1771 2828 1846 2866 sti-

30 2874 35 2889 ''
65 2873 190 2917 mulos
219 2878 487 2930 sollicitantur,
513 2879 596 2928 jam
626 2893 649 2918 a
679 2881 963 2920 conditionibus
991 2885 1175 2921 materiae
1206 2894 1404 2921 mensuras
1429 2884 1635 2932 accipiunt¹
1653 2885 1716 2922 sui
1742 2884 1845 2925 tem-

38 2937 422 2990 :poris-‚durantque
460 2949 576 2988 saepe
615 2938 730 2987 longe
766 2938 868 2977 ultra
895 2947 1148 2988 momentum,
1192 2952 1269 2989 quo
1309 2939 1501 2990 perficitur
1540 2940 1718 2980 radiatio.
1776 2941 1846 2983 sic

65 2994 243 3037 machina
263 3006 395 3032 aenea
424 2996 583 3045 explosa
614 2997 654 3032 vi
685 2998 859 3034 succensi
896 2998 1067 3046 pulveris
1097 2999 1196 3048 pyrii
1236 2998 1418 3046 ignescit,
1458 3009 1531 3036 nec
1557 3000 1709 3047 statim,
1748 3011 1844 3039 con-

66 3057 193 3093 s‘umta
220 3055 382 3092 materia
409 3054 531 3104 ignis,
560 3066 586 3092 a
614 3054 741 3093 calore
769 3055 952 3104 remittit3
994 3058 1052 3095 sic
1081 3067 1219 3105 corpus
1250 3054 1446 3103 animalis,
1477 3060 1522 3094 ut
1551 3056 1767 3110 exemplum
1794 3059 1846 3097 sit
