1994 3276
767 69 1194 126 mummii
1281 123 1290 127 -
1658 49 1666 57 ’
1770 55 1888 117 sss*

74 197 155 238 tam
176 191 404 237 abstractu
431 203 459 230 a
486 190 706 239 sensilibus,
737 201 854 240 quam
884 197 1085 250 nunquam
1112 189 1159 226 iis
1189 194 1392 229 concretae
1421 189 1584 239 fuerint,
1616 192 1857 245 abstractam

70 250 201 302 igitur
217 245 475 305 qujnfitatem
509 249 598 299 jure
626 249 811 290 terminos
850 238 1057 286 statuimus
1094 243 1406 298 proportionibus
1440 245 1675 292 harmonicis
1716 238 1855 290 arebe-

70 308 235 360 typicis,
272 308 418 365 quippe
446 319 550 358 quae
579 312 671 346 sunt
698 317 747 360 ex
775 305 911 345 circuli
941 304 1198 345 divisionibus
1238 304 1621 353 demonstrabilibus.
1675 303 1746 348 Est
1777 308 1856 347 alia

71 376 203 414 88888,
232 366 301 406 cur
327 366 544 405 abstractas
575 355 814 416 quantitates
845 363 998 414 eligam,
1029 363 1123 420 quia
1143 352 1320 412 circulus,
1352 365 1420 431 qui
1447 364 1572 416 figura
1591 371 1663 414 cst,
1684 371 1855 419 quartae

70 435 210 475 nempe
239 423 438 475 qualitatis
467 425 638 490 species,
680 424 858 473 quamvis
887 424 940 460 sit
968 422 1187 471 quantitas,
1227 427 1356 460 tamen
1391 423 1429 460 in
1459 422 1535 463 hoc
1563 426 1727 475 negotio
1759 435 1855 493 pure

2 513 5 515 .
73 488 117 522 ut
143 481 268 535 figura
296 481 573 529 consideratur,
605 482 687 521 siue
718 482 850 530 magni
883 479 944 520 vel
963 481 1075 531 parvi
1105 478 1331 527 discrimine,
1364 480 1463 519 adeo
1495 489 1539 520 ut
1558 484 1678 522 etiarn
1697 483 1876 534 abipsa.

72 542 289 591 quantitate
329 539 450 579 veluti
491 552 516 578 a
551 550 623 578 suo
663 539 840 588 subjecto
878 537 1123 577 abstrahatur
1156 537 1444 587 quodammodo
1483 542 1683 592 possitque
1722 540 1793 580 vel
1816 542 1856 579 in
1887 545 1889 547 '
1920 540 1923 544 ’

73 599 206 649 puncti
234 599 416 648 angustia
452 597 537 648 ejus
566 598 733 651 agnosci
755 602 905 635 natura.
964 595 1051 634 Hoc
1090 596 1226 645 opinor
1254 595 1415 634 Procius
1455 595 1601 645 voluit,
1640 598 1731 644 dnm
1766 611 1854 638 ma-

74 657 304 696 thematicas
333 668 397 695 res
425 657 464 693 in
493 657 625 694 anima
655 655 751 693 dixit
780 655 907 708 inesse
938 656 1163 704 incorporeo
1193 660 1231 693 et
1260 654 1461 699 indistanti
1490 657 1694 697 modo..

187 714 259 753 Est
285 713 453 764 denique
496 719 535 752 et
561 711 670 752 baec
698 724 849 751 summa
888 718 926 751 et
964 712 1177 750 decumana
1205 714 1326 758 ratio,
1370 712 1475 763 quod
1505 716 1767 769 quantitatum
1796 719 1856 755 est

74 773 263 827 mirabilis
290 772 484 839 quaedam
515 777 555 810 et
583 770 698 822 plane
728 770 861 809 divina
889 770 1028 820 politia
1056 781 1258 820 rerumque
1284 770 1502 815 divinarum
1533 777 1572 811 et
1601 765 1857 813 humanarum

75 824 289 870 eommunis
329 830 368 868 iu
410 831 456 868 iis
499 828 778 881 symbolisatio.
837 828 898 867 De
939 834 1207 867 sacrosanctae
1246 827 1446 869 Trinitatis
1482 821 1777 881 adumbratione
1818 833 1856 870 in
1927 832 1931 834 “

73 888 275 957 sphaerico
303 888 440 938 scripsi
458 888 623 939 passim,
649 888 688 925 in
711 884 871 938 Opticis,
903 887 941 924 in
962 885 1255 925 Commentariis
1277 886 1427 936 Martis,
1458 889 1499 926 in
1520 887 1694 928 doctrina
1713 889 1858 943 sphae-

74 948 177 996 rica,
199 957 315 1001 quae
343 945 407 984 liic
436 946 600 995 repetita
629 943 732 984 volo.
750 941 806 998 ¹⁴)
862 944 1045 994 Sequitur
1086 946 1201 994 igitur
1240 951 1346 984 recta
1372 945 1497 995 linea,
1536 956 1642 999 quae
1674 959 1723 987 ex
1751 947 1858 999 fluxu

75 1006 210 1059 puncti
246 1007 285 1051 ἰιι
315 1010 446 1044 centro
484 1006 522 1041 in
559 1009 744 1053 punctum
781 1003 936 1042 unicum
972 1002 1188 1053 superficiei
1231 1004 1357 1054 prima
1394 1003 1612 1044 rudimenta
1643 1006 1856 1047 creationis

77 1056 257 1107 delineat,
285 1060 441 1116 aemula
469 1067 649 1101 aeternae
677 1061 937 1112 generationis
956 1059 1025 1098 filii
1056 1059 1229 1113 (egressu
1247 1063 1367 1101 centri
1387 1074 1522 1102 versus
1542 1063 1693 1112 infinita
1707 1070 1861 1123 puncta·

77 1119 196 1161 totius
233 1110 469 1174 superficiei,
508 1119 621 1174 lineis
651 1119 808 1157 infinitis
846 1119 919 1158 sub
956 1118 1195 1169 aequalitate
1233 1121 1412 1159 omnibus
1446 1120 1742 1174 perfectissima
1754 1118 1857 1178 ligu-

74 1185 183 1219 ratae
212 1185 253 1218 et
281 1176 491 1230 depictae),
523 1172 624 1227 quae
654 1184 759 1216 recta
787 1178 892 1216 linea
921 1176 1153 1216 elementum
1192 1177 1340 1217 scilicet
1368 1185 1429 1220 est
1456 1180 1603 1219 formae
1634 1179 1857 1242 corporeae.

73 1235 183 1276 Haec
210 1237 249 1274 in
278 1236 403 1275 latum
432 1235 547 1274 ducta
572 1236 654 1285 Jam
685 1237 809 1285 ipsam
838 1236 1000 1274 formam
1020 1247 1243 1285 corpoream
1265 1236 1480 1285 adumbrat,
1510 1237 1672 1288 planum
1699 1250 1859 1288 creans3

45 1296 48 1298 ’
71 1293 189 1346 plano
220 1289 313 1337 vero
341 1300 489 1333 sectum
517 1294 761 1344 sphaericum
790 1292 975 1332 circulum
1005 1296 1175 1340 sectione
1204 1301 1480 1349 repraesentat,
1519 1298 1666 1336 ιιι8ιιιί8
1687 1295 1855 1351 creatae,

75 1364 177 1404 quae
207 1348 356 1403 corpori
385 1351 556 1402 regendo
585 1353 635 1389 sit
665 1352 880 1401 praefecta,
909 1353 1119 1401 genuinam
1146 1353 1376 1402 imaginem,
1413 1365 1515 1404 quae
1544 1355 1584 1392 in
1615 1367 1663 1394 ea
1693 1359 1858 1407 propor-

76 1412 180 1451 tione
208 1412 260 1449 sit
288 1409 340 1449 ad
367 1409 632 1459 sphaericum,
670 1416 714 1447 ut
743 1416 801 1448 est
836 1421 944 1448 mens
975 1407 1143 1448 humau‘a
1180 1410 1230 1448 ad
1261 1410 1454 1460 divinam,
1494 1411 1598 1452 linea
1615 1411 1786 1453 scilicet
1808 1413 1870 1453 adv

151 1468 334 1517 efficiem,
378 1473 540 1517 utraque
572 1474 704 1506 tamen
732 1467 945 1515 circularis,
984 1467 1035 1506 ad
1065 1467 1223 1526 planum
1255 1481 1366 1516 vero,
1406 1471 1444 1507 in
1475 1482 1552 1529 quo
1584 1462 1623 1510 8ι
1653 1473 1775 1520 in'est,
1813 1484 1858 1510 se

76 1480 195 1568 met
223 1531 266 1565 ut
295 1537 454 1565 curvum
493 1525 542 1564 ad
573 1533 739 1578 rectum,
779 1528 879 1576 qu'ae
916 1532 1006 1563 sunt
1035 1520 1416 1569 incommunicabilia
1456 1535 1496 1567 et-
1525 1523 1858 1579 incommensura-

77 1576 189 1633 bilia,
228 1585 403 1634 inestque
440 1583 621 1634 pulchre
633 1583 804 1622 circulus
843 1592 923 1622 tam
962 1586 1000 1621 in
1030 1585 1147 1635 plano
1183 1592 1362 1637 secante,
1403 1581 1718 1627 circumscribens
1738 1577 1860 1640 illud,

78 1654 196 1693 quam
226 1645 264 1680 in
279 1642 495 1699 sphaerico
524 1646 648 1690 secto,
680 1649 814 1680 mutuo
845 1643 1043 1691 utriusque
1074 1653 1282 1690 concursu,
1320 1646 1421 1690 8ἰ8ιιι
1450 1646 1604 1683 animus
1634 1652 1673 1684 et
1702 1648 1739 1684 in
1761 1646 1859 1685 cor-

79 1713 174 1752 pore
204 1701 326 1751 inest,
345 1699 555 1738 informans
586 1699 679 1738 illud
710 1705 982 1751 connexusque
1012 1700 1157 1746 formae
1189 1712 1414 1751 corporeae,
1450 1708 1489 1741 et
1518 1705 1557 1740 in
1588 1702 1674 1742 Deo
1705 1705 1861 1743 susten-
1920 1741 1925 1744 .

78 1764 194 1807 tatur,
225 1753 346 1797 veluti
375 1757 567 1807 quaedam
606 1769 652 1796 ex
684 1758 795 1797 vultu
826 1758 959 1796 divino
977 1758 1031 1800 in
1058 1769 1198 1808 corpus
1230 1758 1405 1798 derivata
1445 1760 1687 1813 irradiatio,
1704 1762 1860 1801 trahens
1908 1780 1912 1786 ⁸

81 1811 168 1855 inde
198 1816 423 1855 nobiliorem
451 1822 640 1854 naturam.
702 1815 811 1865 Quae
844 1827 963 1854 causa
990 1817 1091 1854 sicut
1120 1816 1268 1855 stabilit
1297 1819 1608 1868 proportionibus
1629 1819 1861 1859 harmonicis

83 1873 267 1923 circulum
309 1884 379 1924 pro
420 1874 596 1923 subjecto
637 1879 676 1912 et
712 1876 960 1912 terminorum
997 1874 1151 1922 fonte,
1165 1876 1221 1913 sic
1258 1876 1341 1913 vel
1351 1878 1545 1920 maxime
1560 1878 1860 1918 abstractionem

80 1921 343 1979 commendat,
367 1942 469 1972 cum
507 1943 636 1981 neque
672 1933 710 1970 in
749 1940 876 1971 certae
917 1933 1146 1982 quantitatis
1188 1926 1351 1982 circulo,
1390 1946 1516 1984 neque
1543 1937 1602 1972 in
1625 1935 1859 1987 imperfecto,
1901 1940 1903 1943 “
1972 1922 1979 1933 ’

17 2004 22 2008 ·
82 1992 126 2035 ιιι
153 1995 243 2031 sunt
278 1961 497 2030 materiales
537 1996 575 2028 et
613 1991 799 2039 sensiles,
835 1992 925 2028 insit
964 1989 1179 2029 divinitatis
1216 1993 1335 2029 animi
1370 1991 1639 2046 adumbratio,
1680 2000 1719 2033 et
1757 1994 1862 2044 quod

83 2053 200 2099 eaput
229 2053 308 2097 est,
338 2052 487 2086 tantum
516 2059 541 2086 a
569 2051 761 2098 corporeis
803 2054 841 2087 et
870 2048 1076 2088 sensilibus
1108 2048 1243 2088 deceat
1273 2062 1358 2088 esse
1395 2024 1639 2091 abstractum
1665 2052 1861 2101 circulum,
1920 2092 1924 2096 ,

14 2118 19 2123 ·
81 2111 283 2157 quantum
296 2106 402 2146 curvi
434 2106 616 2155 rationes,
647 2108 764 2144 animi
796 2107 1028 2158 symbolum,
1061 2120 1085 2145 8
1103 2112 1242 2156 recto,
1282 2120 1483 2160 corporum
1512 2110 1677 2158 umbra,
1689 2116 1861 2150 secretae

39 2170 41 2172 ’
81 2170 121 2204 et
150 2163 257 2203 velut
285 2164 500 2202 abstractae
527 2170 631 2205 sunt.
690 2164 792 2203 SatIs
833 2166 967 2215 igitur
986 2166 1143 2203 muniti
1165 2177 1298 2204 sumus
1337 2167 1387 2206 ad
1418 2166 1512 2216 hoc,
1550 2174 1595 2206 ut
1629 2168 1862 2207 harmonicis

78 2220 399 2281 proportionibus,
430 2223 547 2260 animi
577 2222 697 2261 solius
727 2224 902 2272 objectis,
932 2224 1115 2268 terminos
1145 2235 1192 2263 ex
1223 2225 1430 2264 abstractis
1459 2226 1702 2290 potissimum
1734 2238 1862 2276 quau-

79 2278 274 2319 titatibus
285 2284 472 2330 petamus.

192 2336 247 2376 Ut
276 2339 391 2388 igitur
419 2337 522 2376 hunc
540 2338 669 2379 locum
691 2339 978 2387 concludamus,
1010 2340 1219 2389 praecipua
1247 2339 1432 2379 fasciculo
1451 2331 1690 2391 colligemus.
1743 2326 1884 2386 Com-⁴

81 2407 215 2451 mune·
224 2396 325 2458 euim
353 2394 498 2434 liabent
523 2393 748 2436 harmoniae
779 2397 939 2436 sensiles
969 2408 1056 2435 cum
1086 2397 1418 2448 archetypalibus‚
1450 2398 1554 2447 quod
1585 2401 1770 2450 terminos
1797 2411 1861 2439 re-

81 2446 235 2505 quirant
264 2464 475 2502 eorumque
501 2457 848 2504 comparationem,
885 2450 1005 2505 ipsius
1036 2457 1189 2493 animae
1220 2457 1437 2505 energiam,
1480 2458 1518 2498 in
1548 2457 1622 2495 hac
1658 2467 1862 2507 compara·-

81 2513 184 2551 tione
215 2517 466 2560 utrarumque
491 2515 659 2551 essentia
689 2515 875 2561 consistit.
936 2512 1014 2551 Sed
1054 2512 1255 2566 sensilium
1291 2515 1442 2555 termini
1472 2514 1637 2554 sensiles
1666 2515 1758 2566 sunt
1792 2527 1864 2565 ex-

70 2575 217 2620 ‘traque
247 2572 416 2609 animam
450 2576 672 2619 praesentes
709 2571 847 2610 adesse
887 2570 1051 2619 debent3
1089 2571 1394 2622 archetypalium
1429 2574 1585 2611 termini
1619 2578 1712 2627 sunt
1747 2573 1868 2615 antea

33 2634 39 2639 ·
82 2629 185 2666 intus
214 2629 252 2666 in
288 2629 418 2666 anima
445 2634 679 2675 praesentes.
711 2629 953 2668 Sensilibus
991 2630 1108 2678 igitur
1129 2641 1236 2684 opus
1265 2632 1421 2697 insuper
1450 2635 1513 2668 88ι
1543 2632 1763 2682 receptione
1792 2643 1863 2681 per

84 2687 251 2735 speciem
281 2697 329 2724 ex
358 2697 400 2723 se
430 2685 621 2732 emissam,
665 2698 766 2736 quae
796 2689 964 2736 receptio
995 2686 1062 2725 fiat
1093 2699 1118 2729 a
1147 2688 1346 2730 sensibus
1355 2689 1507 2726 animae
1537 2690 1720 2727 ministris
1764 2694 1863 2740 opus

6 2769 11 2773 -
85 2749 144 2782 est
172 2749 212 2781 et
240 2742 318 2781 alia
347 2734 646 2792 comparatione
662 2744 903 2793 singulorum
931 2746 1182 2799 terminorum
1201 2745 1400 2783 sensilium
1430 2757 1516 2783 cum
1539 2746 1703 2796 singulis
1724 2747 1863 2787 arche-

16 2837 18 2839 .
84 2801 291 2852 typalibus,
322 2806 419 2857 puta
447 2799 590 2838 circulo
603 2801 780 2850 ejusque
809 2808 919 2852 parte
948 2802 1096 2859 scibili;
1131 2809 1171 2841 at
1201 2803 1423 2841 harmoniae
1454 2804 1695 2854 archetypali
1726 2810 1863 2851 neutra

0 2865 1 2909 ζ
28 2884 33 2888 v
84 2869 126 2897 re
156 2864 214 2898 est
244 2869 352 2908 opus,
386 2870 473 2905 cum
501 2859 651 2895 termini
680 2864 795 2898 antea
824 2862 901 2898 sint
930 2861 970 2897 in
999 2862 1130 2904 anima
1158 2865 1400 2910 praesentes,
1415 2862 1467 2899 -ei
1494 2863 1735 2911 congenitae·
1751 2864 1863 2914 ipsa-

88 2926 170 2964 que
191 2915 289 2968 adeo
320 2917 460 2964 anima,
491 2926 563 2953 nec
592 2916 727 2975 imago
753 2918 836 2956 sint
858 2920 939 2956 veri
960 2919 1021 2956 sui
1040 2918 1330 2968 paradigmatis,
1362 2917 1459 2956 sed
1450 2930 1575 2968 ipsum
1603 2931 1715 2960 suum
1736 2920 1859 2970 veluti

0 2963 1 2981 ἶ
75 2969 321 3039 'paradigma-
379 2967 440 3012 Ita
460 2973 644 3026 simplex
674 2978 822 3013 tantum
859 2978 1116 3026 comparatio,
1159 2989 1276 3026 quam
1313 2977 1503 3014 instituit
1508 2978 1659 3026 anima,
1698 2990 1858 3018 suarum

73 3030 208 3090 ipsius
250 3032 371 3078 veluti
406 3023 571 3082 partium
619 3031 718 3069 inter
761 3042 821 3079 se,
863 3033 1032 3071 absolvit
1075 3034 1343 3084 archetypicae
1388 3033 1612 3075 harmoniae
1654 3034 1869 3078 essentiam·
