1994 3276
139 116 222 157 336
676 123 680 131 ι
780 107 978 146 Ptolemaei
1001 107 1296 146 Harmonicorum

136 229 200 265 illo
226 238 291 264 suo
316 226 480 271 subJecto
507 224 722 270 definiatur,
758 235 876 271 neque
914 222 1118 270 subjectum
1155 225 1200 261 ab
1236 221 1424 260 harmonia
1448 223 1691 262 essentialiter
1712 227 1940 276 informetur,

138 282 202 318 sed
227 285 368 317 tantum
391 278 671 315 accidentaliter.
719 278 800 323 Ego
824 278 934 322 igitur
957 277 1076 322 capite
1101 278 1131 311 1.
1156 276 1239 312 libri
1262 277 1333 312 mei
1356 277 1415 312 IV.
1442 278 1594 323 ostendi,
1630 279 1835 316 harmonias
1861 292 1941 318 esse

138 333 401 379 proportiones,
426 331 681 377 proportiones
705 341 789 366 vero
815 328 906 366 esse
921 330 1050 366 mentis
1077 329 1374 375 comparationes,
1401 333 1437 365 et
1462 330 1513 366 sic
1529 341 1600 373 ,ens
1625 332 1794 369 rationis:
1818 333 1942 380 itaque

137 386 340 422 harmonias
377 389 417 421 ut
440 384 649 420 harmoniae
672 384 708 419 in
734 383 852 419 anima
877 388 1109 428 comparante
1133 383 1271 426 inesse,
1304 383 1355 419 sic
1381 387 1421 418 ut
1445 383 1565 420 anima
1589 383 1732 420 sublata
1756 386 1943 423 harmonia

137 443 273 485 pereat.
322 437 471 473 Ostendi
497 437 666 483 amplius,
705 448 786 473 cum
812 436 998 482 proportio
1024 435 1071 470 sit
1096 435 1131 469 in
1164 435 1455 479 praedicamento
1479 436 1681 483 relationis,
1721 438 1811 474 duos
1834 440 1944 485 igitur

137 490 270 535 requiri
294 491 464 526 terminos
486 491 532 527 ad
557 490 752 536 quamlibet
776 490 1012 532 harmoniam,
1037 488 1097 533 qui
1124 488 1179 522 vel
1205 493 1290 524 sunt
1312 500 1370 524 res
1396 489 1557 535 sensiles,
1584 490 1715 535 quibus
1741 492 1943 529 continetur

137 542 326 578 harmonia
351 543 506 589 sensilis,
531 543 588 578 vel
612 541 797 587 mentales,
836 541 968 586 quibus
993 540 1248 576 intellectualis
1274 545 1311 575 et
1334 542 1567 587 archetypica
1590 543 1776 579 harmonia
1799 555 1943 591 reprae-

138 600 316 632 sentatur.
367 595 493 640 Capite
518 595 549 631 2.
575 595 722 640 respexi
745 594 858 638 magis
886 593 929 629 ad
955 603 1063 628 voces
1087 593 1151 627 vis
1178 603 1242 628 seu
1278 593 1297 628 f
1303 594 1507 632 acultas,
1544 605 1732 640 enarrans,
1768 608 1943 642 quaenam

140 654 176 684 et
202 653 290 692 quot
315 647 388 683 sint
411 647 605 684 facultates
631 647 770 683 animae
796 646 928 692 agendi
951 646 1007 682 vel
1032 645 1193 691 patiendi
1218 646 1415 682 secundum
1440 647 1657 683 harmonias.
1696 649 1862 694 Denique
1886 660 1943 686 ca-

138 701 213 747 pite
239 702 270 736 3.
298 700 476 746 quaesivi,
513 700 644 746 quibus
681 701 718 735 in
741 699 849 735 rebus
876 708 1069 744 expressae
1095 697 1168 733 sint
1190 698 1301 733 totius
1326 698 1484 734 universi
1508 699 1719 736 harmoniae
1743 711 1808 738 seu
1832 713 1943 747 quan-

138 754 261 790 titates
287 757 392 798 aptae
417 752 463 788 ad
488 752 762 789 constituendos
786 750 958 787 terminos
984 751 1274 796 propositionum
1299 751 1619 802 harmonicarum.v

255 816 455 861 Postquam
489 817 600 862 igitur
633 817 725 853 libro
764 826 842 852 meo
867 815 928 851 IV.
954 815 990 850 in
1027 815 1125 851 hunc
1162 816 1309 852 modum
1333 817 1379 852 ad
1415 817 1663 862 quaestionem
1687 828 1708 852 a
1732 818 1943 855 Ptolemaeo

140 869 363 915 propositam
389 879 433 904 ex
457 869 605 915 propria
629 869 697 905 mei
723 869 831 906 animi
856 869 1035 904 sententia
1057 869 1251 915 respondi,
1290 870 1456 905 nimirum
1493 865 1530 906 et
1553 870 1640 915 quid
1672 870 1719 906 sit
1744 876 1945 917 utrumque,

139 926 214 957 tam
237 922 423 967 proportio
449 921 673 963 harmonica,
712 932 818 967 quam
842 920 997 957 facultas
1022 920 1247 968 harmonica,
1280 927 1316 957 et
1340 933 1518 967 quaenam
1541 932 1600 958 res
1625 931 1707 958 esse
1729 923 1871 968 possint
1894 923 1944 959 al-

140 974 313 1010 terutrius
338 974 552 1019 participes:
586 973 660 1018 jam
685 974 793 1009 etiam
816 971 1016 1008 Ptolemaei
1052 973 1296 1009 resolutiones
1335 975 1563 1016 examinabo,
1598 974 1635 1009 in
1666 974 1797 1019 quibus
1822 975 1945 1020 aliqua

139 1027 370 1063 inveniuntur
395 1027 484 1062 meis
508 1027 804 1072 responsionibus
838 1029 1096 1071 consentanea,
1122 1037 1194 1062 non
1219 1037 1336 1071 pauca
1359 1027 1404 1063 ab
1429 1027 1473 1063 iis
1498 1027 1656 1072 diversa,
1683 1037 1777 1072 quae
1800 1028 1858 1063 vel
1883 1039 1944 1063 ex-

142 1080 338 1126 plicatione
362 1079 418 1114 vel
443 1079 668 1116 correctione
691 1079 864 1124 indigent,
891 1078 948 1114 vel
974 1079 1091 1122 etiam,
1116 1084 1157 1114 ut
1182 1079 1322 1114 veritati
1341 1079 1579 1124 adversantia,
1605 1079 1774 1125 redargui
1799 1081 1943 1117 debent.

256 1144 353 1179 Nota
377 1143 421 1178 11.
470 1142 573 1187 Quod
599 1143 669 1178 vim
695 1143 823 1179 attinet
848 1142 1124 1186 vocabulorum,
1150 1154 1220 1178 vox
1245 1148 1409 1180 natura
1431 1144 1694 1180 harmonica
1719 1155 1785 1180 seu
1809 1143 1946 1180 facul-

142 1200 214 1231 tas
249 1195 526 1231 harmonica
550 1195 665 1241 magis
689 1195 840 1231 inclinat
864 1194 909 1230 ad
935 1194 1154 1230 efficientem
1190 1195 1476 1243 harmoniarum,
1514 1202 1550 1233 et
1573 1209 1643 1233 vox
1665 1212 1704 1233 to
1728 1197 1948 1244 ἡρμοσμενον

142 1247 256 1294 magis
281 1247 327 1283 ad
353 1247 555 1292 subjectum
578 1247 796 1283 harmonicis
821 1247 1115 1292 proportionibus
1140 1253 1361 1284 exornatum.
1381 1244 1548 1295 Utraque
1572 1245 1669 1296 vero,
1693 1254 1769 1286 tam
1793 1249 1947 1286 facultas

141 1299 350 1336 harmonica
388 1310 494 1344 quam
532 1299 736 1345 subjectum
776 1300 922 1345 aliquod
956 1300 1162 1336 harmonice
1189 1306 1520 1348 contemperatum,
1557 1302 1664 1347 plura
1686 1301 1947 1347 complectitur,

144 1364 252 1399 quam
275 1363 392 1388 meras
417 1352 642 1398 harmonias,
670 1352 809 1389 scilicet
833 1353 939 1387 etiam
965 1351 1036 1388 alia
1059 1352 1250 1389 intervalla
1274 1353 1318 1388 ab
1344 1354 1542 1390 harmoniis
1567 1354 1828 1399 dependentia,
1854 1363 1948 1400 quae

143 1405 355 1452 generaliori
381 1416 466 1441 voce
491 1406 713 1442 concinna
738 1406 917 1442 dicuntur.
951 1406 1031 1441 Hoc
1054 1404 1163 1449 igitur
1188 1405 1275 1441 dicit
1298 1405 1543 1448 Ptolemaeus.
1570 1408 1689 1442 omnia
1712 1417 1784 1442 non
1808 1409 1950 1441 tantum

145 1469 314 1504 consona,
340 1458 404 1494 sed
430 1459 538 1493 etiam
563 1459 748 1503 concinna,
776 1458 907 1503 quibus
932 1462 1075 1493 constat
1100 1458 1259 1494 musicus
1285 1463 1424 1504 cantus,
1450 1459 1585 1494 habere
1612 1470 1697 1495 suas
1723 1463 1840 1495 certas
1863 1470 1949 1504 pro-

145 1512 347 1558 portiones:
383 1515 496 1557 ·atque
522 1509 558 1546 id
582 1521 655 1545 non
679 1516 820 1546 tantum
844 1516 970 1556 patere
995 1521 1040 1546 ex
1066 1511 1373 1547 demonstratione
1399 1511 1554 1547 deducta
1591 1521 1636 1546 ex
1660 1511 1949 1557 praesuppositis

144 1564 401 1612 probabilibus,
427 1563 491 1599 sed
516 1563 625 1599 etiam
650 1574 694 1599 ex
719 1564 879 1599 sectione
897 1563 1068 1600 canonica
1086 1574 1150 1599 seu
1173 1564 1332 1609 regulari
1356 1563 1590 1600 monochordi
1615 1568 1652 1599 et
1675 1564 1726 1599 sic
1751 1574 1796 1600 ex
1813 1563 1950 1601 auditu.

146 1620 183 1655 Si
209 1620 304 1655 enim
329 1618 465 1654 chorda
488 1617 597 1653 fuerit
621 1622 721 1659 secta
745 1618 839 1654 sicut
863 1618 940 1655 vult
965 1617 1245 1662 demonstratio,
1283 1622 1370 1654 tunc
1392 1621 1515 1663 partes
1539 1616 1704 1670 chordae
1721 1621 1843 1652 sectae
1868 1627 1951 1652 con-

145 1682 285 1716 sonare,
306 1670 429 1716 judice
455 1669 592 1706 auditu.

263 1735 361 1771 Nota
385 1735 450 1770 III.
499 1734 768 1770 Probabilis.
805 1735 1046 1780 supposita
1082 1733 1168 1770 dicit
1199 1732 1283 1776 illa,
1321 1734 1418 1779 quod
1443 1736 1613 1772 assumsit
1635 1736 1673 1772 in
1705 1735 1820 1782 primo
1843 1734 1948 1778 libro,

146 1788 228 1824 illas
254 1787 409 1824 chordas
435 1798 645 1834 consonare,
673 1799 764 1832 quae
782 1787 1064 1824 determinentur
1079 1787 1247 1830 numeris,
1277 1792 1313 1822 et
1328 1787 1451 1832 primis
1470 1788 1660 1834 speciebus
1676 1788 1950 1834 proportionum

146 1840 383 1877 numeralium
399 1867 407 1882 ‚
433 1839 571 1876 scilicet
594 1840 808 1886 multiplici,
833 1841 1154 1886 superparticulari
1179 1844 1215 1875 et
1241 1838 1538 1885 superpartiente.
1588 1842 1636 1876 At
1662 1850 1728 1883 ego
1752 1839 1843 1875 haec
1867 1850 1951 1884 sup-

147 1893 267 1939 posita
289 1893 444 1929 refutavi
468 1893 559 1929 libro
584 1893 654 1928 mei
679 1893 798 1938 operis
824 1893 943 1936 tertio,
969 1897 1005 1928 et
1030 1896 1157 1928 contra
1180 1893 1315 1937 protuli
1341 1893 1411 1928 alia
1436 1893 1625 1938 supposita
1648 1890 1857 1937 probabilia,
1883 1892 1949 1927 sci-

147 1945 232 1981 licet
254 1944 335 1980 illas
360 1945 531 1991 chordas,
569 1955 662 1990 quae
689 1955 727 1980 se
753 1945 888 1980 habent
910 1950 950 1980 ut
974 1949 1098 1990 partes
1123 1945 1265 1988 circuli,
1291 1955 1356 1990 per
1379 1945 1531 1991 figuram
1557 1943 1875 1981 demonstrabilem
1901 1943 1953 1979 di-

147 1997 223 2033 visi.
272 1997 372 2042 Quae
397 1998 505 2042 igitur
540 1998 598 2033 hic
623 1998 854 2034 Ptolemaeus
879 1998 923 2033 de
960 1997 1178 2034 sectionibus
1216 1999 1290 2033 suis
1328 1998 1508 2034 canonicis
1547 1996 1752 2042 semiplenis
1786 1996 1953 2040 affirmat,

150 2049 275 2085 eadem
314 2059 380 2094 ego
407 2053 443 2085 et
467 2049 580 2086 multo
604 2051 738 2086 rectius
764 2050 808 2085 de
833 2060 913 2086 mea
938 2050 1130 2096 septuplici
1156 2051 1316 2086 sectione
1347 2059 1495 2095 possum
1522 2049 1719 2094 affirmare,
1757 2048 1842 2093 quia
1865 2047 1952 2083 mihi

149 2100 320 2138 instantia
344 2101 444 2136 nulla
468 2106 590 2148 potest
613 2101 746 2138 afferri.

266 2174 517 2225 Consequens
551 2181 609 2215 est
639 2182 781 2225 autem,
813 2181 855 2214 ut
882 2177 914 2215 si
936 2177 1023 2226 quis
1054 2176 1130 2214 ista
1161 2175 1464 2215 consideraverit
1493 2181 1654 2225 attente,
1688 2177 1818 2216 statim
1851 2176 1883 2214 is
1913 2175 1952 2212 in

154 2232 450 2273 admirationem
480 2234 594 2273 fuerit
625 2240 777 2286 raptus,
823 2236 861 2273 si
889 2235 1120 2284 cujusquam
1151 2246 1198 2273 ex
1228 2235 1344 2272 rebus
1376 2234 1664 2284 pulcherrimis,
1690 2239 1809 2275 ‚certe
1840 2244 1951 2272 cum-

155 2293 287 2342 primis
319 2293 438 2332 etiam
467 2292 584 2343 hujus
615 2293 860 2332 harmonicae
891 2292 1108 2331 facultatis:
1141 2294 1284 2343 quippe
1306 2304 1423 2342 quam
1457 2293 1709 2343 deprehendit
1738 2293 1855 2341 longe
1885 2303 1951 2330 ra—

150 2351 447 2390 tionalissimam
477 2349 558 2404 IV),
607 2352 868 2390 invenientem
906 2357 944 2389 et
975 2352 1275 2389 constituentem
1319 2353 1533 2401 specierum
1563 2353 1805 2403 propriarum
1838 2349 1950 2389 diffe-

152 2411 296 2447 rentias
342 2421 460 2459 quam
505 2411 795 2449 accuratissime
814 2407 875 2462 V):
919 2420 996 2459 quo
1027 2408 1248 2457 intellecto,
1289 2408 1411 2447 veluti
1455 2409 1577 2448 divini
1609 2410 1789 2448 incensus
1821 2418 1951 2447 amore

152 2469 390 2519 concupiscit
419 2469 560 2507 intueri
591 2473 628 2507 et
659 2467 823 2507 lustrare
854 2479 976 2517 genus
1006 2466 1103 2506 illud
1133 2479 1270 2515 rerum,
1303 2468 1375 2505 sub
1417 2467 1519 2516 qnod
1550 2468 1715 2506 facultas
1745 2468 1821 2505 ista
1849 2466 1951 2504 refe-

150 2531 268 2574 ratur,
301 2530 339 2565 et
368 2538 460 2564 num
484 2538 562 2576 qua
582 2528 659 2564 sint
690 2526 768 2565 alia
798 2528 836 2563 in
868 2526 941 2564 hoc
964 2522 1227 2564 universitatis
1249 2525 1396 2563 ambitu
1427 2527 1637 2576 cognitioni
1668 2530 1823 2565 nostrae
1853 2524 1950 2563 sub-

148 2583 276 2634 jecta,
309 2585 450 2634 quibus
481 2585 550 2622 illa
580 2595 755 2623 connexa
786 2585 836 2622 sit
866 2589 984 2633 atque
1016 2589 1182 2634 cognata
1213 2581 1283 2635 VI).

267 2663 363 2701 Nota
386 2663 450 2698 IV.
499 2663 787 2698 Facultatem
822 2662 1136 2698 harmonicam
1162 2661 1212 2697 ait
1248 2660 1704 2711 rationalissimam3
1735 2659 1804 2695 Hic
1841 2656 1978 2707 mani-k

152 2714 245 2750 feste
270 2714 433 2760 disputat
458 2714 503 2750 de
526 2714 700 2751 facultate
725 2714 940 2758 animae-ut
967 2714 1226 2760 mirationem,
1253 2714 1492 2749 inventionem
1519 2711 1861 2758 dispositionemque
1885 2719 1949 2744 seu
1975 2735 1987 2761 z,

153 2767 445 2803 constitutionem
469 2766 605 2803 tribuit.
655 2768 713 2804 Sic
735 2773 856 2804 tamen
882 2778 920 2802 se
945 2771 1152 2811 comparat,
1188 2778 1229 2802 ac
1255 2768 1284 2803 si
1309 2767 1519 2812 loqueretur
1543 2765 1586 2800 de
1610 2775 1650 2800 re
1674 2763 1794 2809 aliqua
1817 2773 1884 2808 per
1908 2771 1947 2797 se
1984 2798 1994 2811 ,ᾗ

154 2820 385 2865 subsistente,
409 2820 559 2856 rationis
576 2825 751 2866 compote,
777 2829 953 2865 suspensa
973 2819 1049 2864 jam
1066 2819 1127 2854 illa
1144 2820 1366 2863 quaestione,
1391 2817 1484 2852 sitne
1501 2817 1563 2852 illa
1586 2816 1681 2852 idem
1699 2815 1795 2861 quod
1819 2814 1947 2858 anima,
1976 2819 1989 2872 ⁰·

154 2882 200 2907 an
226 2872 324 2908 aliud
348 2872 483 2917 aliquid
508 2876 652 2918 praeter
675 2873 830 2908 animam
865 2875 902 2906 et
925 2871 1064 2906 ratione
1089 2881 1163 2905 rem
1189 2873 1234 2907 ab
1261 2882 1303 2906 ea
1328 2869 1542 2906 distinctam.
1591 2869 1642 2903 Et
1664 2878 1730 2903 nos
1755 2877 1831 2912 cap.
1855 2866 1885 2901 2.
1912 2869 1948 2899 et
1990 2871 1991 2874 ’

154 2924 187 2960 7.
212 2924 297 2961 libri
320 2925 381 2960 IV.
408 2929 445 2960 et
467 2924 505 2960 in
541 2925 683 2970 epilogo
707 2925 788 2960 libri
812 2924 855 2959 V.
880 2923 1056 2967 diximus,
1094 2923 1191 2957 illam
1217 2934 1296 2959 esse
1335 2927 1371 2958 et
1395 2921 1495 2965 ipsas
1518 2919 1655 2955 animas
1678 2921 1852 2955 humanas
1867 2944 1876 2961 ,
1913 2921 1950 2952 et

155 2977 308 3012 animam
331 2976 437 3013 aliam
459 2982 604 3022 praeter
627 2977 825 3022 humanas,
861 2974 1046 3011 sublunari
1069 2975 1202 3011 mundo
1238 2974 1460 3020 praefectam
1484 2975 1521 3007 et
1544 2972 1698 3007 animam
1722 2970 1789 3006 toti
1813 2968 1946 3004 mundo
1986 2989 1988 2991 >

154 3030 384 3076 praefectam,
410 3030 514 3076 cujus
537 3030 575 3066 in
601 3030 683 3067 Sole
707 3030 823 3076 sedes,
849 3031 888 3066 ut
912 3032 968 3064 est
990 3027 1168 3064 humanae
1193 3028 1332 3064 animae
1355 3027 1391 3063 in
1416 3025 1534 3071 corde,
1560 3029 1597 3061 et
1621 3023 1774 3069 denique
1797 3021 1831 3057 D
1845 3030 1947 3057 eum
1977 3020 1981 3026 '

154 3090 168 3115 ι
180 3091 203 3126 p
217 3092 234 3118 s
247 3092 271 3118 u
283 3092 329 3118 m.
