1994 3276
151 99 235 140 476
825 100 867 136 Iu
891 92 1125 147 Harmonlum
1147 100 1277 138 Mundi

1625 142 1636 163 N

150 212 250 249 uices
275 212 379 250 deest
401 213 475 260 illa,
501 224 594 260 quae
616 218 731 252 totam
754 216 928 253 chordam
954 217 997 253 12
1020 216 1146 253 dividit
1167 217 1205 253 in
1229 220 1417 262 segmenta
1441 217 1473 263 1,
1500 217 1554 263 11,
1575 215 1804 263 respondens
1818 227 1952 265 ’aspec-

150 265 202 301 tui
227 266 434 303 semisexto.
762 274 770 280 ²
902 285 904 287 >
1677 296 1681 300 ,
1762 275 1768 278 “

264 319 443 356 Poterunt
464 325 586 357 tamen
611 321 825 367 observare,
850 332 922 357 non
947 331 1071 358 omnes
1095 321 1315 367 promiscue,
1340 332 1413 357 uon
1436 321 1590 368 creduli,
1614 322 1680 359 sed
1703 323 1955 370 cii-cumspecti

150 375 188 406 et
209 371 390 416 pollentes
410 373 570 418 judicio,
601 378 773 419 poterunt
795 374 942 420 inquam
965 375 1159 410 observare
1183 373 1382 411 tridecilem
1411 384 1477 411 seu
1499 374 1824 421 sesquiquintilem,
1857 378 1953 423 108⁰,

150 425 392 470 coryphaeum
416 426 670 463 scilicetinter
695 427 928 463 secundarios
941 455 950 473 ‚
987 427 1076 463 levis
1101 432 1304 464 armaturae
1326 427 1469 464 milites.
1515 427 1609 466 Nem
1632 427 1756 464 decilis
1787 428 1870 474 ejus
1894 440 1953 467 so·

149 478 237 521 cius,
256 478 336 521 36⁰,
358 478 506 515 nimium
530 479 668 515 vicinus
693 483 750 515 est
773 480 967 516 semisexto
990 480 1092 526 forti,
1116 479 1191 525 30⁰,
1217 488 1332 525 eoque
1357 484 1394 515 et
1417 478 1604 517 obscurior
1625 479 1706 526 ejus
1729 479 1784 517 vis
1807 485 1956 521 (natum

147 528 344 574 majoribus
381 531 418 567 in
451 532 657 578 propinquo
693 532 848 569 stimulis
885 534 1075 579 occupata)
1112 536 1150 569 et
1195 532 1376 568 diffieilior
1411 532 1614 569 obseratio
1636 534 1697 570 ob
1731 532 1870 571 dierum
1904 535 1954 574 vi-

150 582 343 619 cinitatem.
1589 615 1594 623 .
1613 616 1615 618 -

263 636 299 672 N
301 646 347 671 on
373 636 577 681 dissimulo,
604 637 681 682 jam
703 637 815 674 semel
839 642 949 683 atque
971 637 1103 674 iterum
1125 638 1215 674 mihi
1241 641 1478 685 tempestates
1502 638 1709 683 observanti
1731 639 1848 676 visum
1870 650 1953 677 esse

150 687 258 724 etiam
283 688 536 736 quincuncem,
562 691 659 736 150⁰,
684 690 842 727 validum
865 690 1071 727 admodum.
1118 692 1169 727 Et
1193 701 1278 728 ecce
1301 692 1372 728 hoc
1396 701 1491 727 anno
1521 691 1727 729 Fabricium
1756 691 1796 728 in
1829 691 1952 737 Ephe·

149 739 284 776 meride
309 741 394 779 anui
418 742 518 779 1618.
543 741 831 780 introducentem
855 744 1009 780 eundem
1034 743 1100 781 sub
1124 745 1268 781 nomine
1294 744 1539 789 quadrosexti.
1561 787 1564 790 ⁴
1768 751 1783 763 ⁴

266 793 395 839 Itaque
420 794 662 840 adjiciendum
686 802 783 833 esset
798 797 934 843 aliquid
949 797 1149 834 rationibus
1173 797 1285 843 hisce,
1310 809 1375 835 seu
1392 797 1513 843 potius
1528 797 1686 843 penitius
1704 797 1955 844 investiganda

151 845 279 882 stellae
304 846 630 893 duodecangularis
654 852 795 895 natura,
819 861 906 885 num
930 850 1017 896 quid
1041 848 1239 886 nobilitatis
1264 854 1301 886 et
1323 850 1406 896 ipsa
1428 849 1573 886 habeat.
1613 849 1717 887 Tunc
1738 850 1848 897 igitur
1870 850 1953 888 che.-

150 903 269 935 racter
305 899 375 934 iste
411 900 551 936 sextilis
586 901 754 947 proprius
792 907 890 939 esset
928 903 1151 950 quincuncis.
1200 903 1272 940 Sed
1303 902 1347 940 de
1379 901 1437 938 his
1461 901 1568 948 alias,
1602 903 1636 940 si
1657 902 1759 941 Deus
1781 903 1892 941 vitam
1916 907 1968 949 et⁴

149 951 243 988 vires
268 953 499 990 concesserit.

267 1024 328 1068 16)
353 1035 430 1066 pag.
457 1027 534 1058 263.
582 1027 622 1058 In
657 1028 892 1069 manuscriptis
924 1027 1061 1069 Kepleri
1084 1027 1362 1060 Pulkoviensibus
1394 1028 1481 1062 inter
1509 1006 1619 1061 multo
1653 1028 1950 1064 diversis-imorum

149 1070 321 1105 hommum
345 1073 494 1106 themata
516 1072 728 1115 genethliaca
751 1074 1028 1116 deprehendimus
1051 1076 1115 1108 hoc
1136 1075 1250 1108 theme.
1271 1074 1419 1117 Keplerl,
1441 1075 1550 1117 ipsius
1570 1084 1676 1109 mauu
1699 1077 1870 1120 seriptum.

970 1156 972 1159 Ι
989 1180 1056 1215 mg.
1076 1178 1122 1208 49.

267 2203 353 2235 Huic
378 2205 515 2238 themati
540 2209 717 2248 subjuncta
742 2212 791 2240 est
815 2209 1012 2251 descriptio,
1037 2208 1152 2239 itidem
1176 2208 1219 2238 ab
1244 2208 1317 2248 ipso
1343 2206 1485 2248 Keplero
1510 2207 1654 2248 scripta,
1679 2213 1776 2247 quae,
1801 2203 1954 2246 quamvis

151 2249 284 2280 nomine
313 2250 452 2294 occulto,
478 2256 641 2286 neminem
674 2259 783 2286 tamen
807 2255 911 2286 alium
937 2255 1103 2298 describit,
1128 2263 1229 2296 quam
1256 2255 1366 2294 ipsum
1388 2253 1578 2294 Keplerum.
1626 2251 1700 2291 Quo
1724 2253 1872 2291 tempore
1893 2247 1956 2281 illa

151 2295 277 2335 scripta
300 2297 355 2338 sit,
379 2302 472 2338 patet
496 2310 536 2332 ex
561 2305 728 2343 contextu,
755 2303 833 2333 dum
858 2302 949 2341 dicit,
976 2302 1146 2341 scripsisse
1172 2310 1206 2331 se
1222 2301 1302 2331 haec
1320 2310 1443 2332 annum
1460 2300 1580 2343 aetatis
1604 2299 1753 2343 agentem
1771 2294 1827 2340 26,
1852 2305 1955 2338 quare

150 2350 238 2372 anno
266 2344 367 2376 1597.
417 2345 578 2385 Quamvis
613 2349 676 2380 hoc
707 2349 860 2387 ,‚thema“
897 2347 1005 2379 multa
1028 2348 1152 2378 habeat
1176 2348 1424 2387 superstitiosa,
1457 2345 1706 2387 concedendum
1730 2343 1792 2374 erit
1814 2343 1878 2375 hoc
1897 2344 1954 2382 Ju-

151 2389 242 2428 veni,
279 2393 350 2421 tum
387 2393 530 2431 primum
566 2394 767 2434 astrologiae
802 2396 968 2426 vanitates
1005 2394 1165 2434 carpenti.
1215 2392 1318 2424 Paulo
1355 2396 1431 2434 post
1461 2393 1584 2424 rectius
1618 2401 1687 2423 rem
1721 2388 1955 2429 astrologicam

150 2436 292 2471 taxavit,
329 2437 406 2468 dum
437 2449 524 2472 anno
552 2443 651 2475 1602.
678 2442 852 2483 Fabricio,
890 2442 1002 2482 thema
1025 2441 1132 2481 ipsius
1157 2439 1374 2481 desideranti,
1400 2441 1574 2472 scriberet:
1600 2436 1791 2470 certitudini
1814 2435 1896 2468 artis
1918 2436 1956 2468 in

151 2480 376 2519 singularibus
400 2495 518 2525 parum
545 2489 667 2521 tribuo,
708 2488 778 2530 (cfr.
805 2487 869 2519 vol.
896 2488 922 2519 1.
948 2497 980 2527 p.
1005 2488 1074 2518 310
1099 2486 1139 2527 s.)
1188 2485 1466 2532 Copstellationes
1497 2484 1707 2526 planetarum
1730 2484 1766 2514 in
1798 2485 1956 2525 sequente

152 2527 372 2569 descriptione
397 2533 531 2564 eaedem
557 2539 651 2576 sunt,
678 2544 765 2576 quae
790 2544 867 2574 pag.
892 2536 958 2565 263
984 2535 1179 2571 referuntur,
1212 2542 1273 2563 nec
1295 2542 1361 2564 non
1387 2533 1535 2572 caedem,
1566 2540 1652 2573 quae
1675 2531 1710 2561 in
1733 2530 1839 2569 figura
1860 2538 1956 2570 prae-

150 2574 256 2606 missa
289 2582 474 2612 occurrunt.
524 2580 673 2611 Ceterum
708 2584 880 2619 notamus,
917 2580 1170 2620 descriptionem
1201 2580 1286 2610 hanc
1319 2589 1385 2610 nou
1419 2579 1464 2611 ad
1494 2577 1617 2613 calcem
1649 2575 1842 2618 perductam
1874 2583 1955 2612 esse„

151 2629 226 2652 cum
261 2623 372 2654 media
403 2624 601 2666 in'pagiua
630 2628 813 2658 orationem
851 2627 947 2658 sistat
983 2624 1146 2666 Keplerus
1205 2625 1255 2655 De
1281 2626 1464 2667 sociorum,
1505 2634 1589 2667 quos
1609 2623 1711 2664 dicit,
1747 2621 1956 2664 quorundam

140 2669 222 2708 *vita
245 2678 353 2709 pauca
377 2673 486 2703 verbis
512 2672 648 2713 Kepleri
671 2672 778 2704 literis
803 2673 939 2703 minutis
965 2672 1176 2711 inseruimus,
1199 2670 1285 2702 libro
1311 2673 1442 2712 usi,‘in
1466 2681 1533 2714 quo
1559 2671 1792 2702 enumerantur
1814 2667 1955 2708 studiosi

87 2731 94 2746 -.
129 2712 340 2761 {theologiae
365 2718 603 2759 Tubingenses,
628 2720 687 2762 qui
713 2719 755 2750 ed
779 2719 973 2762 „megistri“
998 2717 1135 2757 gradum
1160 2719 1303 2759 promoti
1328 2722 1416 2751 sunt.
1737 2755 1739 2757 ,
1884 2726 1889 2731 ’

142 2767 154 2774 “’
266 2774 383 2810 Homo
407 2775 477 2811 iste
501 2776 571 2811 hoc
595 2775 670 2812 fato
695 2780 803 2811 natus
828 2779 905 2818 est,
942 2778 982 2808 ut
1004 2773 1218 2818 plerumque
1238 2775 1361 2810 'rebus
1386 2773 1592 2810 difficilibus
1615 2776 1758 2828 tempus
1782 2771 1896 2814 terat,
1933 2779 1956 2804 a

152 2827 282 2872 quibus
308 2825 368 2862 alii
393 2826 599 2864 abhorrent.
648 2829 691 2863 In
724 2826 879 2873 pueritia
915 2826 983 2861 fuit
1016 2830 1214 2861 metrorum
1250 2827 1426 2863 rationem
1462 2834 1655 2871 aggressus
1679 2827 1772 2859 ante
1787 2824 1952 2881 aetatem.

153 2878 312 2914 Conatus
338 2883 394 2914 est
418 2879 575 2915 scribere
594 2880 816 2924 Comoedias,
841 2878 1004 2914 Psalmos
1025 2877 1133 2922 elegit
1156 2879 1429 2924 prolixissimos,
1450 2889 1540 2924 quos
1557 2875 1738 2912 mandavit
1751 2880 1955 2934 memoriae.

153 2930 416 2967 Grammaticae
442 2932 559 2967 Crusii
596 2932 717 2968 omnia
754 2930 919 2975 exempla
955 2930 1114 2965 ediscere
1150 2932 1314 2967 tentavit.
1361 2933 1404 2967 In
1441 2929 1657 2966 carminibus
1681 2927 1783 2962 initio
1809 2935 1955 2970 operam

154 2981 251 3017 dedit
275 2982 517 3030 ἁκροστειχεσι,
544 2985 705 3030 gryphis,
731 2982 1087 3028 anagrammatismis,
1111 2988 1303 3028 postquam
1326 2983 1393 3018 hos
1418 2994 1463 3019 ex
1487 2994 1552 3018 suo
1576 2981 1703 3017 merito
1727 2981 1956 3014 contemnere

153 3034 271 3078 potuit
305 3037 580 3072 convalescente
611 3037 766 3080 judicie,
805 3044 995 3080 aggressus
1029 3039 1086 3070 est
1127 3035 1226 3070 varia
1260 3039 1298 3070 et
1331 3034 1544 3070 difficillima
1566 3032 1777 3079 Lyricorum
1809 3036 1968 3076 genera,v

154 3086 298 3132 scripsit
321 3088 434 3124 melos
459 3088 699 3134 Pindaricum,
726 3087 871 3134 scripsit
894 3086 1164 3132 dithyrambica,
1187 3087 1355 3124 materias
1374 3086 1582 3132 complexus
1606 3087 1662 3120 est
1677 3081 1885 3129 insolentes,
1910 3083 1955 3120 de
