1994 3276
628 110 740 149 Lau
758 109 825 148 ιιι
847 109 1033 157 Digresso
1053 106 1212 157 ponsa
1733 106 1814 156 ιιι

32 232 132 272 iuba
157 233 407 284 penninas
436 232 614 272 dixerunt
641 230 916 270 harmonicam.
975 229 1075 268 Dico
1110 229 1416 279 quadamtenus,
1458 231 1495 269 si
1523 223 1703 269 nimirum
1742 242 1814 282 pro

0 286 2 289 ’
32 292 258 331 'cumb-n
289 292 525 342 aequalium
564 288 758 339 intelligas
794 287 1048 326 mediationes
1083 286 1367 336 arithmeticas,
1414 289 1453 325 in
1495 282 1596 327 alios
1630 297 1816 343 numeros

35 339 339 397 eustorium,
366 351 407 387 in
437 349 577 400 quibus
605 358 684 386 uon
713 347 766 385 sit
793 356 976 396 expressa
1003 344 1222 395 aequalitas
1250 357 1480 385 excessuum
1500 345 1678 395 actualis,
1708 358 1811 398 quse·

33 411 119 446 ent
145 409 185 446 in
212 409 361 458 primis
376 407 510 446 tribus.
567 406 667 444 Nam
695 410 870 443 veterum
899 403 1125 441 harmonica
1149 402 1339 443 medietas
1367 405 1649 454 propriissime
1656 405 1717 444 sic
1744 404 1817 444 de·-
1897 387 1901 396 ¹

33 465 185 512 finitur,
204 465 309 516 quod
337 466 388 503 sit
415 475 644 503 &casuum
670 464 777 500 mter
804 466 885 499 tres
911 472 1102 500 numeros
1129 461 1267 499 eadem
1290 462 1515 511 proportio,
1546 473 1652 513 quac
1681 467 1815 503 eth-e·-

34 534 217 571 mom,
256 529 302 562 ut
330 524 370 560 in
400 523 451 570 3,
489 524 539 570 4,
581 522 619 560 6.
678 519 911 587 Quicunque
938 518 1035 557 tales
1066 512 1144 557 tres
1172 521 1320 558 numeri
1350 526 1461 567 sunt,
1503 521 1588 560 sive
1619 531 1710 560 vem
1738 522 1819 560 sint

35 581 247 619 harmonici
274 581 359 619 sive
388 591 466 618 non
496 581 595 626 sint,
636 589 788 628 semper
815 579 855 614 in
885 578 932 614 iis
962 588 1097 615 verum
1127 582 1207 623 est,
1247 579 1424 616 rationes
1462 579 1696 628 aequalium
1725 575 1818 632 (seu

32 639 164 688 potius
206 635 488 691 arnt-neum)
527 642 564 676 et
599 637 793 675 milium
821 632 912 689 (seu
950 631 1227 688 geometricas)
1255 646 1334 674 me
1373 636 1561 686 coriticam
1596 647 1675 675 uno
1712 641 1818 676 certo

34 696 184 734 modo.
222 696 365 736 Modus
393 702 522 734 autem
553 700 611 734 est
638 694 714 732 hic.
777 694 887 731 Datis
916 695 1109 741 extremis,
1142 699 1185 730 ιιι
1214 695 1253 741 2,
1287 694 1326 741 5,
1363 693 1478 732 datur
1506 689 1674 733 medium
1694 694 1819 733 arith-

34 756 236 802 metitum,
267 753 371 803 quod
401 765 451 792 ne
477 753 700 791 fractionem
729 752 892 798 habeat,
922 755 1123 790 sumantur
1153 751 1216 790 hic
1244 756 1501 791 extremorum
1531 751 1639 802 dupli
1670 754 1819 802 4,10,

34 812 171 850 horum
206 811 375 850 medium
415 810 696 849 arithmeticum
735 815 795 848 est
826 812 863 847 7.
921 808 1015 848 Jam
1053 810 1092 846 in
1133 808 1202 847 tali
1239 809 1475 849 mediatione
1504 809 1748 849 arithmetica
1777 812 1816 859 4,

37 872 59 907 7
74 898 85 917 ,
129 870 199 917 10,
237 881 463 908 excessuum
494 869 538 916 3,
583 869 607 907 3
638 867 859 918 aequalium
892 879 1043 918 semper
1078 868 1364 906 constituuntur
1402 867 1502 907 duae
1535 869 1819 919 proportiones,

37 939 116 966 unu
143 927 291 977 major,
321 929 421 965 inter
449 927 632 965 terminos
663 927 829 964 minores
860 927 905 973 4,
927 919 985 974 ‘7,
1017 924 1139 964 altera
1167 926 1310 973 minor,
1341 928 1440 965 inter
1468 926 1637 976 majores
1679 927 1717 974 7,
1753 929 1816 964 10.

38 985 113 1034 Qui
139 985 222 1035 jam
251 984 337 1023 vult
363 984 639 1023 mediationem
668 984 930 1022 harmonicam
962 984 1112 1022 efficere
1141 995 1187 1022 ex
1219 982 1292 1022 hac
1321 984 1562 1023 arithmetica
1585 983 1820 1023 mediatione

36 1048 76 1081 et
101 1044 140 1081 ci
168 1042 316 1093 aliquid
346 1043 556 1081 admiscere
586 1043 843 1091 geometricae
874 1041 1140 1087 mediationis,
1172 1042 1206 1079 is
1234 1048 1355 1092 ponat
1384 1043 1569 1082 minorem
1598 1043 1821 1093 proportio-

5 1169 10 1173 ·
36 1129 123 1156 nem
151 1117 238 1157 loco
266 1119 384 1168 priori
423 1124 461 1156 et
490 1117 675 1167 majorem
715 1117 800 1156 loco
830 1118 1033 1167 posteriori
1061 1096 1128 1135 (⁸¹⁰
1150 1096 1184 1140 7²
1214 1097 1257 1177 ’Β
1223 1143 1315 1186 47)
1362 1124 1402 1158 et
1422 1123 1584 1168 quaerat
1604 1127 1819 1166 numerum,

38 1194 104 1243 qui
133 1193 190 1231 sic
218 1192 362 1231 habeat
391 1192 440 1231 ad
478 1193 551 1240 10,
590 1194 690 1230 sicut
722 1197 743 1229 4
776 1204 819 1230 se
848 1191 967 1230 habet
995 1191 1045 1229 ad
1076 1196 1122 1232 7:
1158 1198 1271 1230 erunt
1300 1198 1377 1232 tres
1406 1194 1555 1232 numeri
1582 1193 1642 1232 sic
1673 1193 1820 1241 7,10,

42 1247 151 1304 1¹1¹]²
182 1251 222 1288 in
250 1252 408 1300 integris
438 1251 536 1289 inter
565 1262 608 1288 se
637 1251 768 1300 primis
804 1251 867 1297 14,
900 1250 979 1297 20„
999 1251 1067 1289 35.
1124 1249 1230 1288 Huic
1258 1252 1381 1301 trigae
1411 1257 1472 1290 est
1500 1250 1716 1290 admixtum
1744 1250 1821 1294 ali-

36 1308 129 1358 quid
165 1307 212 1347 de
251 1308 493 1348 arithmetica
528 1309 815 1358 progressione,
857 1319 932 1346 non
973 1313 1151 1346 manente
1181 1315 1310 1347 tamen
1350 1309 1436 1358 ejus
1470 1308 1708 1360 aequalitate
1747 1319 1819 1346 ex-

36 1378 179 1417 pressa.
239 1365 339 1405 Nam
369 1373 531 1416 utraque
562 1367 757 1416 proportio
787 1365 1033 1407 mediationis
1060 1366 1328 1406 'arithmeticae
1360 1369 1457 1405 inter
1487 1369 1534 1414 4,
1569 1363 1619 1415 ’1,
1654 1367 1705 1405 10
1735 1365 1819 1404 col-

36 1424 117 1462 lata
145 1423 222 1463 huc
250 1429 331 1471 est,
372 1429 520 1463 tautum
551 1426 629 1462 situ
659 1430 832 1471 mutat0;
871 1423 970 1462 sicut
1000 1425 1103 1462 enim
1140 1424 1193 1462 ibi
1223 1426 1371 1474 priores
1401 1427 1574 1474 termini,
1614 1423 1765 1464 scilieet
1793 1425 1821 1462 4

36 1482 87 1520 ad
119 1484 163 1529 7,
203 1483 261 1520 sic
290 1482 352 1520 bic
380 1484 612 1532 posteriores
651 1483 704 1519 20
736 1482 786 1520 ad
817 1482 884 1519 35.
942 1482 993 1528 Et
1024 1483 1135 1527 sicut
1155 1483 1208 1520 ibi
1243 1484 1478 1532 posteriores
1512 1486 1534 1522 ‘1
1567 1482 1618 1522 ad
1650 1483 1724 1529 10,
1766 1483 1823 1520 sic

36 1540 99 1578 hic
126 1540 271 1591 priores
305 1541 357 1578 14
386 1539 437 1578 ad
468 1541 535 1579 20.
596 1540 665 1578 Est
695 1539 820 1578 eidem
860 1540 1032 1577 vicissim
1071 1541 1188 1591 etiam
1218 1540 1433 1580 admixtum
1468 1540 1617 1591 aliquid
1648 1539 1697 1579 de
1725 1550 1824 1607 geo·-

37 1599 195 1645 metrica
221 1597 468 1637 mediatione.
526 1597 626 1636 Nam
656 1600 779 1636 minor
810 1599 1005 1662 proportio
1040 1600 1083 1644 7,
1127 1599 1178 1636 10
1207 1600 1337 1647 posita
1366 1604 1424 1637 est
1454 1598 1504 1638 ad
1534 1599 1717 1637 terminos
1745 1598 1823 1636 mi-

38 1666 150 1699 nores
184 1655 235 1692 14
266 1661 306 1694 et
335 1656 409 1704 20,
451 1655 575 1705 major
605 1658 651 1703 4,
694 1658 714 1692 7
748 1654 798 1692 ad
828 1654 994 1704 majores
1026 1655 1080 1692 20
1102 1661 1150 1693 .et
1180 1656 1247 1701 35,
1286 1662 1326 1694 et
1355 1656 1523 1723 denique
1553 1656 1618 1704 fit,
1648 1660 1693 1694 ut
1720 1657 1822 1694 sicut

39 1717 115 1751 est
126 1713 305 1751 minimus
336 1707 519 1751 terminus
556 1715 605 1750 14
636 1712 686 1751 ad
716 1713 926 1750 maximum
958 1713 1025 1759 35,
1055 1714 1112 1750 sic
1141 1713 1194 1751 sit
1224 1713 1438 1753 differentia
1467 1715 1591 1754 minor
1614 1715 1638 1752 6
1658 1712 1710 1751 ad
1733 1725 1822 1751 ma·

35 1770 161 1820 jorem
194 1771 257 1808 15.
319 1770 428 1809 Haec
458 1772 586 1809 omnia
619 1782 709 1808 vero
740 1772 897 1820 sapiunt
927 1769 1217 1819 similitudinem
1242 1770 1415 1821 aliquam
1443 1773 1701 1823 geometricae
1730 1781 1823 1821 pro-

37 1828 206 1880 portioni
234 1828 474 1876 familiarem,
505 1829 596 1878 quia
624 1829 665 1866 in
698 1840 744 1867 ea
775 1832 817 1866 ut
845 1829 1025 1866 minimus
1055 1829 1239 1867 terminus
1268 1827 1319 1867 ad
1348 1829 1530 1878 medium,
1564 1831 1622 1869 sic
1650 1833 1712 1868 est
1738 1839 1825 1868 me-

39 1885 126 1927 dius
153 1884 204 1924 ad
233 1887 454 1926 maximum.

151 1942 264 1982 Haec
293 1944 459 1983 tenenda
488 1948 580 1983 suut
608 1955 654 1982 ex
686 1943 969 1990 mathematica,
1002 1955 1114 1993 quae
1123 1930 1298 1982 Bodinus
1326 1955 1405 1983 non
1424 1945 1521 1983 satis
1550 1943 1703 1983 videtur
1732 1955 1824 1994 per-

0 2015 2 2034 ÷
41 2002 203 2051 cepisse,
236 2001 327 2040 dum
355 2001 615 2041 harmonicam
644 2002 930 2052 proportionem
959 2003 1139 2052 proponit
1173 2004 1211 2039 in
1243 2003 1414 2052 quinque
1444 2003 1613 2041 numeris
1643 2003 1682 2048 3,
1713 2003 1752 2048 4,
1785 2002 1824 2050 6,

45 2059 168 2106 8,12
200 2056 326 2108 deque
356 2061 404 2098 iis
431 2060 607 2107 affirmat,
638 2059 745 2108 quod
774 2059 964 2108 aequalia
994 2065 1031 2098 et
1058 2061 1207 2098 &milia
1236 2062 1371 2110 spatia
1401 2059 1697 2110 quodammodo
1725 2064 1826 2098 tem-

39 2121 184 2166 perata
211 2118 394 2156 aarum.
454 2118 553 2156 Nam
582 2129 670 2155 cum
701 2116 866 2164 videret,
899 2129 1079 2173 excessus
1109 2129 1193 2157 esse
1228 2121 1269 2166 1,
1304 2121 1354 2167 2,
1383 2120 1428 2166 2,
1463 2120 1506 2165 4,
1546 2116 1823 2166 aequalitatem

46 2185 266 2224 expressam
296 2177 456 2225 agnovit
485 2177 524 2212 in
556 2177 600 2222 2,
640 2177 686 2221 2,
712 2165 1035 2213 similitudinem'
1043 2177 1081 2212 in
1118 2177 1160 2223 1,
1204 2176 1249 2222 2,
1283 2178 1323 2215 4.
1383 2177 1504 2224 Atqui
1533 2176 1571 2212 in
1602 2173 1824 2213 definitione

44 2237 220 2270 veterum
250 2232 445 2270 sufficiunt
480 2239 577 2279 tres3
615 2232 721 2271 nulla
760 2235 875 2271 etiam
917 2234 955 2270 in
984 2245 1032 2275 ea
1065 2235 1289 2274 continetur
1310 2234 1536 2283 temperatio
1575 2232 1824 2281 aequalitatis

45 2300 250 2339 expressae
279 2301 365 2328 cum
394 2261 656 2329 similitudine.
715 2290 813 2328 Nam
844 2293 882 2328 in
915 2292 964 2338 3,
986 2293 1051 2337 .4‚
1098 2294 1120 2329 6
1153 2292 1260 2329 nulla
1299 2297 1359 2330 est
1386 2289 1603 2339 aequalitas
1639 2301 1823 2339 expressa

27 2357 283 2386 excessuum.

159 2404 251 2443 Jam
282 2410 342 2443 est
370 2415 509 2454 operae
540 2407 704 2455 pretium
735 2405 884 2452 videre,
927 2405 1119 2456 quomodo
1149 2394 1341 2453 Βοάἰιιιιε,
1381 2405 1447 2453 qui
1482 2403 1557 2442 hac
1590 2405 1630 2441 in
1660 2406 1823 2444 materia

30 2463 335 2512 »eopiosissimus
367 2468 446 2509 est,
489 2457 657 2513 applicet
688 2464 762 2500 ista
799 2462 849 2500 ad
879 2462 1041 2501 moralia
1076 2466 1114 2501 et
1132 2462 1301 2514 politica
1332 2463 1459 2508 varie,
1501 2462 1562 2500 cui
1591 2461 1820 2512 plerumque

45 2515 121 2559 hoc
150 2520 300 2567 accidit,
330 2526 374 2558 ιιι
402 2531 472 2569 pro
500 2521 731 2559 harmonicis
762 2520 1060 2559 mediationibus
1090 2526 1168 2558 tam
1189 2524 1373 2565 veterum,
1405 2531 1521 2568 quam
1552 2520 1666 2568 veris,
1695 2531 1820 2559 meras

32 2578 345 2628 ⁴›t'20mpositioues
377 2580 663 2643 proportionum
693 2578 1015 2623 arithmeticamm
1047 2584 1084 2616 et
1111 2578 1429 2626 geometricarum
1456 2578 1625 2626 arripiat,
1658 2579 1822 2617 vitiosae

35 2646 145 2683 ,suae
176 2635 391 2674 definitioni
418 2636 590 2683 innixus;
629 2635 733 2684 quod
762 2637 861 2674 sicut
890 2638 1020 2674 statim
1049 2637 1158 2674 initio
1187 2634 1439 2686 praefandum
1473 2635 1565 2682 fuit,
1603 2636 1660 2673 ita
1686 2636 1725 2672 in
1754 2647 1820 2675 se-

51 2693 255 2746 quentibus
285 2694 441 2742 saepius
470 2694 541 2730 erit
569 2693 796 2734 iterandum.
1029 2702 1035 2709 ·

163 2750 196 2789 Ι.
228 2750 324 2788 Cum
350 2756 431 2788 tres
450 2751 526 2787 sint
554 2749 772 2799 politiamm
802 2751 958 2799 formae,
986 2749 1195 2801 popularis,
1227 2751 1454 2799 optimatum
1483 2754 1523 2787 et
1541 2750 1660 2798 regia,
1690 2760 1819 2800 popu-

53 2800 174 2850 larem
202 2807 267 2847 ille
297 2813 493 2857 comparat
529 2806 790 2857 arithmeticae
824 2809 1072 2858 proportioni,
1114 2810 1340 2858 optimatum
1370 2807 1644 2855 geometricae,
1673 2809 1821 2857 regiam

43 2862 307 2919 §tat-monicae.
366 2866 464 2903 Nam
500 2866 600 2903 sicut
642 2865 681 2901 in
710 2866 948 2904 arithmetica
977 2866 1157 2915 aequalia
1187 2870 1275 2902 sunt
1315 2866 1548 2902 incrementa
1574 2876 1818 2905 numerorum

43 2924 242 2971 omnium,
285 2929 364 2960 tam
394 2933 619 2971 magnorum
650 2932 766 2971 quam
794 2935 1018 2973 parvorum,
1061 2924 1184 2964 sicin
1214 2934 1293 2976 rep,
1326 2920 1491 2971 populus
1520 2921 1607 2960 vult
1642 2923 1820 2973 aequalia
1845 2942 1850 2945 ·

7 3027 9 3029 ‚
57 2983 142 3018 esse
171 2978 340 3018 omnium
371 2992 488 3023 onera
518 2986 555 3018 et
584 2979 785 3018 commoda
814 2986 854 3018 et
880 2980 1046 3019 honores
1077 2985 1114 3018 et
1144 2981 1408 3029 magistratuS,
1444 2982 1516 3017 uec
1543 2978 1631 3031 vult
1655 2980 1819 3022 tolerare

0 3031 15 3108 ἐγ
56 3042 268 3088 respectum
299 3037 418 3076 ullum
446 3048 715 3089 personarum3
753 3035 838 3075 vult
866 3037 1029 3088 exempli
1055 3032 1182 3088 ‘gratia
1222 3036 1398 3077 omnibus
1428 3047 1513 3075 esse
1544 3036 1611 3089 J‘us
1638 3038 1819 3094 venandi,
