1994 3276
165 71 247 116 422
786 67 1006 116 Appendicis
1027 68 1326 116 Hannonicorum

165 191 201 228 et
244 190 400 225 motum
441 186 687 240 substantiae
727 198 817 238 vere
861 187 1046 240 physicae
1087 189 1221 241 solitos
1268 191 1437 240 aperire
1463 191 1622 241 ratione
1659 189 1955 242 mathematica.

164 243 287 291 Miror
317 255 382 282 cur
413 243 515 283 idem
545 256 607 283 me
637 245 879 292 factitantem
906 245 1180 305 reprehendas

282 301 359 345 Sed
391 300 485 352 quid
528 314 600 352 ego
639 302 770 353 multis
802 302 849 343 de
877 315 966 348 mea
1002 298 1304 356 philosophandi
1344 303 1556 358 methodp‘?
1587 316 1695 348 cum
1704 309 1747 344 tu
1778 304 1842 350 vel
1872 305 1956 357 jam

168 371 270 406 nunc
300 361 338 399 in
370 360 487 410 hujus
519 361 726 413 analyseos
765 361 840 401 fine
868 363 1078 415 capitalem
1113 364 1478 413 aequivocationem
1515 364 1556 417 in
1594 357 1771 417 vocibus
1797 365 1956 412 musica,

168 419 415 467 harmonica,
447 419 588 457 inferas
620 421 657 456 in
689 421 941 469 sequentibus
971 420 1180 460 identidem
1211 421 1448 474 iterandam,
1480 433 1557 471 qua
1587 415 1840 475 ambiguitate
1871 433 1957 461 om-

168 489 258 522 nem
290 476 404 525 hunc,
437 489 514 516 uon
544 489 673 524 meum
704 484 865 527 tantum,
898 478 966 517 sed
997 481 1114 518 etiam
1145 486 1321 519 veterum
1351 484 1542 534 conatum
1557 481 1605 533 ,in
1637 477 1957 530 disceptationem

165 547 295 579 vocas.
357 535 565 586 Egregiam
596 547 689 580 vero
719 537 965 595 palaestram,
998 539 1036 576 in
1068 550 1146 588 qua
1176 539 1469 582 transcurrimus
1490 531 1684 590 alterni&
1701 549 1774 588 ego
1805 537 1957 588 mathe-

163 595 346 632 maticam
379 599 552 634 veterum
582 587 807 639 methodum
839 586 1115 663 comprobans,
1147 598 1184 646 in
1216 607 1423 648 progressu
1453 597 1557 642 circa
1583 592 1832 664 particularia
1857 607 1957 636 con-

162 658 223 691 tra
255 651 344 691 illos
375 664 519 703 pugno,
552 658 605 700 tu,
637 653 863 692 methodum
893 655 1066 705 ipsorum
1095 656 1219 706 ipsam
1240 654 1458 705 generalem
1486 655 1725 709 insimulans,
1755 655 1794 700 in
1825 656 1955 709 miuu—

163 712 213 750 tis
245 710 441 760 nonnullis
472 717 648 750 veterum
677 718 906 751 assertorem
937 717 975 751 te
1004 713 1208 763 profiteris.

280 768 496 818 Medullam
527 775 568 809 tu
600 771 731 808 nescio
763 781 879 820 quam
912 770 1066 812 divinae
1097 773 1269 822 musicae
1300 770 1500 822 producis,
1540 770 1651 821 cujus
1686 771 1848 825 ,umbrae
1878 772 1955 812 sint

162 826 450 876 mathematica,
483 839 584 878 quae
616 829 681 866 vix
713 833 876 881 tangant
904 828 1053 878 illam.2
1083 829 1196 869 Hane
1233 828 1443 873 medullam
1474 830 1519 868 in
1549 829 1764 883 visceribus
1789 831 1955 882 naturae

161 885 350 924 recondis.
1458 916 1470 925 .
1815 932 1819 940 ἦ
1860 893 1862 895 ·

280 945 396 983 Ειιοι·
435 945 507 983 tibi
546 949 604 985 est
635 946 771 994 ingens
804 946 843 996 in
875 946 1182 999 'ai-tetmusicae⁹
1222 943 1329 994 quod
1364 944 1462 989 haec
1497 946 1598 997 inter
1632 943 1737 988 artes
1773 945 1953 992 liberales

163 1002 458 1053 mathematicas
490 1002 714 1042 collocatur.
783 1003 948 1042 Vanam
976 1006 1023 1047 in
1052 1016 1100 1043 ea
1129 1004 1322 1044 umbram
1345 1015 1428 1055 xesse
1457 1005 1707 1057 pronuncias,
1737 1007 1821 1045 mm
1841 1006 1955 1047 tuni-

161 1073 263 1110 cam,
294 1073 379 1100 mm
409 1063 604 1111 corticem,
637 1073 781 1112 perque
813 1073 899 1100 eam
929 1063 1097 1111 igno-rari
1128 1064 1186 1102 ais
1207 1062 1414 1100 essentiam
1434 1062 1652 1116 interiorem
1670 1061 1954 1114 seunucleum.

278 1118 322 1158 Si
352 1119 428 1164 hoc
460 1119 581 1158 velles
614 1122 783 1167 innuere,
818 1131 894 1164 non
926 1120 1250 1170 acquiescendum
1282 1131 1367 1160 csse
1397 1114 1631 1174 philosopho
1667 1121 1707 1171 ,in
1734 1121 1842 1173 sonis
1873 1120 1954 1161 ele-

163 1178 404 1216 mentaribus
443 1182 482 1216 et
519 1178 690 1216 sensuali
730 1180 896 1227 musica,
942 1179 1010 1218 sed
1041 1177 1393 1230 philosophandum
1436 1178 1575 1226 altius,
1613 1178 1953 1233 indagandumque

162 1248 251 1276 cum
282 1235 506 1275 Jamblicho
539 1242 628 1285 tuo,
671 1238 738 1286 qui
768 1236 852 1284 fiat,
886 1237 990 1286 quod
1021 1238 1129 1276 verbi
1161 1248 1279 1276 causa
1311 1248 1357 1274 ex
1387 1236 1601 1280 intervallis
1631 1238 1763 1290 tertia,
1801 1242 1951 1294 quarta,

165 1295 315 1346 quinta,
349 1300 491 1333 octava
522 1295 734 1342 delectent,
773 1295 944 1334 secunda
976 1299 1013 1334 et
1044 1297 1209 1346 septima
1239 1306 1315 1333 ιιοιι
1349 1294 1560 1343 delectent,
1605 1306 1683 1346 non
1706 1306 1773 1334 me
1804 1300 1954 1343 tantum

160 1353 352 1408 haberes
367 1355 692 1401 consentientem,
733 1352 804 1390 sed
842 1365 969 1403 neque
1007 1354 1113 1405 apud
1145 1359 1294 1392 veteres
1335 1352 1547 1403 quidquam
1588 1354 1804 1402 invenires,
1846 1353 1953 1405 quod

162 1403 372 1451 incusares.
432 1411 531 1450 Nam
561 1411 788 1450 Ptolemaeo
823 1410 1004 1457 voluntas
1035 1413 1190 1462 egregia
1219 1412 1304 1459 fuit,
1335 1411 1438 1462 hune
1466 1411 1646 1459 nucleum
1677 1410 1854 1466 eruendi,
1885 1413 1953 1461 qui

160 1469 464 1520 philosophandi
497 1472 613 1508 etiam
642 1481 766 1521 genus
798 1469 975 1511 adhibuit
1007 1470 1191 1518 sublime,
1230 1480 1301 1508 nec
1332 1468 1531 1520 indiguum
1565 1470 1693 1508 visum
1722 1469 1952 1520 Porphyrio,

162 1527 376 1577 Jamblichi
408 1529 462 1566 tui
493 1530 698 1578 magistro,
741 1529 779 1565 in
812 1528 917 1577 quod
947 1529 1030 1580 ipse
1060 1532 1392 1568 commentaretur.
1455 1528 1576 1577 Atqui
1609 1527 1738 1567 nullus
1779 1532 1957 1576 veterum.

162 1587 405 1632 harmonices
437 1587 656 1626 interiorem
689 1588 896 1632 essentiam
936 1599 1054 1634 ausus
1086 1592 1145 1626 est
1175 1597 1314 1641 eruere
1351 1586 1651 1636 quantitatibus,
1693 1587 1786 1636 quiq
1821 1588 1951 1639 pptius

163 1650 244 1683 tam
275 1644 351 1693 illi,
394 1656 512 1694 quam
544 1646 612 1694 qui
643 1645 731 1697 illos
764 1648 823 1683 est
852 1650 1029 1693 secutus,
1070 1644 1244 1690 Procius,
1275 1646 1511 1697 geometriae
1532 1643 1734 1685 thesauros
1763 1643 1951 1696 altissime

163 1703 384 1743 extulerunt
415 1705 531 1753 inque
562 1704 842 1754 penitissimam
873 1705 1088 1743 animorum
1130 1703 1328 1755 ipsiusque
1359 1701 1457 1741 adeo
1499 1702 1714 1753 divinitatis
1744 1703 1952 1756 essentiam

160 1760 470 1800 recondiderunt.
532 1761 641 1810 Quos
673 1760 829 1811 quidem
858 1761 933 1800 hac
962 1763 999 1798 in
1031 1767 1140 1812 parte
1171 1766 1210 1799 et
1241 1772 1314 1810 ego
1344 1765 1499 1799 secutus
1530 1773 1616 1818 sum
1645 1763 1819 1814 strenue,
1851 1757 1951 1810 dog-

161 1824 267 1858 mata
298 1824 428 1871 tamen
458 1819 613 1868 illorum
643 1831 690 1858 ex
720 1822 957 1871 praescripto
997 1819 1194 1859 doctrinae
1235 1817 1449 1862 catholicae
1487 1820 1654 1871 correxi,
1692 1820 1750 1861 uti
1786 1818 1950 1873 lectores

160 1878 237 1916 hoc
267 1879 469 1928 agnituros
500 1889 613 1929 spero
654 1889 699 1915 ex
732 1878 898 1916 lectione
937 1879 1183 1929 potissimum
1223 1877 1311 1915 libri
1348 1878 1423 1915 mei
1454 1876 1523 1915 IV.
1556 1878 1725 1928 capitum
1764 1878 1947 1931 priorum.

159 1935 247 1975 Hoc
279 1935 404 1974 solum
437 1938 570 1975 censui
600 1935 842 1987 novandum,
882 1938 959 1979 imo
990 1937 1217 1975 necessariis
1247 1935 1639 1989 demonstrationibus
1671 1933 1833 1986 adactus
1863 1946 1950 1976 sum

161 2005 327 2041 novare,
372 1994 475 2043 quod
506 1995 703 2033 veteribus
734 2005 802 2045 pro
834 1996 914 2034 suis
945 1996 1133 2041 numeris,
1173 1993 1339 2038 discreta
1370 1994 1610 2043 quantitate,
1646 1994 1730 2045 ipse
1767 1993 1950 2046 substitui

164 2052 347 2091 circulum
379 2056 419 2091 et
447 2052 594 2103 figuras
624 2053 900 2102 geometricas,
933 2054 1189 2102 quantitatem
1220 2051 1367 2089 scilicet
1397 2053 1633 2090 continuam.

277 2110 320 2150 Si
351 2111 450 2149 haec
480 2116 654 2149 veterum
683 2111 782 2148 ratio
795 2110 1039 2151 enucleandi
1070 2110 1310 2148 harmonices
1338 2110 1546 2155 essentiam
1577 2110 1647 2154 tibi
1667 2120 1743 2162 ιιοιι
1763 2107 1947 2160 sorderet,

162 2174 200 2208 et
240 2169 274 2206 si
313 2169 589 2208 mathematica
629 2180 708 2206 non
745 2169 783 2205 in
825 2170 1006 2207 corticem
1046 2174 1115 2206 aut
1153 2169 1321 2207 tunicam
1363 2166 1577 2216 relegates,
1617 2168 1695 2206 imo
1737 2178 1881 2233 vanam
1909 2173 1948 2206 et

161 2226 340 2279 frivolam
371 2228 546 2272 umbram
576 2226 828 2275 indigenum,
872 2228 963 2276 quin
1003 2227 1132 2276 potius
1174 2227 1211 2262 in
1242 2226 1368 2274 ipsum
1402 2224 1581 2263 nucleum
1621 2226 1828 2275 reciperes,
1864 2224 1948 2274 jam

161 2297 274 2337 porro
313 2297 427 2325 nemo
470 2296 559 2324 vere
601 2284 959 2335 philosophantium
998 2284 1070 2322 tibi
1109 2295 1187 2321 non
1228 2282 1482 2333 applauderet
1512 2285 1719 2330 asserenti,
1758 2284 1947 2333 musicam

163 2343 325 2383 eandem
356 2356 440 2383 esse
471 2345 509 2387 in
540 2342 716 2390 homine,
750 2354 850 2392 quae
881 2348 939 2382 est
971 2343 1010 2380 in
1040 2340 1205 2388 mundo,
1247 2340 1409 2379 eandem
1444 2342 1483 2378 in
1515 2341 1714 2386 elementis
1741 2339 1801 2394 (ut
1829 2337 1946 2382 sonos

163 2401 424 2452 intelligamus
456 2399 735 2452 elementares),
768 2413 870 2451 quae
897 2402 938 2453 in
970 2400 1159 2451 planetis3
1199 2399 1360 2437 eandem
1390 2399 1546 2438 tandem
1575 2402 1614 2437 in
1646 2399 1743 2447 illis,
1776 2410 1877 2449 quae
1907 2401 1945 2437 in

162 2463 246 2510 ipso
276 2460 419 2506 mundo
452 2460 680 2510 archetypo,
723 2458 823 2499 unde
862 2458 1098 2509 originaliter
1138 2462 1221 2497 orta
1250 2458 1300 2495 sit
1341 2457 1544 2496 harmonia
1580 2457 1782 2506 machinae
1813 2458 1944 2501 totius.

161 2519 261 2557 Nam
303 2518 438 2558 eadem
481 2517 617 2557 iisdem
655 2528 753 2567 pene
795 2518 925 2556 verbis
965 2521 1004 2555 et
1041 2527 1102 2554 me
1144 2514 1253 2554 vides
1292 2526 1461 2554 asserere
1501 2518 1669 2566 passim,
1721 2516 1945 2567 praesertim

163 2577 262 2616 libro
292 2577 456 2615 11Lf01.
494 2577 573 2613 136
605 2580 643 2613 et
673 2574 758 2612 libr
791 2575 862 2612 IV.
893 2587 978 2625 cap.
1015 2575 1057 2620 1,
1091 2575 1135 2619 2,
1169 2574 1205 2611 3.

276 2634 474 2673 Modicam
518 2636 618 2683 enim
648 2632 747 2672 hanc
778 2632 1142 2696 aequivocationem
1182 2629 1383 2669 admittere
1423 2632 1595 2680 cogimur
1626 2631 1713 2681 jure
1749 2628 1944 2680 gramma-

162 2694 250 2741 tico,
285 2704 372 2730 cum
402 2680 641 2731 harmoniam
673 2691 773 2738 alius
804 2689 974 2739 quidem,
1005 2700 1077 2726 usu
1103 2689 1184 2737 Jam
1215 2689 1326 2735 trito,
1360 2688 1528 2726 admittit
1558 2689 1680 2728 solam
1710 2682 1819 2727 illam
1849 2699 1943 2727 con-

165 2756 311 2798 centus,
345 2762 444 2800 quae
477 2755 535 2789 est
566 2761 651 2787 cum
681 2759 797 2797 sono,
838 2748 956 2795 alius,
988 2751 1143 2784 secutus
1174 2747 1335 2796 primam
1367 2748 1474 2786 vocis
1505 2748 1712 2796 originem,
1749 2758 1816 2799 pro
1848 2757 1943 2783 con-

162 2811 340 2858 gruentia
370 2820 495 2847 rerum
525 2808 844 2857 geometricarum
876 2805 1077 2844 omnifaria
1105 2806 1252 2854 recipit,
1285 2804 1398 2854 alius,
1429 2804 1596 2843 mediam
1622 2804 1804 2843 incedens
1825 2804 1940 2850 viam,

166 2868 420 2916 geometricas
450 2867 731 2917 proportioneS,
764 2876 865 2915 quae
894 2864 1142 2901 inveniuntur
1172 2864 1210 2899 in
1241 2863 1401 2901 vocibus
1433 2863 1745 2910 consonantibus,
1776 2861 1941 2902 ubicun-

165 2937 239 2974 que
272 2937 338 2963 eas
369 2930 569 2974 praeterea
600 2924 759 2970 invenit,
792 2922 898 2961 velut
928 2922 1142 2959 abstractas
1163 2933 1187 2958 a
1207 2921 1391 2970 subjectis
1415 2916 1696 2970 subintelligit,
1728 2929 1804 2969 quo
1824 2929 1941 2956 sensu

167 2993 238 3030 ego
270 2982 330 3020 his
353 2984 514 3021 vocibus
546 2987 633 3020 utor
662 2992 731 3031 per
762 2985 886 3021 totum
915 2979 993 3019 fere
1026 2990 1122 3028 opus
1140 2990 1281 3017 meum.
1342 2979 1469 3026 Atta,
1503 2990 1579 3016 non
1601 2982 1801 3023 contentus
1832 2975 1938 3014 hisce

166 3039 461 3091 significatibuS‚
505 3051 641 3078 vocem
671 3038 819 3094 profers
850 3037 1009 3077 ulterius
1040 3037 1089 3077 ad
1120 3037 1391 3086 congruentias
1423 3041 1503 3074 tam
1531 3036 1713 3087 physicas
1745 3035 1939 3083 agentium
1984 3070 1988 3073 .
