1994 3276
149 109 233 148 354
474 75 475 78 ¹
836 102 1035 141 Ptolemaei
1058 103 1264 142 Harmonia.

148 228 342 268 torumque
367 221 527 267 species,
559 231 649 266 quas
674 221 863 266 odoratus,
893 232 986 267 quas
1009 223 1133 268 lingua
1162 231 1234 258 non
1259 222 1423 268 percipit.
1471 222 1624 259 Puer-ilis
1648 223 1758 267 igitur
1787 226 1845 260 est
1869 235 1950 260 con-

148 275 297 318 tractio,
322 273 472 320 puerilis
497 273 780 309 accommodatio
804 275 942 310 numeri
961 286 1129 311 sensuum
1148 276 1194 311 ad
1212 286 1400 311 numerum
1417 276 1619 320 specierum
1641 276 1755 322 ipsius
1772 271 1952 322 diapente.

260 327 357 363 Nota
380 327 426 363 X.
474 326 557 362 Non
588 321 767 362 absimiIia
803 327 873 363 dici
904 334 1055 373 possent
1089 329 1133 364 (16
1170 334 1310 373 septem
1341 328 1472 364 muniis
1504 329 1710 364 intellectus
1742 329 1790 366 ad
1813 335 1952 375 septem

148 381 289 426 species
315 380 490 425 diapason
515 379 806 415 accommodatis.
853 380 1014 416 Primum
1030 382 1136 426 enim,
1161 380 1393 425 imaginativa
1409 381 1440 417 si
1461 381 1613 427 eripitur
1629 381 1821 417 sensitivae
1837 386 1952 417 trans-

150 432 335 479 ferturque
359 433 405 468 ad
429 432 730 478 intellectualem,
768 443 896 469 sensus
922 438 1126 469 non-erunt
1148 433 1306 478 animae,
1332 433 1397 469 sed
1420 444 1540 470 merae
1563 435 1753 479 passiones
1778 435 1951 479 corporis.

148 486 297 527 Deinde,
322 490 362 521 ut
385 486 546 521 omittam
571 484 658 530 alia,
684 484 776 520 duae
805 485 988 522 discursus
1015 486 1155 531 species
1180 490 1281 531 sunt,
1309 485 1468 531 opinatio
1494 492 1531 522 et
1554 487 1801 531 ratiocinatio,
1826 493 1863 522 et
1889 497 1952 529 eae

148 538 293 584 quidem
318 538 593 582 subordinatae,
627 548 699 573 non
732 540 914 583 expressis
946 540 1136 585 limitibus,
1171 538 1304 574 nedum
1336 539 1614 584 quantitatibus,
1650 545 1691 576 ut
1723 539 1953 576 harmonicae

146 592 399 637 proportiones
424 591 633 635 distinctae3
659 590 751 626 adeo
777 596 813 627 et
842 592 1002 637 opinatio
1028 592 1064 627 in
1089 592 1175 628 vitio
1201 589 1267 636 est,
1294 591 1384 626 adeo
1411 597 1447 627 et
1462 592 1638 637 perfectio
1654 593 1951 637 ratiocinationis,

148 650 189 680 ut
213 644 391 690 opinionis
417 643 576 680 scientia.
624 641 806 679 Differunt
830 643 900 680 ista
927 646 1124 681 secundum
1149 644 1262 688 magis
1288 648 1325 680 et
1340 644 1469 689 minus,
1495 644 1621 689 logicis
1636 643 1759 690 potius
1784 648 1822 679 et
1837 655 1952 689 gram-

147 698 288 734 maticis
313 696 570 736 vocabulorum
594 695 926 744 significationibus,
953 708 1060 742 quam
1083 708 1205 733 rerum
1228 694 1387 742 ipsarum
1410 697 1544 733 finibus
1562 697 1767 742 conspicuis
1784 702 1821 732 et
1837 697 1950 733 facul·

131 750 283 787 tatibus
308 750 532 787 naturalibus
558 751 738 788 distincta.
787 750 859 786 Cur
889 761 961 786 non
993 750 1087 786 inter
1111 749 1305 787 facultates
1337 755 1502 798 recenset
1533 750 1641 787 etiam
1676 749 1885 790 stultitiam,
1918 745 1949 786 si

148 804 201 840 ita
224 802 325 839 vult?

263 856 360 892 Nota
384 856 447 893 XI.
497 856 592 892 Dum
624 867 708 892 vero
735 855 869 891 transit
901 855 947 890 ad
973 855 1196 891 Platonicam
1232 857 1371 891 animae
1402 855 1714 899 distributionem,
1753 866 1845 900 quae
1877 855 1953 891 fere

147 909 264 955 possit
294 908 421 945 haberi
451 919 517 954 pro
550 908 794 944 subdivisione
826 907 972 943 moralis
1006 908 1189 944 facultatis
1221 919 1285 944 seu
1318 907 1531 953 voluntatis,
1569 918 1614 944 ex
1643 908 1783 944 intento
1810 908 1952 953 quidem

147 959 329 1007 Platonis,
367 961 435 997 etsi
459 960 689 997 Ptolemaeus
714 960 842 996 miscet
871 970 969 996 mere
993 960 1272 1006 intellectualia,
1309 962 1463 1007 primum
1494 971 1540 996 ne
1565 971 1608 996 ea
1639 961 1784 1006 quidem
1809 961 1952 1006 allegat,

148 1009 241 1058 quae
266 1024 333 1049 nos
368 1023 478 1058 supra
509 1023 554 1047 ex
584 1012 754 1058 Platone,
787 1013 916 1049 deinde
948 1014 1106 1059 explicat
1135 1015 1173 1050 in
1196 1018 1317 1059 parte,
1358 1014 1456 1059 quod
1491 1018 1547 1049 est
1574 1013 1740 1050 omnibus
1765 1019 1953 1049 commune

149 1062 466 1102 distributionibus
491 1065 616 1108 animi,
654 1066 750 1109 quod
775 1066 927 1102 virtutes
950 1066 1196 1111 respondeant
1228 1067 1430 1112 concinnis,
1468 1066 1556 1102 vitia
1578 1067 1822 1112 inconcinnis;
1860 1076 1952 1111 quae

150 1119 419 1165 generalissima
442 1119 618 1160 omnium,
642 1117 727 1153 boni
752 1129 801 1154 sc.
827 1122 864 1153 et
892 1118 978 1154 mali
998 1119 1240 1163 comparatio,
1267 1123 1323 1155 est
1347 1129 1392 1155 ex
1417 1120 1572 1164 utroque
1596 1130 1739 1165 genere.
1873 1113 1878 1119 ’

263 1173 361 1208 Nota
384 1171 465 1206 XII.
513 1169 613 1214 Quas
646 1180 730 1205 vero
766 1169 1000 1207 facultatibus
1035 1171 1206 1207 irascibili
1240 1177 1276 1208 et
1306 1172 1577 1218 concupiscibili
1609 1173 1769 1218 assignat
1802 1174 1953 1223 species,

149 1236 231 1269 eae,
255 1225 293 1260 in
317 1227 491 1268 quantum
516 1221 562 1257 ad
586 1222 685 1267 ipsas
710 1223 902 1268 pertinent,
927 1227 1045 1259 motus
1072 1229 1175 1269 sunt,
1202 1226 1399 1261 secundum
1425 1237 1514 1270 quos
1540 1227 1748 1270 agnoscitur
1771 1225 1955 1272 quaelibet
1988 1222 1991 1223 ⁷

149 1278 321 1323 facultas,
352 1280 393 1312 ut
416 1286 500 1311 vero
527 1275 585 1310 hic
610 1274 881 1319 describuntur,
915 1280 1000 1312 sunt
1031 1277 1152 1321 potius
1188 1279 1340 1315 virtutes
1371 1279 1512 1315 animae
1535 1279 1734 1325 ,rationalis
1764 1280 1860 1315 circa
1891 1278 1953 1314 do·

148 1331 298 1367 mandos
324 1334 360 1365 et
383 1328 561 1373 regendos
585 1327 653 1363 hos
677 1332 815 1370 motus,
849 1338 930 1363 cum
952 1334 1073 1365 tamen
1105 1330 1142 1365 in
1173 1330 1242 1366 hoc
1268 1332 1385 1376 capite
1409 1331 1638 1367 Ptolemaeus
1662 1330 1780 1367 adhuc
1811 1334 1951 1366 tantum
1974 1346 1980 1348 >

150 1384 195 1420 de
218 1383 307 1429 ipsis
333 1380 567 1421 facultatibus
593 1384 687 1425 agat.
738 1379 817 1415 Etsi
849 1380 942 1415 enim
965 1381 1079 1416 utitur
1102 1383 1238 1418 voculis
1264 1382 1386 1430 ἅρπη,
1426 1397 1545 1428 nauca,
1577 1383 1801 1428 intelligendi
1833 1388 1953 1419 tamen

150 1441 236 1473 sunt
259 1446 332 1472 non
357 1434 501 1471 habitus
527 1431 785 1469 exercitatione
810 1433 1018 1478 comparati,
1044 1433 1107 1468 sed
1132 1435 1309 1481 principia
1333 1437 1456 1481 potius
1482 1437 1529 1472 ad
1552 1436 1652 1481 illos,
1677 1435 1952 1472 naturales'sci-

151 1490 237 1526 licet
270 1488 456 1534 potentiae
487 1490 523 1521 et
551 1483 795 1530 impotentiae.
845 1484 945 1519 Haec
979 1485 1033 1520 vis
1069 1492 1125 1522 est
1158 1487 1367 1525 Graecismi.
1416 1489 1488 1525 Sed
1520 1494 1640 1526 tamen
1670 1489 1810 1525 videtur
1834 1486 1953 1523 Ptole—

148 1551 274 1576 maeus
298 1541 367 1576 hac
391 1537 687 1584 aequivocatione
713 1547 752 1572 se
776 1536 896 1581 ipsum
921 1538 1152 1575 confundere.
1202 1541 1500 1586 Concupiscibilis
1523 1548 1620 1578 certe
1637 1553 1709 1577 non
1726 1545 1858 1586 potest,
1881 1549 1954 1584 qua

148 1592 245 1639 talis,
270 1604 342 1629 non
366 1595 488 1638 potest
511 1589 580 1625 nisi
606 1589 707 1634 sequi
732 1589 959 1637 voluptates;
985 1592 1083 1637 quod
1108 1594 1137 1628 si
1163 1593 1305 1630 desinat
1330 1594 1467 1635 facere.
1499 1594 1815 1640 concupiscibilem
1839 1591 1956 1628 facul-

147 1651 260 1683 tatem
284 1645 415 1682 desinit
440 1652 620 1687 exercere,
646 1651 713 1676 nec
737 1642 847 1677 habet
867 1642 1054 1689 judicium,
1081 1656 1153 1690 qua
1177 1645 1279 1691 talis,
1306 1646 1392 1691 quid
1417 1652 1524 1692 turpe
1548 1648 1612 1692 sit,
1637 1647 1728 1693 quid'
1747 1647 1952 1693 honestum,

150 1698 215 1734 sed
239 1698 356 1747 solum
382 1696 468 1742 quid
493 1705 614 1739 suave,
641 1693 727 1738 quid
750 1695 996 1740 injucundum.
1046 1698 1096 1733 Et
1121 1698 1245 1743 virtus,
1272 1710 1364 1744 quae
1389 1701 1607 1736 verecundia
1630 1700 1685 1735 vel
1710 1709 1802 1745 quae
1817 1703 1951 1742 tempe-

148 1751 266 1788 rantia
290 1750 432 1795 dicitur,
457 1749 626 1786 definitur
649 1757 687 1782 re
710 1752 863 1792 utraque
895 1754 930 1784 et
953 1750 1132 1794 positione
1157 1751 1363 1795 cupiditatis
1398 1758 1434 1787 et
1459 1752 1538 1797 ejus
1564 1752 1807 1788 dominatione
1838 1755 1875 1785 et
1898 1759 1952 1784 re·

148 1804 279 1849 gimine
311 1801 510 1839 secundum
539 1804 675 1836 rectam
701 1799 887 1837 rationem.
935 1802 1095 1838 Laborat
1128 1808 1164 1838 et
1197 1805 1374 1840 ternarius
1401 1805 1504 1845 vitio.
1534 1805 1630 1851 quod
1665 1804 1874 1850 plerumque
1898 1801 1950 1841 fit,

151 1858 183 1894 si
215 1856 512 1893 constitutionem
548 1865 668 1890 rerum
695 1854 989 1898 comparabilium
1020 1855 1100 1900 ipsa
1131 1856 1362 1900 comparandi
1390 1857 1567 1902 cupiditas
1591 1860 1801 1892 antevertat.
1849 1855 1952 1890 Duae

149 1909 294 1956 quidem
318 1913 408 1944 >sunt
439 1908 574 1943 classes
609 1904 863 1950 cupiditatum,
895 1917 1007 1942 venus
1043 1911 1080 1942 et
1110 1907 1204 1952 gula.
1236 1913 1272 1943 et
1296 1909 1510 1944 verecundia
1541 1909 1679 1953 veneri,
1714 1906 1951 1953 temperantia

149 1961 258 2007 gulae
287 1966 385 1997 recte
415 1959 638 2006 praeficitur,
672 1956 736 1992 sed
768 1957 801 1992 ei
829 1969 903 1994 non
935 1959 1092 2003 legitime
1128 1959 1336 2005 adjungitur
1365 1962 1540 2006 patientia
1571 1960 1628 1995 vel
1659 1959 1882 1996 continentia
1914 1959 1950 1994 iu

149 2013 385 2058 nessitatibus
416 2023 480 2048 seu
514 2012 607 2048 fame
639 2016 674 2046 et
706 2008 776 2044 siti.
824 2010 917 2046 Nam
950 2022 995 2047 ex
1025 2023 1098 2047 una
1131 2013 1222 2048 duae
1255 2013 1347 2048 fiunt
1377 2014 1574 2049 secundum
1610 2013 1724 2057 magis
1755 2017 1791 2048 et
1821 2013 1957 2059 minus,¹

149 2070 356 2112 temperans
381 2075 430 2101 sc.
454 2064 584 2100 fruitur
607 2067 766 2112 modice,
799 2066 961 2100 esuriens
986 2075 1070 2100 vero
1103 2070 1139 2101 et
1163 2066 1289 2101 sitiens
1314 2077 1384 2101 non
1409 2067 1558 2111 fruitur,
1591 2070 1654 2101 aut
1678 2075 1750 2100 non
1776 2068 1948 2109 quantum

150 2129 242 2165 opus
267 2118 388 2154 habet.
435 2119 485 2153 Et
508 2122 594 2153 tunc
627 2128 665 2153 se
697 2119 904 2163 despectam
935 2117 1030 2153 dicet
1053 2118 1178 2154 Venus
1202 2118 1489 2163 indignabunda,
1522 2118 1579 2154 cui
1610 2122 1756 2163 praeter
1779 2127 1948 2152 verecun-

151 2171 246 2208 diam
270 2171 397 2207 eodem
417 2170 500 2215 jure
525 2170 649 2207 debuit
673 2171 821 2215 adjungi
845 2170 1043 2216 virginitas,
1069 2170 1226 2215 castitas,
1252 2169 1471 2206 continentia
1494 2170 1665 2206 maritalis
1690 2173 1758 2205 etc.
1806 2169 1864 2204 Ita
1886 2168 1949 2203 fiet
1975 2165 1980 2171 ’

149 2224 400 2271 quaternarius
425 2235 489 2268 pro
515 2225 683 2259 ternario.
733 2224 781 2260 Ut
805 2234 877 2258 non
902 2223 1031 2266 dicam,
1057 2223 1153 2268 quod
1178 2233 1291 2267 genus
1326 2223 1622 2264 transscenditur,
1648 2223 1731 2258 dum
1755 2221 1799 2257 de
1825 2221 1950 2266 volup—

148 2277 282 2313 tatibus
309 2276 526 2322 specialibus
549 2277 699 2322 agimus,
724 2281 761 2312 et
783 2276 925 2312 interim
945 2276 991 2311 ad
1009 2276 1170 2311 dolorem
1188 2276 1401 2321 generalem,
1428 2276 1489 2320 qui
1505 2276 1783 2312 destructionem
1798 2279 1948 2310 naturae

149 2329 324 2375 continet,
356 2329 564 2365 transimus.
612 2329 779 2373 Denique
816 2340 888 2365 non
921 2329 992 2364 tria
1016 2328 1241 2364 diatessaron
1273 2328 1463 2365 intervalla
1492 2329 1630 2365 faciunt
1661 2338 1794 2373 genera
1817 2327 1942 2372 volup·
1979 2326 1986 2332 '

150 2382 236 2417 tatis
261 2386 298 2418 et
322 2378 478 2427 doloris,
512 2382 576 2418 sed
606 2382 688 2427 ipsa
712 2387 847 2418 natura
871 2381 1047 2427 corporis.
1095 2381 1187 2416 Nam
1218 2381 1264 2417 ad
1295 2383 1571 2418 sustentandum
1615 2381 1652 2417 id
1681 2381 1764 2426 gula
1795 2383 1867 2424 est,
1899 2377 1945 2414 ad

148 2436 305 2482 speciem
329 2435 407 2480 eius
431 2435 703 2480 propagandam
728 2445 851 2470 venus.
900 2436 983 2470 Duo
1013 2435 1084 2470 ista
1121 2445 1332 2471 conservare
1357 2446 1488 2480 corpus
1521 2440 1558 2471 et
1582 2434 1738 2480 speciem
1763 2433 1840 2478 ejus
1864 2441 1945 2476 pro-

147 2500 283 2537 pagare
307 2499 379 2531 non
405 2488 578 2524 desumsit
601 2492 742 2524 creator
766 2499 810 2523 ex
836 2487 1043 2532 harmoniis,
1069 2492 1189 2523 essent
1214 2487 1308 2524 enim
1331 2488 1436 2532 plura
1459 2497 1626 2532 numero,
1652 2490 1692 2521 ut
1716 2490 1801 2521 sunt
1823 2483 1954 2538 plures·
1993 2514 1994 2521 ,

147 2541 367 2586 harmoniae,
387 2540 450 2576 sed
469 2550 515 2575 ex
530 2539 610 2584 ipsa
624 2550 743 2575 rerum
762 2540 968 2575 conditione
980 2539 1279 2584 mortalitatisque
1298 2540 1562 2575 consociatione
1574 2549 1655 2575 cum
1667 2537 1944 2573 immortalitate.
1992 2537 1994 2583 j

263 2595 362 2631 Nota
385 2594 483 2629 XIII.
531 2593 574 2628 In
597 2597 753 2637 quatuor
775 2592 964 2627 irascibilis
989 2591 1181 2626 virtutibus
1199 2602 1264 2627 seu
1281 2592 1478 2627 secundum
1494 2602 1551 2626 me
1568 2589 1812 2634 facultatibus,
1841 2598 1943 2634 prae·
1993 2586 1994 2598 ¹

148 2653 313 2693 terquam
344 2646 442 2692 quod
467 2645 591 2681 eadem
616 2645 687 2681 dici
710 2648 865 2690 possunt
890 2644 934 2679 de
957 2642 1027 2686 ira,
1054 2647 1162 2686 metu,
1187 2643 1331 2688 timore,
1363 2644 1506 2687 dolore,
1540 2642 1633 2678 adde
1666 2646 1703 2677 et
1731 2639 1944 2677 verecundia

149 2712 214 2737 seu
237 2699 375 2747 pudore
399 2708 594 2743 eorumque
618 2696 769 2732 rectrice
793 2695 943 2739 ratione,
968 2693 1057 2729 illud
1081 2705 1224 2729 rursum
1250 2698 1426 2737 occurrit,
1454 2696 1568 2742 quod,
1595 2705 1687 2740 quae
1713 2698 1796 2730 sunt
1820 2703 1941 2736 unum,

149 2752 263 2789 divisa
286 2752 347 2787 hic
370 2755 566 2799 apparent.
611 2747 853 2784 Tolerantiam
878 2746 972 2782 enim
996 2745 1161 2781 laborum
1192 2747 1251 2783 hic
1275 2749 1384 2785 infert
1414 2754 1450 2785 ct
1475 2759 1583 2794 supra
1606 2748 1816 2802 patientiam
1846 2745 1943 2782 dolo-

149 2817 245 2851 rum,
276 2815 358 2840 cum
373 2803 482 2839 'labor
505 2813 578 2838 non
602 2801 710 2837 aliam
735 2801 780 2837 ob
805 2810 880 2836 rem
905 2798 1114 2843 tolerandus
1140 2799 1296 2846 dicatur,
1326 2813 1434 2847 quam
1464 2802 1549 2846 quia
1579 2800 1688 2836 dolet.
1736 2800 1787 2835 Et
1809 2809 1881 2845 qua
1903 2807 1942 2833 re

152 2857 271 2892 differt
294 2855 470 2892 fortitudo
495 2855 540 2891 ab
565 2855 802 2898 animositate,
828 2853 898 2889 nisi
922 2862 976 2895 eo,
1002 2850 1099 2895 quod
1122 2851 1255 2886 malum
1280 2853 1467 2889 imminens
1491 2853 1550 2901 hic
1573 2852 1749 2888 incertum
1773 2857 1844 2894 est,
1868 2849 1942 2886 illic

151 2914 304 2954 certum;
330 2909 480 2944 adderet
505 2907 635 2953 aliquis
659 2907 718 2943 hic
742 2906 902 2942 futurum
926 2903 999 2938 illic
1022 2912 1205 2948 praesens,
1230 2905 1289 2941 hic
1312 2906 1464 2941 militare
1488 2905 1562 2941 illic
1579 2904 1692 2950 civile,
1717 2913 1810 2949 quae
1823 2901 1942 2936 omnia

151 2960 465 2997 distinctiunculae
491 2965 591 3001 sunt,
622 2959 779 3005 speciem
803 2959 917 3003 ipsam
942 2966 1006 2991 seu
1030 2955 1241 2992 facultatem
1271 2969 1343 2994 non
1373 2959 1586 3003 alterantes,
1617 2961 1658 2993 ut
1680 2966 1752 2992 non
1776 2955 1940 2990 inventas

150 3011 343 3048 facultates
369 3017 554 3058 comparet
577 3017 721 3054 auctor,
753 3010 817 3046 sed
841 3012 992 3054 quaerat
1014 3009 1136 3052 potius
1162 3009 1314 3046 sollicite
1331 3017 1368 3047 et
1390 3011 1496 3056 plane
1515 3009 1814 3049 communicatur,
1842 3003 1939 3050 quod
1987 3007 1990 3010 “

151 3072 357 3109 comparare
380 3065 507 3111 possit.
555 3066 606 3101 Et
628 3064 805 3100 hactenus
829 3061 1017 3097 facultates
1041 3061 1134 3107 illae,
1160 3073 1253 3107 quae
1276 3069 1464 3100 versantur
1488 3064 1583 3099 circa
1605 3060 1758 3098 morales
1775 3059 1936 3095 virtutes.
