1994 3276
122 78 207 119 470
619 88 621 91 ⁴
785 78 787 80 ’
810 81 854 117 In
877 81 1110 118 Harmoniam
1132 80 1268 127 Mundi,

120 206 291 242 regnum,
322 204 430 240 quam
454 195 689 242 Harmoniam
715 198 951 244 confecisses‚
989 199 1168 235 discordia
1191 198 1433 235 haereditaria
1456 198 1640 235 nationum
1663 198 1920 236 infensissima-

120 261 215 290 rum,
249 257 344 293 quae
368 248 504 284 crebris
528 253 566 285 et
588 249 849 286 cruentissimis
880 250 1042 286 cladibus
1074 250 1214 297 aliquot
1245 250 1448 287 seculorum
1481 251 1609 288 seriem
1633 262 1700 288 ceu
1723 252 1818 288 notis
1842 251 1920 296 qui-

119 301 273 339 busdam
289 301 572 347 interstinxerat,
597 301 800 339 felicissime
817 302 958 338 sublata
975 308 1011 338 et
1028 304 1223 340 exstincta:
1251 314 1332 339 cum
1349 304 1457 340 etiam
1471 304 1616 341 titulum
1639 304 1920 341 haereditarium

124 353 370 391 «Defensoris
381 354 487 390 fidei»
493 382 501 399 ,
539 355 788 391 diversissimis
814 354 942 391 studiis
969 355 1091 391 datum
1117 361 1422 401 usurpatamque,
1457 357 1682 394 retinendum
1705 357 1771 393 tibi
1795 367 1920 393 censu-

119 409 229 444 isses:
254 407 345 442 haec
369 410 406 442 et
431 405 502 442 alia
526 407 629 452 signa
654 418 726 458 non
750 406 861 442 infida
885 408 974 443 mihi
997 409 1213 445 videbantur
1236 409 1395 445 secuturi
1418 409 1566 455 majoris
1589 415 1627 447 et
1648 410 1920 456 praestantioris

120 460 301 505 etiamque
326 458 554 495 durabilioris
580 460 698 504 operis
724 458 794 503 tui,
820 460 921 505 pacis
945 461 1084 497 sci-licet
1108 461 1341 498 ecclesiamm
1365 462 1630 507 procurandae·
1655 463 1752 509 quod
1776 461 1927 508 quidem

206 510 302 549 .fol.
329 515 373 546 78
396 511 459 546 lin.
483 516 571 546 26-
577 516 631 547 30.
741 513 1029 557 ‚proponebam-

236 563 286 598 Et
309 563 409 599 visus
435 563 579 608 quidem
606 568 662 600 est
687 569 835 605 eventus
860 565 1021 611 aspirare
1045 567 1139 602 votis
1165 567 1270 612 meis,
1296 577 1376 603 cum
1400 567 1437 602 in
1461 576 1609 611 regnum
1633 544 1735 604 tuum
1760 578 1800 603 se
1823 576 1920 603 rece-

122 619 263 664 pissent
286 615 352 650 viri
377 616 448 652 duo
474 617 527 660 (ut
551 615 596 651 de
621 615 701 652 aliis
726 616 815 651 nihil
840 617 989 664 dicam),
1030 630 1181 664 quorum
1213 623 1367 665 uterque
1401 620 1587 662 scientiam
1621 625 1658 656 et
1683 620 1920 656 eruditionem

118 671 165 706 ad
189 672 328 706 tantum
354 678 444 712 opus
469 669 721 715 necessariam,
748 668 841 705 alter
865 675 901 706 et
926 671 1138 716 dignitatem
1163 671 1328 708 attulisse
1344 671 1457 707 videri
1472 673 1609 717 potuit:
1633 672 1695 708 ille
1720 672 1819 709 aliud
1843 671 1919 716 qui·

118 723 199 758 dem
223 730 334 766 agens
360 723 396 755 et
418 729 512 764 pene
535 731 655 756 merus
680 723 951 768 grammaticus,
990 723 1128 759 radium
1152 727 1272 758 tamen
1297 723 1415 760 emisit
1438 723 1585 760 latentis
1608 724 1745 760 altioris
1769 722 1920 768 consilii,

117 774 186 811 ist'e
211 772 388 809 medicum
421 773 591 808 sanandis
626 773 799 827 eeclesiae
823 774 1030 811 vulneribus
1055 772 1174 821 palam
1211 775 1415 821 professus,
1452 786 1520 812 nec
1543 780 1662 813 tamen
1687 776 1805 812 verbis
1828 776 1919 812 adeo

117 831 283 873 apertus,
310 826 397 871 quin
421 835 504 861 vere
530 828 617 872 (non
641 822 759 862 minus
785 827 872 885 iste,
917 838 1024 872 quam
1049 827 1142 863 alter
1164 827 1238 873 ille)
1264 826 1347 874 plus
1372 827 1526 890 aliquid,
1556 839 1664 874 quam
1690 829 1841 876 diceret,
1865 830 1918 865 in-

116 889 228 916 nuere
251 878 344 914 velle
367 877 560 921 videretur.

232 935 304 967 Fol.
331 933 469 967 78.1in
498 935 552 966 13.
578 934 618 965 ab
643 933 747 967 infra·
781 932 915 968 Verum
938 932 1030 979 proh
1055 933 1177 977 dolor,
1214 932 1346 972 vulnus
1371 928 1545 985 ecelesiae
1570 933 1821 977 decussatum,
1854 943 1918 968 seu

117 985 303 1023 sacratiori
317 982 542 1027 feliciorique
554 978 730 1020 vocabulo
749 985 972 1031 cruciforme,
989 990 1105 1021 tumet
1123 974 1241 1022 adhuc
1257 980 1447 1031 multiplic1
1462 986 1575 1031 labro,
1601 990 1638 1022 et
1661 985 1761 1022 nullo
1776 985 1920 1020 illorum

115 1038 328 1075 connivente
344 1035 549 1072 adhucdum
568 1036 669 1072 irrita
685 1038 826 1075 videtur
842 1048 923 1074 esse
939 1039 1030 1075 haec
1038 1049 1135 1086 cura
1150 1043 1188 1074 et
1202 1038 1381 1075 medicula
1396 1038 1546 1084 ingrata.
1564 1039 1614 1075 Et
1630 1039 1716 1084 quid
1732 1038 1870 1081 mirum,
1889 1036 1919 1072 si

113 1091 283 1135 medicus,
309 1099 418 1134 aegro
436 1088 602 1125 deliranti
619 1100 700 1126 sese
716 1089 1002 1139 accommodans,
1017 1090 1131 1127 muita
1147 1090 1311 1127 consulto
1329 1090 1449 1136 faciat,
1461 1091 1581 1127 multa
1601 1091 1754 1135 simulet,
1779 1100 1872 1136 quae
1897 1099 1918 1124 a

115 1154 204 1179 sana
238 1142 377 1178 ratione
411 1141 605 1187 plurimum
641 1141 740 1178 abire
765 1142 950 1188 videntur,
975 1148 1029 1179 ut
1065 1144 1135 1180 hac
1159 1144 1217 1178 via
1253 1143 1464 1179 medicinam
1498 1143 1628 1180 fallens
1663 1144 1803 1188 ingerat
1838 1154 1918 1178 cum

114 1195 247 1243 ignaris
273 1194 371 1239 artis,
406 1198 483 1229 tum
507 1195 722 1239 praesertim
747 1195 910 1240 partibus
935 1195 1082 1232 nimium
1108 1195 1314 1232 difficilibus
1338 1197 1558 1242 nimiumque
1582 1197 1756 1234 morosis?
1805 1195 1918 1240 Spero

114 1253 253 1292 tamen,
279 1247 397 1283 Deum
419 1245 460 1282 Ο.
486 1246 559 1292 Μ.,
585 1258 607 1283 a
630 1244 702 1292 quo
727 1259 837 1284 unum
861 1247 1006 1284 illorum
1029 1248 1172 1294 publice
1196 1248 1341 1284 mundo·
1356 1250 1645 1295 commendatum
1668 1259 1748 1292 esse
1771 1249 1919 1299 incensa

114 1301 221 1339 stella
243 1310 338 1336 nova
361 1309 456 1335 anno
482 1299 585 1336 1604.
613 1299 682 1334 hoc
705 1300 933 1344 potissimum
953 1296 1163 1344 argumento
1182 1300 1346 1346 conjicio,
1371 1301 1456 1347 quia
1471 1302 1591 1348 ipsum
1613 1301 1720 1345 illum,
1740 1302 1806 1346 ego
1831 1300 1919 1337 vivis

114 1353 298 1392 coloribus
322 1356 378 1387 tot
402 1351 506 1387 annis
538 1356 731 1396 antequam
767 1352 929 1397 prodiret
959 1352 1164 1397 depingere,
1187 1352 1290 1398 potui
1313 1352 1350 1388 in
1381 1354 1624 1400 descriptione
1647 1353 1745 1390 illius
1770 1351 1918 1398 stellae;

113 1409 250 1450 Deum,
275 1406 439 1450 inquam,
466 1403 528 1449 qui
553 1403 620 1439 hos
646 1404 736 1448 duos
762 1404 858 1440 viros
882 1404 994 1440 veluti
1018 1405 1283 1441 consolidantia
1306 1410 1429 1443 cerata
1447 1407 1526 1451 jam
1548 1407 1682 1444 mundo
1706 1404 1919 1443 monstravit

113 1471 158 1496 ex
182 1464 246 1495 tuo
269 1467 397 1502 regn0‚
435 1456 607 1501 eundem,
649 1460 690 1490 ut
715 1462 921 1501 supremum
946 1457 1124 1493 medicum
1159 1457 1319 1502 artisque
1350 1468 1439 1494 suae
1469 1463 1608 1494 certum
1632 1458 1917 1503 necquicquam

110 1513 246 1549 frustra
263 1509 518 1555 applicantem,
540 1508 616 1553 jam
633 1519 731 1544 nunc
758 1509 864 1544 etiam
882 1508 1055 1544 lenientia
1080 1509 1252 1555 expedire
1275 1510 1321 1545 ad
1338 1510 1612 1556 deprimendum
1635 1515 1829 1554 tumorem,
1855 1513 1918 1545 aut

112 1565 143 1601 si
168 1574 252 1600 caro
277 1561 425 1609 putrida
449 1565 486 1596 et
509 1559 602 1602 fera,
627 1560 829 1597 charitatis
837 1572 885 1597 se.
913 1562 1129 1607 exstinctae,
1155 1573 1387 1599 succrescens
1411 1563 1563 1609 impedit
1587 1562 1719 1599 blanda
1740 1563 1826 1607 ista,
1852 1573 1918 1607 per

111 1617 178 1652 hos
203 1616 312 1661 igitur
334 1616 435 1660 ipsos
459 1613 638 1649 tumultus
663 1618 699 1649 et
723 1614 856 1653 similes
882 1615 973 1651 alios
999 1614 1176 1651 medicum
1201 1615 1389 1651 erodentia
1411 1614 1615 1661 applicare,
1641 1614 1764 1662 quoad
1784 1614 1916 1681 aliquis

112 1669 246 1705 doloris
271 1677 400 1704 sensus
425 1665 471 1701 ad
495 1666 597 1702 vivae
621 1666 740 1702 carnis
764 1666 1050 1712 profunditatem
1075 1668 1282 1704 descendat.

228 1722 309 1765 Ego
333 1730 431 1761 vero,
456 1718 523 1754 etsi
548 1718 640 1754 votis
665 1719 754 1754 meis
779 1718 824 1754 de
849 1719 1039 1754 concordia
1063 1719 1162 1755 brevi
1186 1719 1362 1755 coalitura.
1385 1719 1561 1755 hactenus
1580 1694 1759 1756 excidisse
1781 1720 1916 1765 videor,

111 1780 233 1811 tamen
262 1774 335 1809 hoc
365 1773 484 1818 ipsum
508 1771 544 1806 in
569 1772 691 1817 magni
722 1771 888 1807 beneficii
920 1772 1029 1813 divini
1063 1777 1174 1817 parte
1197 1782 1365 1819 numero,
1400 1772 1497 1817 quod
1520 1782 1595 1807 non
1619 1776 1762 1807 tantum
1784 1777 1914 1818 cetera,

111 1837 204 1873 quae
228 1826 316 1862 mihi
339 1824 486 1861 fuerunt
509 1823 556 1860 ad
579 1824 842 1860 absolutionem
866 1824 986 1869 operis
1011 1824 1235 1869 necessaria,
1269 1824 1349 1859 loco
1374 1824 1544 1870 pristino,
1579 1824 1646 1859 sed
1671 1825 1914 1869 etiam-Maie-

111 1883 243 1915 statem
266 1881 387 1921 tuam,
425 1878 483 1913 cui
507 1877 744 1923 patrocinium
769 1877 887 1922 operis
918 1881 992 1913 tam
1017 1877 1079 1913 diu
1103 1882 1212 1912 antea
1236 1876 1429 1920 destinavi,
1465 1876 1538 1912 huc
1562 1884 1676 1920 nsque
1699 1876 1915 1917 incolumem

113 1936 150 1967 et
172 1931 361 1967 florentem
385 1929 472 1965 vidi:
510 1929 699 1975 audeoque
730 1931 841 1965 etiam
874 1940 919 1965 ex
950 1930 1021 1966 hoc
1051 1935 1182 1966 eventu
1218 1940 1336 1974 exque
1365 1930 1444 1974 ipso
1475 1928 1725 1966 inventionum
1754 1940 1914 1965 mearum

112 1984 283 2021 successu
307 1983 424 2028 (quus
450 1982 616 2026 equidem
640 1982 793 2018 felicitas
820 1983 1007 2019 audaciam
1030 1983 1067 2018 in
1085 1982 1292 2027 quaerendo
1311 1981 1417 2026 longe
1434 1982 1594 2026 superat)
1618 1983 1778 2017 animare
1801 1981 1914 2026 magis

109 2037 295 2082 magisque
320 2045 404 2080 spes
428 2044 543 2080 meas,
581 2036 687 2071 etiam
711 2040 838 2071 contra
870 2046 971 2081 spem
996 2040 1198 2084 susceptas,
1235 2036 1280 2071 de
1308 2045 1400 2080 pace
1424 2033 1659 2069 ecclesiarum
1679 2034 1827 2070 tandem
1850 2033 1914 2070 ali·

111 2089 255 2134 quando
281 2087 543 2124 constituenda.
592 2085 725 2123 Potens
763 2088 857 2123 enim
883 2092 939 2124 est
961 2088 1061 2123 Deus
1081 2088 1148 2132 Ἴ(ιιι
1171 2087 1223 2123 sic
1247 2098 1293 2122 ex
1324 2087 1418 2123 libro
1441 2097 1521 2122 meo
1545 2086 1590 2122 de
1613 2087 1836 2122 stella-nova
1857 2097 1912 2122 re-

110 2142 264 2187 petam),
300 2151 345 2176 ex
369 2139 427 2175 his
453 2139 561 2174 etiam
587 2140 746 2176 tenebris
781 2140 982 2185 producere
1012 2140 1140 2174 lucem.
1188 2139 1373 2184 Denique,
1398 2139 1430 2175 si
1452 2149 1519 2174 nos
1545 2139 1664 2174 omnia
1688 2140 1913 2176 deseruerint

109 2192 322 2239 argumenta
345 2193 437 2228 bene
463 2191 656 2236 ominandi,
683 2204 755 2227 non
781 2198 900 2228 tamen
927 2192 1086 2228 desinam
1112 2203 1134 2227 a
1156 2193 1250 2236 Deo,
1286 2192 1387 2238 pacis
1412 2196 1580 2236 auctore,
1608 2193 1827 2228 contendere
1852 2193 1911 2228 de-

109 2246 201 2282 votis
225 2245 411 2292 precibus,
447 2244 501 2279 uti
526 2244 607 2280 Tibi
634 2249 670 2279 et
695 2245 804 2280 vitam
841 2248 876 2279 et
900 2243 1131 2288 Maiestatem
1154 2244 1290 2288 regiam
1313 2248 1462 2280 tueatur
1483 2243 1700 2280 incolumem
1725 2254 1841 2289 usque
1865 2244 1911 2280 ad

109 2299 210 2335 illum
235 2302 399 2343 optatum
423 2301 610 2342 eventum,
641 2297 703 2333 ubi
727 2296 958 2332 Harmoniam
982 2296 1082 2332 illam
1107 2296 1282 2332 ecclesiae
1305 2296 1378 2332 tuis
1401 2296 1516 2341 ipsius
1540 2296 1760 2332 velut⁴ulnis
1783 2295 1910 2332 fovens

110 2357 147 2388 et
170 2351 375 2397 proferens,
405 2351 616 2386 *exclamare
641 2349 776 2394 possis:
810 2349 868 2394 eja
891 2360 989 2385 nunc
1013 2349 1158 2384 tandem
1183 2349 1329 2385 exsolve
1360 2354 1501 2386 servum
1525 2354 1628 2385 tuum
1649 2349 1805 2385 Domine
1828 2359 1910 2383 cum

108 2415 221 2450 pace,
258 2407 451 2450 postquam
475 2401 644 2438 viderunt
671 2402 745 2447 jam
772 2401 867 2437 oculi
897 2401 968 2436 mei
992 2401 1119 2437 salutis
1151 2402 1220 2437 hoc
1250 2401 1381 2447 pignus
1414 2402 1655 2444 verissimum,
1693 2413 1766 2447 quo
1783 2401 1910 2437 lumen

109 2462 276 2493 aeternae
308 2455 491 2491 felicitatis
524 2465 570 2490 ex
594 2455 664 2490 hoc
696 2455 810 2500 magis
845 2455 1029 2500 magisque
1060 2454 1239 2490 reveletur
1271 2454 1456 2499 gentibuS,
1493 2453 1699 2489 adhucdum
1722 2453 1761 2488 in
1784 2452 1910 2488 umbra

109 2509 234 2544 mortis
260 2507 576 2553 delitescentibus,
616 2511 652 2543 et
677 2517 748 2552 quo
773 2507 918 2542 tandem
944 2506 1122 2543 enitescat
1145 2507 1315 2553 orbisque
1339 2510 1516 2542 terrarum
1541 2507 1666 2543 oculos
1689 2505 1909 2551 perstringat

108 2560 282 2597 ecclesiae
305 2564 390 2595 tuae
414 2559 539 2605 gloria.

223 2612 373 2650 Interim
398 2639 407 2647 .
425 2637 434 2646 .
454 2639 461 2647 .
487 2614 563 2645 vide
587 2623 621 2654 p.
650 2616 702 2647 79.
729 2614 788 2646 lin.
817 2616 874 2649 10.

153 2663 155 2665 ’
1352 2692 1362 2701 .
1384 2690 1394 2700 .
1418 2686 1431 2701 .-
1452 2691 1463 2701 .
1480 2661 1599 2701 .Joh..
1619 2659 1830 2710 Keplerm.

227 2766 318 2809 Vtri,
356 2774 441 2808 quos
465 2774 565 2806 supra
589 2765 752 2805 Kepleru·
775 2765 812 2795 in
837 2764 990 2803 Angliam
1013 2767 1233 2804 transgressos
1258 2764 1440 2805 significat,
1479 2767 1557 2796 sunt
1581 2764 1747 2796 Antonius
1761 2763 1813 2801 Vde
1835 2764 1906 2795 Do-

111 2813 211 2843 minis
236 2812 279 2855 (ν.
305 2821 332 2845 s,
356 2822 390 2852 p.
417 2810 487 2852 61.)
519 2816 552 2843 et
588 2812 724 2843 Isaakus
748 2809 982 2850 casaubonus,
1017 2811 1075 2852 qui
1112 2820 1130 2841 a
1153 2811 1279 2843 Jacobo
1305 2811 1438 2845 Genava
1461 2811 1649 2843 Londinum
1687 2813 1823 2843 vocatus
1858 2810 1907 2841 ibi

110 2867 244 2890 munere
268 2859 401 2890 functus
427 2862 478 2891 est
501 2859 682 2891 consiliarii
706 2859 803 2898 regis.
1824 2889 1825 2893 ,

227 2914 261 2958 2)
286 2926 363 2957 pag.
387 2913 442 2950 83.
494 2917 722 2950 Fundamenta
746 2916 951 2948 arithmetica
975 2918 1008 2946 et
1030 2917 1237 2956 geometrica,
1262 2925 1337 2948 cum
1362 2915 1539 2948 eorundem
1563 2925 1627 2947 usu
1650 2916 1686 2946 in
1702 2915 1803 2947 variis
1826 2922 1904 2955 pro·

112 2961 269 2994 blematis
293 2964 511 3003 geometricis,
535 2965 656 3003 partim
681 2964 751 2994 solo
769 2964 930 2995 linearum
948 2962 1058 3002 ductu,
1083 2963 1206 3003 partim
1230 2972 1289 3004 per
1311 2972 1466 2994 numeros
1491 2962 1702 2994 irrationales
1727 2964 1759 2992 et
1775 2961 1905 2992 tabulas

113 3007 244 3039 sinuum
269 3013 301 3040 et
324 3010 490 3049 algebram
514 3010 643 3042 solutis.
693 3010 843 3041 Authore
867 3008 1042 3049 Ludolpho
1074 3018 1093 3039 a
1118 3007 1241 3040 Ceulen
1265 3009 1559 3043 Hildesheimensi.
1609 3009 1635 3038 E
1668 3006 1843 3038 vernaculo
1868 3007 1904 3038 in

113 3048 268 3106 thinum
292 3056 456 3088 translata
473 3065 492 3087 a
516 3056 595 3091 wil.
623 3056 679 3089 Sn.
705 3055 743 3088 B.
772 3055 807 3088 F.
833 3054 1013 3099 (Rudolphi
1037 3054 1118 3101 filio)
1143 3054 1248 3095 Lugd.
1274 3055 1346 3087 But
1372 3053 1474 3089 1615.
1522 3054 1684 3087 Praefatio
1708 3052 1830 3094 scripta
1855 3056 1905 3085 est
