1994 3276
170 92 255 153 342'
850 108 1057 145 Ptolemaeis
1069 93 1276 146 Harmonia.

165 228 363 280 faciliora3
396 234 433 269 et
462 241 613 270 rursum
643 242 732 270 cum
762 242 833 283 ea,
863 242 964 281 quae
988 231 1084 268 visu
1113 230 1271 281 cognita
1301 235 1409 279 suut,
1443 230 1610 283 poeticis
1641 228 1964 282 descriptionibus

166 293 505 339 repraesentantur
535 288 587 328 ad
614 290 763 339 vivum,
793 294 838 327 ut
865 294 954 328 sunt
983 289 1170 328 fluctuum
1202 294 1382 339 aspectus
1422 295 1460 328 et
1488 289 1664 329 locorum
1694 289 1815 329 facies
1844 290 1964 328 situs-

174 359 249 398 que
281 353 320 386 et
349 359 504 398 pugnae
536 353 574 387 et
605 348 813 386 affectuum
844 348 964 389 animi
995 348 1291 386 constitutiones
1322 348 1571 398 subitaneae3
1602 347 1701 387 adeo
1723 347 1891 398 quidem,
1923 353 1966 386 ut

166 405 387 445 auditorum
427 407 546 444 animi
586 407 789 456 speciebus
825 412 1065 444 narratarum
1118 411 1155 444 et
1197 405 1477 456 descriptarum
1515 417 1643 446 rerum
1679 406 1966 446 conformentur

166 475 243 503 uon
274 475 407 513 secus,
440 475 486 503 ac
515 466 549 502 si
579 464 666 503 illas
698 476 826 504 coram
858 461 1228 515 intueremurXXW)
1267 486 1271 494 ι

158 584 161 588 ,
285 544 350 584 Sic
381 547 513 595 itaque
544 546 608 598 fit,
639 551 696 584 ιιι
725 545 802 585 (1υο
834 547 897 584 isti
929 557 1066 584 sensus
1103 556 1182 583 non
1212 556 1259 583 eo
1291 544 1436 594 solum,
1477 544 1581 595 quod
1614 548 1771 597 propria
1800 546 1965 597 quilibet

169 603 325 653 objecta
355 605 540 654 percipit,
581 604 649 643 sed
683 606 798 643 etiam
831 615 889 652 eo,
922 603 1026 653 quod
1059 605 1260 642 conserunt
1290 614 1428 653 operas
1466 608 1506 643 et
1535 609 1698 643 conatus
1728 599 1883 643 mutuos
1915 605 1965 644 ad

163 661 352 700 discenda
394 667 432 701 et
472 662 770 713 contemplanda
810 662 900 710 illa,
943 673 1044 712 quae
1085 662 1273 711 cujusque
1314 663 1472 712 propria
1503 663 1654 701 ratione
1696 663 1884 702 elaborari
1927 669 1967 702 et

166 720 351 770 compleri
383 721 547 769 debent,
580 726 623 759 ut
653 726 816 770 utroque
846 720 983 767 modo,
1015 721 1195 769 inquam,
1237 719 1442 771 plurimum
1472 719 1675 770 proficiant
1710 721 1760 760 ad
1791 721 1965 772 pulchri-

165 778 338 817 tudinem
370 786 408 817 οι
439 779 667 827 utilitatem,
700 781 833 829 sicque
864 790 941 817 non
971 780 1046 828 ipsi
1079 784 1240 827 tantum,
1272 778 1342 817 sed
1369 779 1486 817 etiam
1516 780 1713 828 scientiae,
1746 791 1845 829 quae
1875 785 1966 818 sunt

165 837 341 876 alterutri
370 837 605 884 familiares,
637 841 681 875 ut
711 847 890 887 quaeque
921 835 1076 876 illarum
1108 843 1167 875 est
1196 838 1347 874 ratione
1378 838 1545 875 maxime
1575 838 1793 889 particeps3
1816 837 1965 888 cnjus-

167 894 273 934 modi
305 900 364 933 est
396 908 442 934 ex
473 901 583 946 parte
616 895 773 946 quidem
804 897 913 933 visus
945 901 983 933 et
1012 899 1142 934 motus
1163 894 1299 934 localis
1331 906 1475 943 eorum,
1508 906 1609 945 quae
1630 898 1718 934 visu
1738 895 1824 935 solo
1855 907 1964 935 com-

164 948 567 1005 prehendi‘possunn
609 954 684 992 hoc
725 959 784 993 est
815 950 1041 992 coelestiu'm
1074 965 1295 1005 corporum,
1339 955 1595 1001 astronomia,
1635 966 1682 992 ex
1724 960 1834 1005 parte
1872 958 1964 994 vero

164 1013 427 1051 astronomiae
471 1017 511 1052 et
555 1012 800 1051 harmonices
832 1014 1013 1061 cognatio
1026 1009 1135 1064 XXV).
1199 1011 1366 1050 Auditus
1407 1017 1446 1050 et
1482 1018 1610 1051 motus
1649 1013 1787 1052 iterum
1828 1013 1964 1052 localis

164 1081 316 1118 eorum,
350 1082 451 1120 quae
482 1070 616 1109 auditu
650 1070 738 1110 solo
771 1064 1042 1120 comprehendi
1073 1075 1256 1120 possunt,
1289 1068 1364 1108 hoc
1395 1075 1683 1110 estsonorum:
1721 1071 1964 1121 harmoniae3

163 1129 301 1181 ambae
333 1129 490 1178 quidem
520 1130 703 1168 ministris
736 1134 775 1168 et
803 1130 1068 1167 instrumentis
1101 1130 1195 1167 citra
1220 1130 1524 1168 controversiam
1544 1129 1787 1168 arithmetica
1809 1135 1847 1168 et
1865 1142 1965 1179 geo-

162 1189 300 1225 metria
329 1199 446 1235 usae,
491 1188 540 1226 ad
571 1188 830 1239 quantitatem
862 1199 955 1242 vero
999 1192 1045 1226 et*
1068 1186 1298 1236 qualitatem
1328 1188 1539 1236 primorum
1579 1192 1755 1226 motuum
1789 1185 1963 1228 contem·

161 1245 358 1296 plaudam,
390 1246 644 1284 consobrinae
658 1243 770 1298 XXVI)
801 1250 839 1284 et
861 1240 968 1294 ipsae
991 1247 1212 1291 existentes,
1245 1245 1390 1294 quippe
1422 1245 1574 1284 duabus
1605 1252 1721 1285 natae
1754 1248 1963 1293 sororibus,

161 1305 250 1342 visu
282 1308 320 1342 et
351 1303 499 1352 auditu,
532 1318 555 1343 a
585 1303 798 1342 nutricibus
833 1315 923 1342 vero
955 1315 1001 1342 ex
1035 1304 1267 1359 cognatione
1297 1315 1369 1341 sua
1389 1306 1575 1353 proximis
1605 1304 1808 1354 educatae,
1839 1305 1965 1344 arith-

162 1364 304 1401 metica
333 1367 372 1401 et
402 1364 615 1413 geometria
630 1360 775 1413 XXVI¹)

275 1436 373 1488 N'ota
397 1453 496 1488 XXI.
545 1453 672 1488 Statim
705 1462 726 1487 a
751 1455 829 1487 tota
853 1450 1125 1497 mathematica,
1161 1451 1195 1485 in
1223 1460 1329 1495 quam
1367 1455 1591 1494 excurrerat,
1627 1462 1678 1487 se
1691 1428 1887 1498 recipiens,
1920 1453 1966 1490 ad

161 1484 303 1550 partem
329 1504 408 1549 ejus
433 1504 679 1540 harmonicam
703 1504 876 1550 paulatim
901 1503 1106 1546 revertitur,
1131 1503 1215 1539 dum
1242 1503 1399 1549 explicat
1424 1505 1515 1540 duos
1536 1515 1663 1540 sensus
1689 1499 1966 1542 mathematicae

160 1558 304 1604 quidem
328 1558 396 1593 toti
421 1557 644 1600 famulantes.
672 1558 736 1592 sed
761 1567 914 1601 quorum
938 1556 1030 1591 alter
1054 1555 1263 1590 harmoniae
1288 1556 1456 1601 proprius
1482 1558 1540 1603 sit,
1565 1559 1710 1601 auditus
1735 1559 1884 1605 scilicet,
1909 1570 1966 1595 ce-

158 1612 245 1648 teris
270 1612 364 1647 enim
391 1610 654 1646 mathematicis
680 1609 878 1658 disciplinis
903 1613 1045 1651 tantum¹
1074 1617 1141 1652 per
1165 1608 1334 1644 accidens
1359 1610 1485 1653 servit,
1520 1615 1672 1656 propter
1701 1611 1839 1653 scilicet
1862 1588 1965 1652 iirsti·⁴

156 1664 315 1700 tutiones
341 1663 469 1709 orales,
495 1673 588 1709 quae
616 1667 768 1708 possent
794 1663 903 1697 etiam
928 1672 993 1707 per
1020 1660 1133 1696 solam
1158 1661 1349 1696 lectionem
1374 1662 1464 1708 fieri,
1489 1668 1526 1698 at
1551 1664 1759 1699 harmonica
1775 1662 1966 1708 disciplina

161 1718 238 1753 sine
271 1717 397 1753 auditu
433 1717 548 1763 [quod
581 1717 756 1752 musicam
790 1716 937 1752 attinet.)
976 1714 1071 1749 tradi
1103 1714 1238 1759 nequit.
1295 1715 1494 1760 Propterea
1531 1715 1690 1750 ostendit
1723 1716 1982 1763 Ptolemaeus,

161 1769 341 1815 quomodo
374 1774 528 1814 uterque
563 1779 694 1804 sensus
728 1768 824 1804 circa
848 1772 986 1803 motum
1022 1768 1175 1803 localem
1212 1778 1314 1803 suam
1339 1769 1521 1814 propriam
1547 1768 1732 1805 scientiam
1763 1769 1967 1816 progignat,

159 1820 258 1857 visus
282 1822 550 1865 astronomiam,
582 1821 727 1856 auditus
752 1820 995 1856 harmonicen.
1046 1819 1154 1855 Certo
1180 1823 1301 1855 autem
1327 1820 1476 1855 consilio
1503 1820 1547 1856 de
1572 1821 1629 1856 his
1648 1820 1788 1858 duabus
1806 1822 1967 1859 scientiis

159 1872 361 1917 praefatur,
398 1874 609 1916 ostendens,
643 1874 823 1933 quomodo
849 1873 945 1909 circa
970 1883 1031 1908 eos
1058 1883 1185 1908 sensus
1220 1873 1364 1908 auditus
1390 1878 1426 1909 et
1451 1873 1549 1908 visus
1585 1873 1652 1908 sibi
1676 1874 1828 1910 invicem
1852 1875 1965 1912 famu-

159 1924 299 1970 lentur,
324 1924 463 1961 scilicet
486 1931 526 1962 ut
552 1927 610 1962 vel
635 1927 686 1962 sic
713 1926 834 1961 statim
858 1925 960 1960 initio
987 1930 1134 1969 gustum
1157 1925 1331 1969 praebeat
1364 1925 1548 1960 societatis
1572 1926 1761 1970 utriusque
1794 1927 1965 1963 scientiae
1992 1935 1994 1967 A

159 1976 197 2011 in
220 1976 496 2022 participatione
521 1978 796 2023 proportionum
821 1976 1111 2012 harmonicarum
1144 1981 1180 2011 et
1205 1976 1256 2012 sic
1282 1977 1462 2011 axiomata
1487 1972 1710 2023 praestruat,
1747 1977 1880 2023 quibus
1905 1979 1965 2015 de-

159 2032 353 2070 monstret,
388 2029 593 2065 harmonias
627 2030 665 2064 in
690 2029 790 2064 coelo
822 2039 911 2064 esse.
962 2028 1062 2063 Haec
1095 2029 1319 2076 discurrendi
1351 2030 1443 2065 ratio
1476 2028 1651 2065 lectorum
1676 2029 1858 2075 aliquibus
1892 2023 1964 2067 nori

160 2081 248 2116 satis
271 2080 375 2115 firma
407 2092 473 2116 nec
497 2082 656 2127 legitima
682 2087 717 2117 et
741 2082 860 2127 logica
885 2091 964 2116 esse
990 2080 1185 2126 videbitur,
1222 2082 1286 2116 sed
1322 2082 1467 2117 saltem
1476 2080 1690 2126 symbolica,
1725 2087 1761 2117 et
1794 2078 1972 2133 sequelae,-

161 2145 225 2169 seu
250 2135 466 2170 connexioni
496 2136 739 2180 qualicunque
770 2133 976 2169 fabularum
1001 2132 1195 2168 Ovidianae
1221 2134 1558 2178 Metamorphoseos
1593 2133 1752 2170 similior.
1803 2136 1849 2170 At
1883 2134 1964 2171 cmi

162 2187 209 2222 sit
231 2186 335 2222 locus
360 2197 426 2232 per
451 2198 490 2224 se
508 2187 692 2233 jucundus
718 2192 754 2222 et
778 2185 894 2230 utilis,
932 2186 1103 2229 detegens
1129 2186 1261 2220 artium
1285 2182 1619 2221 matliematicarum
1654 2197 1896 2248 sensuumque
1919 2189 1963 2225 iia

159 2239 428 2275 inservientium
446 2240 695 2285 cognationem
720 2239 813 2274 inter
838 2249 877 2274 se
900 2230 1044 2281 mutu'o,
1078 2238 1201 2274 lector
1215 2248 1351 2282 aequus
1377 2237 1495 2281 illam,
1531 2249 1749 2284 quacunque
1774 2240 1969 2278 occasionn

159 2292 396 2339 propositam,
424 2298 525 2338 grato
551 2293 668 2328 animo
693 2292 858 2337 accipiet.
907 2291 967 2325 Me
992 2291 1088 2335 quod
1113 2290 1253 2333 attinet,
1279 2290 1455 2335 explicavi
1479 2291 1558 2327 libr.
1583 2292 1647 2327 111.
1673 2302 1750 2348 cap
1775 2293 1808 2337 3,
1833 2293 1969 2347 quibu

161 2347 207 2382 de
231 2345 350 2382 causis
374 2346 412 2380 in
438 2345 600 2390 qualibet
623 2356 662 2381 re
687 2346 800 2380 totius
827 2343 984 2378 universi
1007 2343 1118 2378 insint
1143 2343 1350 2378 harmoniae
1374 2348 1411 2379 et
1435 2345 1614 2389 quomodo
1641 2346 1677 2380 in
1685 2335 1865 2390 singulis;
1891 2337 1965 2392 uqi

162 2398 301 2435 scilicet
324 2398 405 2434 ideo
433 2398 663 2442 singulariter
692 2397 818 2432 insunt
851 2395 888 2430 in
924 2399 1033 2430 cantu
1062 2395 1171 2439 inque
1206 2399 1306 2430 motu
1330 2396 1507 2441 siderum,
1543 2397 1627 2442 quia
1653 2398 1711 2433 hic
1735 2396 1866 2442 oculis,
1901 2397 1963 2451 ius

160 2451 307 2487 auribus
332 2450 539 2496 percipitur,
565 2450 629 2485 sed
647 2450 732 2495 quia
753 2448 944 2492 utrobique
961 2453 1078 2483 motus
1105 2452 1176 2492 est,
1198 2451 1351 2492 uterque
1376 2454 1544 2485 accurate
1569 2449 1785 2495 percipitur,
1802 2454 1963 2588 uterq}

161 2503 393 2549 dispensatur
419 2513 463 2537 ex
489 2502 636 2538 arbitrio
661 2501 808 2544 mentis,
847 2500 1052 2536 harmonias
1083 2499 1318 2545 intelligentis
1351 2505 1387 2535 et
1422 2501 1586 2537 amantis.
1636 2502 1685 2536 Et
1709 2501 1787 2536 visu
1818 2502 1926 2547 quide

159 2556 242 2601 lux,
280 2555 406 2591 auditu
432 2565 542 2589 sonus
566 2553 835 2599 percipiuntur,
872 2551 947 2587 illic
979 2563 1001 2587 a.
1026 2551 1216 2596 superficie
1243 2562 1432 2596 corporum
1466 2553 1616 2598 delapsa
1643 2553 1798 2597 species,
1833 2553 1892 2588 hic

159 2609 241 2654 ipsa
267 2607 492 2653 corpulentia
521 2616 657 2647 rerum,
697 2609 738 2640 ut
769 2608 853 2639 suut
883 2604 919 2638 in
944 2608 1046 2639 motu
1071 2605 1299 2639 constitutae.
1350 2606 1478 2650 Itaque
1510 2616 1555 2640 ex
1580 2605 1657 2640 visu
1696 2604 1856 2651 simplice
1888 2599 1958 2664 ndil

156 2661 361 2707 judicamus
387 2660 431 2695 de
455 2659 624 2704 internis,
663 2657 731 2692 nisi
756 2656 906 2692 accedat
940 2655 1163 2700 experientia
1188 2667 1307 2691 rerum
1331 2656 1553 2694 internarum
1588 2658 1633 2693 ab
1660 2657 1818 2696 externis
1853 2667 1922 2692 nex

161 2725 251 2758 rum,
278 2717 318 2747 ut
342 2723 387 2747 ex
413 2711 538 2747 auditu
562 2710 653 2753 soni,
681 2709 724 2744 de
748 2708 897 2743 internis
922 2707 1072 2743 facimus
1096 2709 1278 2753 propriam
1296 2709 1551 2754 conjecturam.
1601 2709 1717 2744 Aliter
1732 2710 1843 2755 igitur
1859 2721 1905 2745 au

163 2771 223 2801 tus
249 2765 294 2800 de
319 2769 428 2801 cantu
453 2768 628 2807 testatur,
668 2761 773 2796 aliter
796 2760 895 2795 visus
921 2759 966 2794 de
992 2758 1231 2795 coelestibus:
1270 2760 1323 2795 illi
1349 2772 1459 2797 sonus
1495 2762 1585 2797 facit
1612 2761 1782 2797 indicium
1805 2761 1955 2806 longitu-

165 2817 257 2853 dinis
283 2821 319 2852 et
341 2815 515 2852 tensionis
548 2790 762 2850 cho'rdarum
793 2816 860 2847 etc.
871 2839 879 2855 ,
918 2811 1047 2855 quibus
1081 2811 1308 2848 continentur
1339 2813 1567 2856 harmoniae,
1606 2812 1690 2848 huic
1719 2812 1856 2855 anguli
1893 2823 1909 2847 s

163 2870 294 2914 quibus
320 2868 491 2905 coelestia
516 2867 700 2912 videntur,
738 2875 811 2900 non
836 2863 994 2909 produnt
1019 2862 1176 2898 visarum
1202 2874 1321 2899 rerum
1347 2865 1604 2909 quantitatem,
1631 2863 1696 2906 sed
1721 2867 1760 2899 ut
1781 2864 1870 2899 haec
1895 2865 1949 2908 ba,

164 2921 312 2967 beatur,
344 2923 488 2967 oportet
512 2920 583 2956 alia
607 2919 714 2964 plura
738 2928 803 2962 per
826 2916 1056 2962 longissimas
1083 2916 1310 2953 inductiones
1336 2918 1519 2953 accedere.
1569 2916 1734 2953 Vicissim
1758 2922 1813 2952 est
1838 2918 1883 2953 ali
1932 2964 1942 2969 ἱ

164 2973 487 3013 horum,sensunm
514 2971 719 3015 similitud0‚
747 2980 853 3016 quam
877 2969 1055 3014 ignoravit
1079 2969 1322 3013 Ptolemaeus,
1347 2969 1453 3014 hujus
1479 2969 1548 3005 loci
1572 2971 1733 3016 propria,
1759 2971 1855 3016 quod
1879 2982 1896 3006 s

164 3024 307 3069 quidem
333 3030 368 3060 et
393 3030 520 3061 cantus
545 3026 721 3060 humanus
747 3022 872 3058 auditu
894 3020 1165 3066 percipiuntur,
1191 3026 1309 3056 motus
1324 3031 1421 3065 vero,
1449 3021 1616 3057 coelestis
1641 3021 1848 3058 harmoniae
1873 3033 1915 3058 su

162 3075 318 3122 jectum,
352 3078 431 3114 visu
457 3088 520 3112 seu
546 3076 666 3124 aliqua
698 3075 794 3113 visus
819 3073 970 3118 analoga
994 3073 1185 3118 facultate,
1226 3074 1318 3118 quac
1353 3073 1459 3109 sitin
1485 3074 1586 3119 Sole,
1626 3073 1756 3120 partim
1789 3073 1905 3110 etiam'
