1994 3276
881 77 1068 130 Aeolon*
1489 141 1493 143 ‚
1786 64 1874 131 4⁵⁵

80 200 262 244 naturali
288 205 330 241 et
354 202 568 252 conspicua
595 206 695 242 nota.
718 200 957 252 dispungas,-
972 199 1041 246 sed
1072 201 1111 248 in
1132 198 1402 255 dispungendo
1420 190 1527 244 mero
1547 205 1670 245 utaris
1698 184 1883 256 arbitrio,

85 259 181 299 mihi
210 265 341 311 partes
369 262 619 301 terminorum
656 262 755 300 inter
782 271 827 298 se
856 264 1167 311 comparatorum
1205 273 1274 312 per
1301 273 1345 301 se
1383 263 1511 313 ipsas,
1550 265 1635 303 siue
1665 264 1872 304 arbitraria

82 316 281 359 divisione
302 319 385 358 sint
413 320 659 368 conspicuae.
719 317 842 369 Igitur
870 317 946 356 hoc
967 319 1035 356 21.
1066 324 1186 365 textu,
1217 318 1311 358 dum
1338 319 1378 358 id
1396 322 1524 372 ipsum
1554 322 1698 372 incipio
1728 321 1872 374 dicere,

78 382 125 415 tu
152 375 410 417 stomacharis
440 376 564 416 veluti
592 388 709 427 super
736 377 1045 427 emporitanum
1073 389 1183 424 mea,
1219 379 1384 428 capique
1412 383 1450 417 te
1477 381 1537 418 ais
1567 379 1625 419 ad
1651 379 1871 432 defenden-

81 433 181 473 da!-
208 433 446 484 dham
475 436 743 485 quaternarii.
803 434 888 484 Ego
920 444 1032 481 vero.
1077 436 1150 473 etsi
1179 447 1255 474 non
1287 447 1447 486 possum
1477 437 1609 486 aliter,
1649 449 1766 488 quam
1798 450 1870 478 ve·

81 492 213 534 norati
238 494 437 543 mysteria,
469 504 570 542 quae
601 500 642 531 tu
674 492 738 533 hic
766 497 815 531 ex
843 491 1092 543 philosophia
1114 492 1380 544 Pythagorica
1409 496 1555 546 promis
1585 507 1709 546 exque
1729 497 1871 536 cabula

3 579 10 585 .
79 548 368 600 Hebraeorum,
411 562 490 588 non
520 553 701 590 existimo
729 558 860 590 tamen
891 557 928 589 te
958 556 1136 589 coactum
1166 562 1191 589 a
1221 563 1284 590 me
1313 554 1464 602 potius,
1502 564 1619 603 quam
1648 555 1868 603 invitatum,

44 639 49 661 ·.
78 619 150 646 nec
181 609 338 647 invenio
369 608 594 659 quidquam,
626 607 731 658 quod
761 609 1044 659 comparationi
1072 620 1183 648 meae
1213 609 1369 649 officiat.
1430 610 1500 649 Est
1537 612 1694 651 omnino
1725 624 1869 662 magna

79 667 316 717 quaternarii
348 666 540 716 dignitas,
578 674 619 705 ut
648 666 723 706 hac
750 677 828 705 non
858 667 1039 706 obstante
1076 668 1192 706 situm
1234 673 1365 707 tamen
1407 669 1445 706 in
1477 675 1546 708 tuo
1583 669 1658 708 fuit
1693 670 1868 723 arbitrio,

79 723 250 764 dividere
285 725 503 774 subiectum
545 724 707 775 aliquod
742 725 1011 764 harmonicum
1055 724 1118 764 vel
1158 727 1197 764 in
1236 732 1403 776 quatuor
1444 725 1508 764 vel
1547 728 1665 766 etiam
1705 729 1744 766 in
1776 730 1862 768 tria.

7 800 9 802 ·
80 782 168 821 Nou
203 783 308 822 enim
338 785 459 822 uteris
495 783 640 834 ubique
678 782 870 822 divisione
907 784 1173 832 quaternaria,
1216 782 1406 823 interdum
1445 785 1513 823 tibi
1545 784 1677 836 placet
1714 792 1755 825 et
1783 791 1865 826 ter-

80 842 201 888 naria,
233 846 277 880 nt
303 842 483 891 sequenti
514 848 622 880 textu
654 842 723 881 22.
753 840 893 880 indico.
956 839 1061 890 Quid
1089 843 1124 879 si
1155 852 1228 890 ego
1265 847 1395 880 tecum
1434 854 1480 880 cx
1512 845 1590 882 tuis
1626 845 1750 894 ipsius
1782 844 1866 883 dis—

80 905 216 948 putem
244 900 470 950 principiis?
529 900 590 937 Au
622 901 695 938 erit
722 898 817 938 mihi
847 897 1002 937 difficile
1033 899 1209 949 probare,
1240 904 1277 938 te
1307 899 1382 938 hac
1411 900 1570 950 quidem
1601 903 1687 941 vice
1714 914 1867 953 nequa-

76 968 194 1006 quam
208 958 426 1008 respexisse
446 960 568 1008 primo
589 957 640 996 ad
664 957 894 1007 dignitatem
915 958 1161 1006 quaternarii,
1194 956 1286 996 dum
1308 963 1475 1008 quatuor
1494 958 1638 1008 gradus
1659 962 1867 1011 opacitatis

76 1014 250 1062 exhibes,
280 1014 352 1054 sed
379 1015 601 1054 immediate
630 1015 680 1053 ad
711 1026 910 1053 numerum
941 1014 1221 1054 elementorum
1246 1016 1566 1066 quaternarium?
1623 1018 1724 1058 Nam
1746 1019 1865 1069 quid-

75 1072 169 1122 quid
207 1078 268 1112 est
302 1075 343 1111 in
379 1085 542 1113 excessu
578 1074 783 1123 opacitatis
814 1068 949 1111 'terrae
989 1084 1105 1123 super
1135 1075 1369 1124 opacitatem
1404 1086 1555 1125 aquae,
1595 1075 1637 1115 id
1666 1081 1760 1128 puto
1791 1078 1864 1116 tibi

78 1142 163 1169 esse
192 1130 359 1180 gradum
387 1138 582 1182 quartum,
612 1130 801 1181 quidquid
832 1130 918 1181 plus
950 1133 989 1168 iu
1007 1142 1113 1181 aqua
1141 1142 1259 1181 quam
1281 1133 1322 1170 in
1340 1134 1443 1179 aere,
1474 1134 1643 1181 tertium,
1673 1135 1866 1185 quidquid

76 1188 163 1239 plns
192 1190 234 1227 m
262 1191 353 1228 aere
381 1201 501 1240 quam
530 1192 568 1227 in
600 1191 711 1241 igue,
741 1188 972 1236 secundum,
1014 1190 1100 1239 ipsa
1127 1200 1222 1228 vero
1253 1190 1356 1238 ignis
1387 1191 1665 1232 tenebrositate
1700 1194 1865 1244 primum

75 1246 213 1285 definis
242 1246 417 1297 gradum.
474 1247 585 1286 Haec
616 1246 795 1296 equidem
827 1246 1021 1285 distinctio
1053 1252 1213 1286 naturae
1231 1248 1354 1297 ipsius
1383 1254 1454 1295 est,
1484 1250 1517 1287 si
1536 1251 1734 1300 ponimus,
1762 1262 1864 1301 qua-

77 1307 290 1345 ternionem
329 1306 438 1344 illum
478 1306 756 1344 elementorum
794 1306 863 1342 niti
903 1312 1064 1343 naturae
1102 1307 1314 1356 principiis.
1373 1305 1441 1345 Sic
1469 1309 1573 1346 enim
1610 1309 1728 1348 etiam
1757 1309 1863 1360 apud

78 1374 140 1402 me
173 1362 333 1404 diurnus
362 1364 544 1414 planetae
581 1370 711 1409 motus
740 1374 817 1401 non
849 1374 891 1401 se
922 1365 1027 1413 ipso,
1068 1362 1137 1401 sed
1169 1365 1459 1415 comparatione
1497 1365 1549 1404 ad
1577 1373 1725 1405 motum
1762 1367 1864 1406 alte-

72 1423 155 1459 rius
183 1427 312 1472 partes
342 1424 500 1460 sortitur
529 1428 707 1471 quatuor,
740 1427 831 1459 tunc
860 1421 1030 1469 scilicet,
1075 1433 1162 1460 cum
1194 1433 1376 1461 excessus
1406 1423 1521 1461 nnius
1551 1435 1668 1475 super
1697 1424 1863 1464 alterum

74 1484 132 1517 ter
170 1480 386 1518 continetur
427 1481 466 1518 in
505 1480 626 1518 altero
667 1485 813 1519 exacte.
877 1480 929 1517 At
968 1480 1138 1517 vicissim
1171 1482 1288 1519 etiam
1326 1481 1501 1531 expende
1539 1484 1710 1521 rationes
1740 1495 1862 1531 meas,

55 1538 217 1586 quibus
252 1537 353 1576 hanc
392 1540 689 1586 quaternitatem
727 1537 918 1586 graduum
954 1537 1139 1576 refellam.
1209 1537 1380 1577 Primum
1422 1538 1615 1579 elementa
1654 1551 1862 1591 corporum

73 1605 150 1633 non
180 1600 271 1634 snut
301 1603 486 1645 quatuor,
526 1597 661 1635 nititur
689 1606 873 1633 numerus
903 1597 976 1634 iste
1007 1595 1213 1634 Platonica
1251 1597 1379 1647 potius
1414 1597 1748 1647 symbolisatione,
1800 1599 1863 1639 vel

74 1653 322 1692 Aristotelica
351 1653 586 1702 qualitatum
624 1653 931 1700 combinatione,
972 1654 1046 1691 nisi
1077 1652 1171 1702 quid
1201 1653 1307 1692 aliud
1349 1655 1478 1703 ignem
1508 1655 1702 1704 dicamus,
1743 1668 1863 1706 quam

76 1709 198 1759 illum,
229 1712 296 1760 qui
325 1710 547 1761 depascitur
577 1722 749 1762 corpora.
807 1710 891 1748 Nec
921 1722 1009 1749 mea
1037 1717 1096 1748 est
1125 1713 1285 1750 novatio
1316 1712 1403 1759 ista,
1437 1715 1599 1762 negavit
1629 1713 1732 1752 idem
1763 1714 1863 1753 Car-

74 1767 199 1809 denus
233 1773 324 1808 ante
363 1780 426 1808 me
466 1768 653 1818 multique
691 1768 771 1806 alii.
842 1768 885 1806 Si
925 1770 1245 1819 compositionem
1287 1770 1529 1820 respicimus,
1583 1783 1631 1810 ex
1681 1778 1783 1819 terra
1823 1778 1865 1811 et

73 1837 179 1876 aqna
208 1831 387 1865 constant
415 1826 634 1865 artificialia
670 1827 876 1876 pleraque,
916 1834 975 1864 est
1002 1827 1069 1865 ubi
1100 1828 1217 1865 etiam
1249 1838 1295 1864 ex
1326 1829 1433 1875 ae're,
1475 1840 1524 1867 ex
1552 1830 1642 1879 igne
1677 1829 1774 1868 nihil
1803 1829 1861 1878 fit,

76 1884 144 1924 scd
179 1885 281 1933 ignis
316 1886 447 1924 omnia
483 1886 686 1923 consumit.
747 1883 1012 1933 Quaecunque
1050 1887 1217 1934 vestigia
1246 1886 1333 1934 quis
1374 1886 1475 1934 ignis
1515 1892 1730 1927 monstrare
1768 1888 1864 1927 velit

74 1943 115 1980 in
144 1941 404 1989 naualibus,
446 1954 493 1980 ea
524 1943 669 1981 formae
698 1944 829 1992 potius
858 1947 926 1980 aut
956 1944 1109 1981 animae
1139 1949 1249 1990 sunt,
1288 1954 1394 1993 quae
1425 1955 1502 1983 non
1533 1951 1594 1984 est
1627 1945 1862 1984 elementum

79 2011 306 2050 corporeum
348 2000 710 2053 vel-materiatum.
755 2006 797 2038 ut
835 2006 935 2038 terra
973 1999 1035 2038 vel
1073 2012 1188 2050 aqua.
1257 2000 1327 2039 Sin
1363 2013 1456 2040 vero
1497 2002 1547 2041 ad
1585 2003 1861 2043 resolutionem

77 2059 230 2097 venitur
265 2069 471 2108 corporum
501 2058 746 2104 naturalium,
773 2058 857 2108 jam
886 2057 1031 2096 dudum
1063 2059 1225 2106 Arabes,
1257 2058 1518 2108 chymicorum
1550 2066 1702 2098 tuorum
1733 2062 1861 2111 maj0-

74 2126 159 2163 res,
186 2111 276 2154 *tria
305 2123 549 2165 agnoverunt
577 2117 784 2166 principia:
819 2115 901 2163 sal,
939 2115 1102 2167 sulphur
1131 2123 1170 2154 et
1199 2118 1451 2165 mercurium,
1488 2125 1601 2169 puto,
1632 2130 1788 2157 sensum
1820 2121 1859 2157 in

77 2173 155 2212 hoe
184 2180 350 2212 secutos.
371 2176 599 2213 mercurium
631 2174 787 2220 dixisse,
819 2173 1003 2224 quicquid
1035 2174 1205 2215 exhalat.
1237 2174 1341 2224 quod
1363 2175 1566 2218 odoratum
1595 2182 1747 2224 movet;
1774 2177 1860 2215 sul-

75 2231 191 2282 phur,
223 2242 304 2279 quo
332 2234 503 2280 pascitur
532 2233 705 2280 flamma3
735 2231 812 2277 sal,
850 2232 956 2281 quod
987 2237 1077 2282 post
1108 2232 1448 2282 conflagrationem
1478 2233 1622 2272 residet
1651 2235 1688 2270 in
1720 2235 1860 2273 cineri-

75 2289 161 2327 bus.
221 2287 293 2326 His
324 2291 440 2338 igitur
469 2290 692 2328 auctoribus
723 2291 824 2339 ignis
855 2296 1029 2328 vastator
1060 2296 1130 2337 est,
1163 2289 1309 2328 divisor
1336 2296 1406 2338 est,
1438 2291 1647 2329 dissolutor
1668 2297 1736 2338 est,
1770 2304 1859 2342 pars

42 2370 49 2376 ·
77 2348 249 2397 eorporis
279 2346 384 2384 haud
414 2354 484 2386 est.
545 2347 671 2385 Multa
700 2349 739 2384 in
770 2347 873 2386 hanc
901 2349 1132 2386 sententiam
1164 2348 1351 2397 disputari
1381 2354 1558 2398 possent,
1598 2360 1699 2398 quae
1729 2354 1856 2388 tamen

77 2403 194 2453 hujus
222 2403 299 2442 loci
329 2411 494 2444 nonest
514 2398 702 2454 prolixius
723 2405 926 2454 explicare.
987 2404 1241 2454 Quaternario
1263 2406 1379 2453 igitur
1402 2406 1678 2445 elementorum
1698 2418 1858 2448 numero

77 2461 286 2512 dissipato,
326 2461 473 2500 deletur
512 2465 629 2501 etiam
668 2463 864 2500 distinctio
905 2464 979 2501 ista
1022 2462 1255 2512 qualitatum
1292 2474 1608 2513 quarumcunque
1647 2465 1686 2501 iu
1714 2465 1858 2514 gradus

79 2526 258 2568 quatuor.
321 2519 469 2559 Deinde
500 2522 566 2569 qui
596 2520 742 2570 gradus
770 2520 937 2569 alicujus
966 2520 1021 2559 rei
1051 2525 1238 2567 numerat,
1273 2520 1306 2557 is
1336 2532 1412 2558 non
1445 2521 1561 2559 debet
1589 2523 1629 2558 in
1659 2533 1859 2563 numerum

80 2577 221 2615 referre
263 2577 323 2614 vel
354 2579 599 2625 negationem
636 2580 690 2616 rei
721 2589 876 2629 puram,
916 2577 979 2615 vel
1016 2577 1206 2617 infinitum
1237 2579 1448 2628 quippiam.
1512 2579 1564 2617 At
1601 2581 1640 2619 in
1669 2579 1731 2617 his
1768 2582 1857 2628 tuis,

0 2662 4 2665 >
78 2634 264 2681 Roberte,
305 2634 491 2683 gradibus
529 2635 643 2674 video
682 2637 720 2673 in
760 2641 861 2674 terra
890 2637 1135 2685 negationem
1170 2635 1271 2674 lucis
1299 2648 1459 2684 meram,
1504 2637 1750 2676 obscuritatis
1777 2640 1857 2679 vim

78 2691 266 2729 infinitam
310 2698 349 2731 et
391 2691 637 2731 illimitatam.
700 2693 788 2731 Hoc
833 2693 988 2744 perinde
1034 2700 1109 2740 est,
1148 2705 1195 2731 ac
1238 2695 1272 2731 si
1312 2696 1399 2743 quis
1444 2694 1605 2740 diceret,
1651 2687 1859 2743 cujus'libet

79 2749 206 2788 lineae
236 2754 313 2787 tres
344 2761 429 2787 esse
460 2756 601 2799 partes,
632 2757 817 2799 punctum
846 2752 957 2799 initii,
989 2752 1131 2789 lineam
1163 2754 1286 2801 ipsam
1316 2756 1355 2789 et
1386 2758 1567 2802 punctum
1598 2752 1724 2790 finale.
1783 2754 1858 2792 At„

85 2819 161 2856 que
201 2807 318 2855 hujus
359 2807 531 2845 defectus
558 2808 837 2846 consessionem
876 2809 997 2848 veluti
1028 2809 1224 2858 quandam
1259 2809 1448 2847 habemus
1486 2811 1525 2846 in
1556 2811 1641 2859 ipsa
1682 2811 1856 2851 oratione

81 2871 172 2912 tna,
214 2876 300 2902 cum
331 2866 389 2902 ais
418 2869 570 2902 terram
602 2877 757 2913 parum
788 2867 849 2904 vel
876 2867 979 2905 nihil
1006 2867 1150 2905 habere
1176 2867 1334 2917 formae
1372 2878 1441 2904 seu
1470 2867 1568 2904 lacis
1607 2867 1785 2917 vivificae
1810 2871 1857 2908 in

82 2934 132 2960 se.
194 2922 326 2960 Tertio
366 2924 400 2960 si
445 2922 654 2970 qualitates
693 2924 799 2973 ipsas
827 2935 1046 2972 sumamus,
1088 2926 1241 2974 ineptae
1272 2923 1362 2961 illae
1392 2925 1637 2963 invenientur
1673 2925 1724 2964 ad
1753 2926 1857 2968 hunc

84 2981 382 3028 quaternarium.
442 2979 484 3017 Si
526 2980 651 3018 lucem
691 2982 908 3029 intuemur,
940 2982 1047 3020 nulla
1077 2982 1145 3020 lux
1173 2986 1231 3019 est
1267 2982 1306 3018 in
1342 2983 1430 3020 aere
1468 2983 1586 3020 insita
1621 2987 1659 3020 et
1688 2986 1853 3035 propria,

6 3030 14 3043 ¹
83 3037 190 3076 nulla
218 3039 257 3076 in
286 3048 413 3087 aqua,
451 3036 557 3075 nulla
587 3039 626 3075 in
656 3043 779 3087 terra;
817 3041 850 3077 si
880 3039 1203 3090 pelluciditatem‚
1243 3049 1290 3078 ea
1332 3039 1370 3076 in
1400 3039 1555 3081 aethere
1585 3042 1753 3082 maxima
1782 3047 1852 3093 est,
