1994 3276
764 113 875 151 uber
897 114 940 151 V.
965 114 1083 160 Caput
1103 114 1149 150 X.
1766 116 1852 163 325

63 228 178 271 cedat
205 228 278 270 Sol
301 230 498 271 sensibilis
529 231 680 272 Mariae
706 232 788 272 fluo
817 232 938 273 fllium
963 233 1074 272 illum
1093 231 1184 285 Dei,
1219 244 1335 283 quem
1354 232 1520 273 Proclus
1537 232 1751 284 alloquitur
1778 233 1852 273 suh

62 287 216 328 Titani·
242 290 414 338 nomine,
442 286 646 341 ζωαρκεος,
674 306 709 331 ω
730 288 817 336 uim,
848 305 964 343 πηγης
990 289 1111 335 αὐτος
1139 289 1238 343 έχων
1266 293 1414 341 nanda.
1445 297 1484 331 et
1501 291 1584 340 ilia,
1614 305 1743 331 nana
1760 306 1850 342 τεης

64 344 236 397 iniquae
255 344 486 399 ε’μρσυοοιο
515 362 713 399 aponum,
743 353 784 389 et
812 348 919 400 illam
949 354 1183 401 potestatem
1211 349 1441 388 immensam
1468 363 1651 399 μοιραων,
1682 355 1722 388 et
1750 360 1853 400 quae

64 405 104 442 in
133 403 243 444 nulla
271 404 518 457 philosophia
546 405 775 457 legebantur
801 413 893 447 ante
934 406 1284 459 promulgationem
1318 406 1521 457 Evangelii
1532 404 1600 462 ¹⁵),
1642 406 1854 447 daemonas

64 461 315 503 formidantes
342 464 473 502 minax
503 463 608 504 illius
636 464 845 516 flagellum,
876 452 1089 505 daemonas
1117 465 1323 504 animabus
1352 465 1591 514 insidiantes,
1622 463 1732 517 ὄφρα
1760 463 1853 517 {vtpa-

63 534 196 566 πνους
223 522 408 563 &avemo
437 535 585 572 πατρος
611 537 853 576 inmensos·
881 522 1027 575 αῧληςς
1065 527 1105 562 et
1134 525 1221 573 quis
1250 524 1325 562 nisi
1356 524 1518 563 verbum
1547 525 1668 575 patris
1698 528 1759 563 est
1786 523 1853 564 ille

65 593 175 618 em
202 593 428 632 manaurae
458 584 574 629 θεον,
615 577 664 621 οὗ
700 596 886 632 omenes·
926 580 990 623 ἀπ’
1024 577 1202 633 ἆῤῥητον
1230 595 1429 633 γενετηρος
1457 595 1635 622 παυσατο
1661 595 1855 634 morzano„

62 634 279 688 ὀρνμαγῦος
305 634 360 677 s'n’
383 633 647 687 ἀλληλοιση’
631 653 774 685 aanor,
804 640 1016 680 secundum
1046 638 1167 678 illud.
1198 639 1319 678 Terra
1339 645 1423 678 erat
1451 639 1558 678 rudis
1578 639 1851 691 indigestaque

64 693 186 735 mdes
204 699 246 734 et
261 695 444 735 melitae
463 707 581 747 super
598 696 738 737 faeiem
757 698 902 750 abyssi,
933 704 973 738 et
1001 697 1136 736 divisit
1155 697 1265 737 Deus
1293 697 1420 736 lucem
1450 709 1474 736 a
1504 697 1684 746 tenebris,
1714 709 1842 749 aquas

63 752 116 792 ah
143 753 277 802 aquis,
317 764 424 793 mars
453 754 505 793 ab
533 754 667 803 arida3
694 761 767 802 ‚et:
803 759 934 796 omnia
972 768 1042 808 per
1078 757 1204 807 ipsum
1235 755 1408 794 Verbum
1449 756 1552 795 sacta
1590 761 1693 796 sunt.
1753 755 1852 806 Quis

65 811 141 849 nisi
171 809 293 851 Jesus
319 811 557 860 Nazarenus,
589 812 667 852 Dei
694 813 816 862 filins,
847 823 983 867 ψυχων
1010 812 1243 866 ἅπαγωγευς,
1274 819 1408 865 pastor
1437 815 1665 862 animarum,
1697 815 1759 853 cui
1792 815 1854 854 ot*-

63 867 367 920 temdum„
394 871 672 921 πολυδακρως,
702 877 747 911 ιιι
774 884 847 912 nos
877 878 1017 924 purget
1035 883 1060 911 a
1080 873 1251 923 peccatis
1281 883 1407 922 exque
1437 871 1619 911 sordibus
1647 878 1759 912 eruat
1785 887 1854 923 της

63 928 245 979 γηεθλης
270 928 404 977 (quasi
432 930 583 979 peccati
613 930 814 980 originalis
840 932 1013 971 fomitem
1042 928 1241 981 fateretur)
1271 935 1310 968 et
1339 942 1363 968 a
1393 931 1530 981 poenis
1559 930 1751 981 malisque
1782 942 1854 970 cu-

62 983 228 1032 stodiat,
258 999 435 1036 πρηυκη
462 989 563 1025 θοοτ
593 984 697 1035 ὀμμα
723 992 843 1040 Rani-3,
875 989 1022 1030 scilieet
1051 990 1146 1027 iram
1168 987 1326 1028 Patris?
1357 994 1396 1026 et
1427 999 1528 1038 quae
1555 988 1638 1028 alia
1668 988 1777 1027 velut
1806 1000 1853 1027 ex

63 1042 208 1093 hymno
237 1042 450 1084 Zachariae
479 1043 681 1095 depromta
709 1046 884 1097 legimns,
915 1052 970 1096 (an
995 1053 1096 1092 igitur
1120 1051 1263 1090 hymnus
1284 1051 1354 1083 ists'
1393 1059 1467 1091 pars
1506 1054 1575 1083 orat
1597 1050 1813 1096 Μητρφαιιης
1824 1051 1854 1094 τ)

58 1099 199 1152 Ἀχλυν
226 1098 495 1148 inconsonans·
523 1101 795 1154 ὀλεσιμβροτοτ
832 1105 1090 1158 lolozemov„
1114 1107 1159 1143 nt
1196 1115 1250 1143 sc.
1282 1103 1488 1142 animabus
1525 1105 1772 1143 versantibus
1812 1106 1854 1143 in

63 1158 232 1199 mebris
261 1163 303 1199 et
329 1160 466 1200 umbra
506 1161 642 1200 mortis
683 1161 751 1202 det
778 1178 882 1214 φαος
910 1160 1024 1217 ἅγιον
1051 1168 1091 1202 et
1120 1159 1239 1210 ὄλβον
1266 1160 1550 1213 ἀστυφελικτον
1577 1159 1641 1201 ἀπ’
1677 1161 1852 1214 ενσεβιης

62 1214 273 1269 Speratum
295 1216 335 1256 id
354 1219 455 1257 enim
476 1224 536 1258 est
553 1220 698 1259 serviro
715 1220 833 1261 Deo
821 1235 861 1262 ιιι
881 1223 1088 1262 sanctitate
1108 1226 1148 1259 et
1163 1220 1319 1269 justitia
1339 1220 1517 1259 omnibus
1537 1218 1676 1259 diebus
1695 1222 1851 1260 nostris

178 1273 293 1315 Haec
333 1276 451 1326 igitur
490 1282 530 1317 et
566 1277 711 1317 similia
751 1290 987 1332 seponamus
1027 1291 1100 1318 nos
1137 1278 1221 1327 jam
1260 1277 1387 1328 adque
1418 1277 1633 1317 doctrinam
1664 1279 1853 1319 ecclesiae

67 1330 315 1381 Catholicae,
360 1334 473 1384 cujus
501 1340 593 1374 sunt
620 1339 798 1387 propria,
841 1340 1094 1378 remittamus.
1157 1335 1278 1386 CuJus
1315 1347 1408 1375 vero
1446 1347 1567 1375 causa
1607 1337 1855 1388 potissimum

64 1389 169 1460 faeta
197 1396 259 1430 est
286 1393 431 1432 mentio
460 1393 606 1444 hymni,
637 1393 677 1432 id
707 1396 920 1436 νίᾶεειιιιιι.
985 1394 1159 1434 Eundem
1189 1396 1291 1433 enim
1322 1393 1454 1433 Solem
1484 1395 1551 1444 qui

173 1444 351 1500 M?
377 1447 558 1502 ἁρμονιης
585 1447 689 1503 ῥνιια
719 1455 905 1494 πλουσιοτ
934 1453 1143 1506 ἓξοχετευει
1173 1455 1242 1498 (sic
1270 1455 1379 1490 etiam
1410 1453 1577 1499 Orpheus
1617 1467 1747 1497 κοσμου
1789 1469 1851 1491 τω

63 1508 270 1554 imp-mv
291 1513 426 1556 ὅρομω
448 1513 592 1557 ἕλκοι),
615 1510 792 1561 eundem,
815 1512 862 1552 de
883 1514 993 1564 cnjus
1013 1514 1196 1563 prosapia
1210 1509 1396 1549 oriundus
1415 1509 1600 1549 Phoebus
1619 1507 1799 1563 κιθαρῃ“
1779 1525 1855 1552 mro

63 1567 234 1605 θοωωλα
252 1567 408 1613 uelum*
437 1565 582 1614 εὖναζει
604 1585 699 1621 μεγα
718 1586 818 1618 mma
841 1573 976 1622 βαρυᾳ
982 1571 1147 1618 λοισβοιο
1168 1570 1359 1621 γενεθλης,
1381 1573 1422 1607 et
1441 1571 1551 1614 cujus
1571 1568 1677 1608 chori
1698 1575 1872 1608 consors·

64 1628 125 1663 αι
149 1633 297 1673 paean,
334 1625 482 1674 πλησας
519 1622 700 1677 ἁρμονιης
729 1643 932 1679 umanum
925 1644 997 1674 mg
1027 1626 1146 1678 nium
1174 1641 1324 1674 κοομοτ,
1355 1626 1518 1664 eundem
1547 1628 1709 1676 inquam
1731 1628 1856 1677 primo

63 1676 195 1720 statim
222 1680 355 1732 hymni
384 1684 576 1738 versiculo
605 1686 751 1725 salutat
779 1701 849 1736 πυ(
841 1703 900 1731 ος
927 1702 1063 1726 νοεοου
1091 1687 1267 1734 βασιλεα.
1335 1683 1423 1732 Quo
1456 1683 1615 1723 exordio
1646 1685 1761 1724 simul
1790 1686 1855 1723 in-

65 1737 190 1786 dicat,
227 1738 324 1789 quid
350 1724 586 1791 Pythagorei
615 1743 689 1782 sub
719 1745 820 1793 ignis
851 1744 1046 1784 vocabulo
1091 1743 1353 1782 intellexerint
1381 1740 1440 1794 (ut
1470 1743 1610 1780 mirum
1639 1745 1702 1791 sit,
1735 1742 1855 1781 disci-

65 1797 202 1848 pulum
230 1808 256 1836 a
283 1798 477 1847 magistris
506 1801 546 1838 in
576 1802 695 1840 centri
724 1801 837 1846 loco,
886 1802 990 1853 quod
1021 1802 1094 1852 ipsi
1124 1800 1209 1840 Soli
1240 1799 1409 1847 dabant,
1456 1799 1696 1853 dissentire),
1735 1800 1852 1839 simul

65 1860 191 1894 totum
218 1853 404 1906 hymnum
433 1869 458 1896 a
488 1868 646 1908 corpore
667 1858 771 1898 Solis
801 1860 962 1911 ejusque
984 1859 1185 1911 qualitate
1218 1858 1316 1905 lnce,
1347 1857 1567 1905 sensilibus,
1598 1858 1649 1897 ad
1679 1858 1856 1898 intellec-

69 1911 193 1952 tualia
217 1913 423 1966 transfert,
452 1921 490 1954 et
520 1915 576 1954 illi
604 1929 678 1957 suo
707 1932 799 1968 πυρα
827 1933 947 1969 ωεωρ
979 1916 1082 1972 (igni
1110 1916 1209 1956 forte
1229 1915 1448 1955 Stoicorum
1477 1914 1651 1970 artifici),
1681 1917 1740 1955 illi
1759 1916 1856 1955 Pla-

68 1971 170 2010 tonis
198 1972 260 2025 sni
289 1977 419 2011 creato
451 1974 548 2020 Deo,
580 1976 699 2014 menti
730 1977 891 2026 principi
921 1987 991 2015 seu
1021 1990 1235 2025 ιντονομῳ,
1273 1973 1406 2012 sedem
1435 1975 1581 2024 regiam
1620 1977 1659 2012 in
1697 1987 1856 2025 corpore

68 2027 174 2068 Solis
201 2022 441 2079 assignavit,
474 2038 687 2072 ereaturam
717 2038 757 2072 et
785 2043 895 2081 eum,
924 2046 995 2085 per
1025 2045 1141 2083 quem
1171 2033 1302 2071 omnia
1331 2036 1459 2071 creata
1486 2038 1589 2080 sunt,
1621 2033 1858 2072 confundens

5 2138 11 2147 .
68 2088 108 2125 in
136 2097 268 2126 unum.
329 2087 382 2126 At
411 2099 482 2127 nos
512 2090 744 2139 Christiani,
774 2091 912 2131 melius
943 2092 1184 2142 distinguere
1216 2089 1345 2137 docti,
1379 2091 1461 2142 aoyr
1460 2106 1490 2128 ν
1518 2090 1628 2129 illum
1658 2097 1857 2130 aeternnm

70 2149 111 2184 et
138 2146 362 2193 iuuenum,
393 2148 461 2196 qui
490 2153 572 2187 erat
601 2163 696 2199 προς
724 2163 793 2188 τον
820 2153 927 2199 θεον,
958 2156 998 2189 et
1030 2152 1097 2200 qui
1116 2148 1233 2187 nullis
1262 2147 1421 2186 sedibus
1451 2149 1678 2195 continetur,
1710 2160 1851 2198 quam·

23 2218 26 2220 ·
70 2203 133 2241 vis
161 2203 214 2240 sit
242 2204 342 2240 intra
370 2206 512 2253 omnia,
543 2206 660 2245 nullis
690 2207 922 2255 excluditur,
954 2209 1134 2258 quamvis
1163 2209 1247 2257 ipse
1278 2211 1387 2244 extra
1417 2207 1559 2254 omnia,
1591 2208 1734 2245 scimus
1764 2217 1852 2244 car-

23 2262 160 2304 }Jnem
190 2270 237 2299 ex
267 2265 377 2299 utero
406 2261 706 2311 gloriosissimae
738 2264 908 2314 Virginis
937 2265 1085 2304 Mariae
1114 2267 1154 2303 in
1184 2266 1371 2302 unitatem
1402 2275 1591 2313 personae
1620 2266 1851 2314 suscepisse,

20 2328 29 2360 i
72 2323 112 2358 et
140 2324 407 2357 consummato
435 2323 560 2360 carnis
589 2324 825 2371 ministerio,
858 2323 1012 2371 coelos,
1044 2325 1083 2361 in
1114 2323 1257 2372 quibus
1288 2326 1327 2359 et
1356 2328 1468 2372 pater
1496 2321 1686 2369 coelestis,
1720 2322 1853 2361 excel-

20 2378 21 2381 ’
71 2376 167 2416 lenti
196 2374 481 2424 quodammodo
511 2391 602 2430 prae
634 2383 769 2419 ceteris
799 2381 928 2419 mundi
961 2382 1156 2432 partibus,
1189 2391 1256 2430 per
1286 2379 1449 2427 gloriam
1479 2379 1629 2417 seilicet
1658 2384 1696 2417 et
1726 2380 1853 2429 maje-

16 2439 212 2510 {sutem
242 2432 418 2472 habitare
447 2439 678 2486 agnoscitur,
710 2438 840 2477 sedem
859 2443 1005 2488 regiam
1037 2449 1248 2487 occupasse
1269 2438 1464 2486 etiamque
1494 2438 1576 2475 suis
1605 2436 1784 2475 fidelibus
1812 2439 1853 2475 in

0 2498 31 2560 ᾗῇ
72 2491 143 2531 illa
170 2492 286 2531 domo
315 2493 434 2540 patris
462 2496 523 2531 sui
553 2497 772 2535 mansiones
794 2508 878 2535 esse
908 2497 1144 2546 pollicitum:
1177 2494 1224 2533 de
1254 2499 1383 2533 cetero
1414 2505 1530 2543 super
1557 2493 1627 2532 illa
1659 2494 1752 2534 sede
1782 2506 1853 2534 cu-

0 2562 37 2658 1Ῑῇ
50 2594 289 2655 δἰι’“οειιιειιι·ιε,
334 2607 439 2656 quod
468 2609 601 2649 oculus
629 2622 706 2650 non
737 2611 853 2659 vidit,
894 2614 998 2651 auris
1036 2623 1114 2651 non
1153 2610 1303 2649 audivit
1343 2615 1383 2648 et
1412 2612 1449 2647 in
1482 2621 1548 2648 cor
1576 2610 1745 2648 hominis
1773 2621 1851 2649 non

58 2667 267 2715 ascendit,
306 2676 587 2714 supervacuum
616 2670 905 2719 existimamus3
948 2675 1114 2709 mentem
1154 2680 1246 2707 vero
1289 2673 1457 2706 creatam
1473 2697 1485 2718 ,
1529 2673 1852 2717 quantaecunque

73 2553 214 2591 riosius
249 2548 396 2598 aliquid
435 2551 623 2600 inquirere
663 2565 877 2604 sensusque
915 2554 979 2593 vel
1011 2554 1179 2592 rationes
1208 2552 1406 2590 naturales
1436 2551 1488 2590 ad
1518 2551 1557 2589 id
1587 2551 1851 2601 indagandum

31 2724 39 2779 }
75 2727 128 2764 sit
155 2725 225 2763 illa
253 2724 515 2775 prastantiae,
561 2724 734 2764 Creatori
764 2739 834 2766 sno
878 2730 1015 2766 merito
1044 2727 1294 2777 subjicimus,
1336 2736 1408 2763 nec
1440 2725 1544 2763 Deos
1574 2724 1852 2775 intelligentias

56 2794 165 2822 >cum
184 2780 391 2821 Aristotele
422 2786 461 2819 et
490 2781 731 2832 philosophis
760 2785 981 2834 gentilibus,
1013 2797 1086 2824 nec
1106 2786 1309 2835 spirituum
1338 2782 1641 2832 planetariorum
1662 2785 1853 2823 exereitus

40 2844 42 2846 ’
75 2839 375 2879 innumerabiles
412 2850 499 2877 cnm
544 2838 672 2888 Magis
706 2841 1003 2891 introducimus,
1048 2841 1316 2881 adorandosve
1352 2846 1420 2878 aut
1462 2839 1669 2888 theurgicis
1714 2853 1853 2892 super-

33 2898 302 2955 ,V-stitionibus
331 2896 382 2935 ad
411 2902 586 2934 mutuum
615 2900 883 2937 commercium
912 2900 1119 2940 exciendos
1148 2899 1416 2950 proponimus,
1446 2897 1523 2935 hoc
1553 2897 1758 2947 diligenter
1783 2910 1852 2938 oa-

79 2961 227 3004 ventes‚
254 2955 337 3005 jam
365 2965 479 3004 porro
501 2954 626 3004 qualis
656 2966 764 2994 mens
794 2967 971 3008 quaeque
999 2960 1061 3006 sit,
1090 2957 1317 3008 praesertim
1346 2957 1477 3003 siqua
1505 2956 1544 2992 in
1576 2955 1691 2995 corde
1718 2957 1852 2996 mundi

171 3055 205 3100 ⁸)
229 3059 359 3091 Similia
380 3060 490 3088 tanim
517 3057 676 3088 nonnulla
699 3057 829 3099 Orpheo
853 3060 1073 3091 vetustissimo
1097 3063 1129 3090 et
1153 3068 1256 3099 prope
1280 3057 1385 3088 Mosis
1408 3058 1548 3098 aequali,
1572 3062 1731 3098 tanqua-m
1752 3060 1851 3101 ltuJus

0 3094 2 3102 ²
84 3103 246 3146 discipulo
270 3106 460 3138 tribuuntur
483 3103 572 3145 apud
596 3103 740 3135 Suidam.
791 3104 876 3136 Vide
900 3108 932 3136 et
954 3106 1094 3145 hymnos
1117 3105 1250 3146 Orphei,
1274 3105 1309 3135 in
1334 3113 1416 3144 quos
1441 3104 1574 3146 scripsit
1596 3104 1744 3138 Proclus.
