1988 3276
674 103 997 142 Denonstntione.
1043 102 1153 139 Liber
1174 102 1204 138 1.
1748 100 1830 144 105

51 237 162 274 mm,
190 225 262 268 scd
289 227 331 264 in
360 224 653 275 quinquangulo
682 223 780 271 duo,
811 224 850 261 in
880 221 1113 274 septangulo
1141 226 1243 269 tres,
1274 222 1314 258 in
1343 217 1567 271 nouangulo
1596 225 1765 272 quatuor
1793 225 1833 259 et

52 286 110 324 sic
138 288 441 335 cousequenter:
475 294 576 321 unns
604 283 706 322 enim
735 280 847 319 valor
876 286 937 320 est
967 280 1047 326 Bc,
1077 279 1179 319 alter
1207 279 1292 327 BD,
1322 281 1460 319 tertius
1479 279 1559 318 BE.

164 339 220 381 Ut
251 342 370 392 igitur
410 345 614 391 appareat,
654 339 729 379 hoc
767 350 893 390 genus
932 333 1206 388 investigandi
1227 337 1350 376 latera
1391 337 1539 388 figurae
1577 337 1695 388 plane
1736 336 1834 375 nihil

52 408 252 439 comune
287 398 432 438 habere
473 410 561 437 cum
596 397 881 437 definitionibus
920 398 1080 445 uostris,
1120 407 1279 434 numero
1317 395 1357 440 1,
1388 395 1449 444 11,
1480 395 1553 434 111.
1583 396 1829 446 praemissis,

51 457 206 497 notabis
232 457 377 507 primo,
418 456 512 506 quid
538 455 764 507 profiteatur
793 455 889 495 haec
919 456 1068 494 cossica
1103 454 1291 492 subtensa
1320 453 1485 504 Byrgii‘?
1543 453 1732 492 Nimirum
1759 452 1836 491 hoc

53 516 124 555 illa
148 514 369 566 profitetur,
409 516 443 552 si
473 515 755 554 constituantur
783 520 931 564 septem
972 514 1068 551 inter
1096 523 1140 551 se
1170 513 1351 551 continue
1380 511 1690 562 proportionales
1718 513 1759 549 in
1788 522 1836 550 ea

52 574 318 625 proportione,
359 583 476 622 quam
505 572 624 612 habet
650 572 755 611 latus
784 570 1003 622 septanguli
1040 569 1091 608 ad
1120 570 1449 609 semidiametrum
1479 570 1630 618 circuli,
1673 579 1835 620 quarum

51 630 398 682 proportionalium
436 631 562 680 prima
599 631 651 669 sit
686 632 813 680 ipsum
847 627 1069 680 septanguli
1108 628 1230 667 latus:
1268 634 1360 667 tunc
1395 633 1545 678 septem
1574 629 1719 678 primas
1749 638 1836 667 cum

52 694 201 740 septem
229 690 375 739 quintis
406 687 631 727 tantundem
662 688 824 735 efficere,
855 692 1041 738 quantum
1066 687 1118 725 14
1149 687 1283 725 tertias
1313 697 1401 726 cnm
1430 697 1511 725 una
1538 688 1715 736 septima.
1746 684 1835 724 Hoc

53 747 313 786 enunciatum‘
336 746 493 796 quidem
535 750 595 786 est
635 747 910 795 geometricum
946 751 985 784 et
1025 744 1346 796 demonstrabile,
1386 755 1463 783 non
1493 746 1620 783 minus
1650 755 1767 794 quam
1796 744 1837 781 in

53 805 335 855 superioribus,
381 803 536 854 quando
566 803 869 843 demonstratum
899 804 992 850 fuit,
1036 802 1196 853 planum
1227 802 1427 852 octanguli
1455 814 1542 842 esse
1572 813 1727 850 meson,
1770 807 1838 840 aut

52 862 158 902 latus
185 862 425 912 dodecagoni
455 873 541 901 esse
572 861 736 911 alicujus
777 862 902 900 lineae
932 866 1153 912 apotomen.
1212 861 1299 899 Illic
1333 862 1435 899 enim
1466 860 1514 900 de
1541 860 1661 911 plano
1691 867 1760 898 aut
1790 859 1836 898 de

52 921 159 960 linea
195 920 343 972 aliquid
380 920 675 968 enunciabatur,
720 920 786 958 hic
826 920 874 959 de
911 921 1160 970 proportione
1197 919 1386 958 linearum
1417 918 1567 969 aliquid
1597 919 1836 958 enunciatur.

55 979 110 1017 At
137 979 239 1017 sicut
266 989 344 1017 nen
374 978 517 1017 sufficit
546 977 639 1016 mihi
669 977 720 1016 ad
750 979 950 1017 scientiam
971 976 1082 1017 etad
1112 978 1437 1017 mensurationem
1468 976 1586 1028 plani,
1616 977 1713 1015 scire
1743 975 1837 1014 illud

55 1048 142 1076 esse
169 1047 315 1083 meson,
345 1047 423 1074 non
443 1035 495 1075 ad
514 1035 639 1076 lineae
658 1038 996 1083 mensurationem,
1027 1036 1124 1074 scire
1144 1035 1248 1086 quod
1270 1035 1339 1074 illa
1368 1037 1420 1074 sit
1441 1034 1608 1084 alicujus
1636 1039 1837 1086 apotome:

56 1106 144 1133 cum
180 1099 223 1133 et
256 1093 399 1133 multae
436 1095 514 1132 sint
550 1093 792 1144 huiusmodi,
833 1099 871 1133 et
907 1089 1113 1143 descriptio
1154 1105 1201 1132 ex
1240 1092 1313 1132 hac
1342 1095 1481 1132 notitia
1518 1093 1691 1143 generali
1719 1091 1837 1140 nulla,

56 1154 252 1202 quantitas
279 1151 386 1202 plani
418 1151 481 1191 vel
509 1150 635 1192 lineae
664 1151 773 1191 nulla
790 1158 895 1191 certa
925 1158 965 1191 et
985 1152 1239 1190 determinata
1258 1156 1425 1200 eruatur,
1456 1151 1525 1191 sed
1556 1155 1840 1201 consequantur

56 1209 323 1249 tantummodo
358 1210 434 1249 hac
470 1209 691 1249 affectiones
730 1216 845 1249 antea
886 1211 1116 1249 constitutas
1158 1215 1197 1249 et
1233 1208 1447 1260 descriptas
1484 1211 1739 1260 quantitates:
1783 1209 1841 1248 sic

57 1269 176 1306 etiam
204 1267 268 1306 hic
295 1278 373 1306 nou
402 1267 554 1314 sufficit,
586 1274 629 1305 ut
658 1269 790 1314 sciam,
822 1267 916 1318 quid
935 1269 987 1307 sit
1005 1269 1186 1317 futurum,
1217 1268 1328 1307 factis
1359 1273 1507 1319 septem
1537 1269 1717 1307 continue
1746 1278 1840 1318 pro·

58 1325 341 1376 portionalibus
370 1327 408 1362 in
438 1329 697 1376 proportione,
730 1338 845 1376 quam
875 1326 1062 1370 desidero,
1093 1325 1162 1364 sed
1192 1337 1279 1364 cum
1311 1338 1396 1366 eam
1425 1326 1713 1377 proportionem
1741 1336 1841 1364 non·

58 1384 149 1422 dum
178 1383 345 1423 habeam
382 1382 462 1422 ullo
500 1385 732 1433 geometrico
774 1390 862 1422 actu
901 1384 1152 1435 descriptam,
1193 1384 1288 1422 illud
1319 1385 1437 1435 igitur
1465 1384 1755 1434 exspectabam,
1798 1389 1842 1422 ut

58 1443 146 1492 quis
173 1452 237 1480 me
266 1440 423 1480 doceret
459 1443 566 1492 prius
604 1441 709 1480 illam
744 1444 1032 1492 proportionem
1063 1443 1307 1482 constituere.
1367 1442 1433 1482 Sic
1462 1444 1564 1482 enim
1594 1443 1633 1479 in
1664 1441 1841 1480 omnibus

60 1500 281 1550 praemissis
309 1499 442 1549 figuris
471 1499 730 1550 praecedebat
759 1500 984 1551 descriptio,
1015 1501 1225 1550 inscriptio,
1258 1500 1527 1540 determinatio
1556 1505 1684 1540 certae
1714 1511 1842 1551 quan-

59 1559 183 1596 titatis
211 1562 415 1607 certusque
444 1563 555 1596 actus
584 1560 852 1607 geometricus,
884 1570 962 1608 quo
993 1558 1238 1608 perficeretur
1257 1558 1353 1598 haec
1378 1559 1670 1606 determinatim
1700 1569 1842 1608 seque·

59 1617 175 1655 batur
202 1614 357 1654 demum
386 1616 549 1654 scientia
577 1617 854 1666 proprietatum
885 1616 1048 1664 illarum,
1080 1628 1182 1666 quae
1212 1617 1407 1656 faciebant
1437 1617 1487 1656 ad
1517 1617 1843 1668 comparationem

59 1676 160 1714 inter
186 1685 230 1712 se
256 1672 476 1722 figurarum.

93 1732 101 1737 “
175 1729 230 1770 Ut
258 1730 397 1769 clarius
427 1737 615 1781 appareat
644 1730 846 1770 discrimen
877 1732 1077 1781 utriusque
1106 1733 1181 1779 rei,
1219 1732 1420 1770 videamus
1450 1732 1750 1782 pentagonicum
1778 1730 1841 1770 la-

59 1795 136 1837 tus,
167 1789 279 1839 cujus
308 1787 548 1827 describendi
577 1788 714 1827 modus
744 1790 783 1826 in
812 1789 1075 1839 superioribus
1106 1789 1168 1828 hic
1197 1796 1290 1838 erat,
1321 1795 1366 1829 ut
1395 1789 1613 1839 conjunctis
1644 1789 1843 1840 quadratis

60 1846 227 1895 duobus,
254 1857 335 1885 uno
363 1846 654 1894 semidiametri,
686 1846 806 1885 altero
836 1847 921 1896 ejus
951 1846 1134 1886 dimidiae
1164 1849 1308 1898 partiS,
1338 1849 1379 1886 in
1408 1848 1570 1886 formam
1600 1847 1842 1898 quadratam,

59 1905 110 1944 ab
140 1900 259 1955 liujus
286 1903 464 1954 quadrati
507 1905 627 1943 latere
655 1905 891 1944 auferremus
929 1904 1125 1943 dimidiam
1163 1911 1313 1956 partem
1350 1906 1646 1954 semidiametri,
1686 1906 1843 1946 relictae

60 1963 187 2001 lineae
218 1961 448 2012 quadratum
478 1974 627 2001 rursum
666 1974 752 2000 cum
793 1962 986 2013 quadrato*
1021 1962 1298 2002 semidiametri
1328 1966 1582 2015 compositum
1612 1966 1652 2002 in
1681 1964 1842 2004 formam

60 2020 319 2069 redigeremus
349 2020 601 2072 quadratam,
641 2021 756 2070 hujus
797 2033 834 2059 n.
866 2021 1045 2071 quadrati
1074 2021 1176 2059 latus
1206 2023 1288 2061 fore
1319 2020 1420 2061 latus
1449 2023 1672 2073 pentagoni.
1731 2022 1843 2061 Haec

61 2079 191 2117 omnia
219 2082 328 2117 erant
357 2078 462 2116 factu
482 2085 521 2118 et
539 2078 741 2129 possibilia
771 2084 809 2117 et
838 2079 1013 2118 faciliora
1033 2091 1149 2129 quam
1180 2079 1295 2127 dictu,
1325 2085 1370 2118 ut
1398 2087 1550 2128 norunt,
1582 2082 1648 2131 qui
1681 2082 1843 2119 circinos

61 2140 240 2174 tractant.
301 2134 404 2184 Quid
433 2148 470 2173 n.
501 2137 669 2184 facilius,
710 2149 827 2186 quam
862 2142 1006 2176 rectum
1036 2137 1221 2187 angulum
1252 2137 1371 2177 GAM
1401 2136 1508 2191 (Fig.
1541 2136 1587 2192 8)
1617 2139 1765 2186 facere,
1805 2143 1843 2177 et

64 2195 103 2231 in
135 2193 220 2243 ejus
249 2193 421 2231 cruribus
462 2196 615 2243 signare
653 2199 713 2246 utx
735 2194 844 2233 lubet
874 2195 955 2233 AM
985 2195 1146 2245 ejusque
1177 2195 1335 2246 duplam
1365 2196 1462 2244 AG,
1502 2202 1540 2235 et
1579 2198 1706 2247 posito
1742 2196 1842 2247 pede

62 2252 197 2290 circini
225 2261 303 2288 uno
333 2252 371 2288 in
401 2250 459 2302 M,
487 2252 609 2291 altero
640 2254 677 2290 in
709 2252 746 2291 G
777 2259 955 2301 extenso,
985 2253 1152 2292 scribere
1181 2255 1366 2293 circulum
1396 2254 1478 2302 GP,
1509 2257 1734 2293 continuata
1762 2254 1842 2292 MA

62 2311 103 2347 in
131 2309 177 2357 P,
209 2307 374 2357 denique
403 2308 472 2347 GP
503 2310 644 2348 circino
674 2304 1010 2363 comprehendere,
1040 2316 1079 2350 et
1107 2312 1148 2348 in
1178 2312 1295 2350 alium
1326 2312 1520 2360 circulum,
1553 2313 1663 2362 cnjus
1684 2311 1756 2351 GA
1777 2324 1843 2352 se-

60 2367 313 2412 midiameter,
343 2367 510 2405 inferre?

177 2425 231 2462 At
261 2422 349 2461 vide
378 2435 495 2472 nuuc,
541 2424 634 2474 quid
663 2426 776 2463 nobis
815 2425 862 2464 de
898 2425 1019 2464 latere
1060 2428 1319 2475 pentagonico
1358 2427 1463 2465 dieat
1492 2439 1604 2466 cossa
1632 2428 1841 2478 Byrgiana.

61 2481 137 2521 Illa
154 2480 336 2520 methodo
367 2483 470 2531 prius
491 2482 657 2521 deducta
675 2483 803 2533 prodit
823 2495 1022 2522 numerum
1054 2481 1224 2522 5¹—5m
1248 2487 1292 2530 4-
1323 2483 1371 2522 lv
1401 2486 1605 2535 aequalem
1634 2486 1843 2524 subtensae

62 2539 180 2588 nulli3
218 2538 260 2576 id
297 2544 356 2577 est
406 2540 438 2576 si
469 2542 636 2589 quinque
667 2541 761 2579 fiant
791 2541 924 2580 ordine
956 2543 1138 2580 continuo
1167 2543 1495 2592 proportionales,
1527 2555 1690 2593 quarum
1718 2545 1843 2593 prima

63 2600 114 2636 sit
142 2597 246 2635 latus
273 2598 504 2646 pentagoni,
543 2600 741 2648 proportio
773 2611 865 2638 vero
908 2601 958 2637 sit
986 2599 1074 2646 illa,
1114 2612 1214 2650 quae
1252 2606 1311 2639 est
1347 2601 1477 2640 lateris
1514 2602 1762 2651 pentagonici
1791 2600 1843 2639 ad

63 2655 408 2703 semidiametrum,
449 2660 540 2692 tunc
582 2658 749 2706 quinque
786 2658 929 2707 primas
966 2668 1052 2696 cum
1089 2669 1168 2696 uua
1206 2660 1342 2707 quinta
1381 2659 1461 2697 sore
1501 2659 1687 2708 aequales
1725 2660 1841 2708 quin-

63 2724 139 2762 que
167 2714 303 2751 tertiis.

29 2819 33 2823 Ι
177 2769 355 2816 Rursum,
386 2774 429 2807 nt
458 2770 496 2805 in
525 2770 766 2819 septangulo,
795 2784 871 2810 non
901 2771 1015 2810 docet
1043 2773 1274 2811 constituere
1294 2774 1514 2811 continuam
1542 2773 1840 2823 proportionem,

63 2828 103 2865 in
133 2839 210 2876 qua
239 2827 313 2866 hoc
341 2827 420 2873 fiat,
451 2838 523 2865 nec
552 2829 727 2876 exprimit
746 2829 1026 2879 longitudinem
1055 2830 1400 2880 proportionalium
1430 2841 1498 2880 per
1516 2835 1606 2869 ante
1637 2835 1744 2883 nota,
1772 2832 1840 2870 sed

65 2884 188 2931 docet,
222 2897 270 2923 ea
297 2886 517 2932 constituta,
548 2896 648 2933 quae
677 2894 859 2934 sequatur
889 2887 1053 2926 affectio.
1095 2887 1245 2927 Jubeor
1264 2889 1381 2937 igitur
1408 2894 1695 2938 repraesentare
1723 2889 1842 2929 affec-

65 2943 227 2991 tionem,
270 2942 349 2981 fore
380 2944 502 2989 enim,
545 2947 589 2980 ut
618 2941 783 2981 babeam
812 2950 851 2983 et
879 2946 1178 2995 proportionem.
1236 2946 1290 2983 At
1320 2945 1514 2994 quomodo
1543 2947 1838 2995 repraesentabo

66 2999 331 3050 affectionem,
361 3011 438 3049 quo
468 3006 556 3038 actu
587 3001 850 3048 geometrico?
907 3002 1024 3040 Nullo
1053 3003 1131 3042 alio
1161 3002 1202 3040 id
1232 3003 1372 3041 doceor
1400 3003 1548 3051 facere,
1580 3014 1695 3053 quam
1725 3016 1839 3044 usur-

65 3057 195 3106 pando
223 3058 520 3107 proportionem,
553 3068 669 3106 quam
690 3069 854 3108 quaer05
883 3061 1112 3109 principium
1140 3061 1284 3110 petitur
1302 3066 1341 3099 et
1368 3062 1484 3100 miser
1512 3060 1735 3111 calculator,
1767 3063 1839 3103 de-
