1994 3276
152 191 170 228 1
179 191 202 228 7
209 190 231 228 6
856 186 911 222 De
935 185 1234 231 Proper-tionibus

147 306 187 343 in
217 304 292 344 hac
322 304 517 343 cantilena
546 302 735 355 ligaturas
774 305 960 356 respicias
991 303 1226 355 syllabarum
1256 302 1373 357 (laud
1401 317 1457 344 an
1490 312 1590 355 patr
1620 304 1699 360 tor)
1729 316 1872 357 easque
1903 313 1946 347 ut

147 364 306 402 bisonas
338 362 570 412 consideres,
601 368 692 402 tunc
722 364 760 401 in
793 374 840 402 ea
871 361 991 414 ἁγωγη
1022 374 1126 401 mera
1157 369 1195 402 et
1226 375 1322 414 pura
1352 364 1460 403 nulla
1490 366 1573 404 erit.
1634 367 1688 403 At
1717 367 1750 404 si
1779 378 1946 417 perpen-

150 421 232 470 das,
264 422 460 460 rusticano
491 431 596 460 more
626 421 782 470 factum,
815 427 857 459 ut
887 433 935 460 ex
965 432 1073 468 sono,
1107 423 1171 471 qui
1203 421 1428 472 productius
1461 428 1543 462 erat
1574 423 1782 473 canendus,
1822 424 1944 463 factus

148 481 197 518 sit
228 481 388 518 bisonus
420 483 627 530 assurgens
657 481 696 516 in
726 479 815 528 fine,
847 485 885 518 et
915 479 948 517 si
977 478 1138 529 syllabis
1171 480 1275 518 hisce
1306 479 1521 531 simplicem
1540 492 1679 519 sonum
1699 483 1940 532 productmu,

150 539 215 588 qui
258 543 315 576 est
353 537 545 587 ligaturae
585 539 750 587 primus,
791 539 996 583 restituas,
1040 538 1215 576 invenies
1255 549 1391 589 puram
1422 536 1568 591 ἀγωγην
1609 541 1646 577 in
1678 540 1738 579 his
1769 538 1947 594 (Pascalt

150 594 323 648 laudes),
364 598 456 635 item
488 594 745 648 (immolent),
785 597 876 634 item
907 594 1179 648 (Christiani),
1218 598 1310 635 item
1340 595 1555 649 (Innocens
1580 597 1709 651 patri)
1749 605 1788 636 et
1818 599 1946 637 brevis

151 656 190 692 in
223 652 421 708 (catores),
454 656 577 705 πλοκη
609 666 701 693 vero
733 666 859 701 mera,
891 653 982 691 licet
1012 665 1087 691 uon
1119 655 1325 703 naturalis,
1358 661 1417 694 est
1446 657 1484 692 in
1517 656 1694 708 exemplo
1725 656 1900 696 'Pureico

266 711 601 762 Quemadmodum
632 714 749 762 igitur
779 724 821 750 se
851 712 970 750 habet
1000 711 1169 751 sceleton
1204 713 1253 751 ad
1287 718 1424 763 corpus
1456 714 1560 764 apud
1591 716 1850 764 anatomicos,
1892 716 1948 753 sic

151 783 193 810 se
223 771 367 809 habent
398 772 437 807 in
479 781 556 809 uno
588 775 797 821 systemate
839 775 1001 809 octavae
1033 773 1119 808 soni
1149 773 1308 810 consoni
1349 777 1387 810 et
1426 773 1525 810 inter
1555 784 1596 812 se
1634 777 1672 811 et
1703 784 1789 811 cum
1819 773 1947 812 radice

149 828 212 868 vel
242 829 327 868 basi
369 834 534 868 octavae
577 828 627 868 ad
657 830 781 879 ipsam
822 828 1027 867 melodiam
1068 841 1135 867 seu
1180 835 1347 869 cibutum
1409 829 1518 869 Sicut
1548 832 1650 869 enim
1681 841 1770 870 caro
1812 831 1945 883 implet

151 889 259 926 sinus
289 888 434 929 ossium
467 898 590 937 eaque
621 888 740 926 vestit
769 885 818 925 ad
849 887 1038 934 decorem,
1072 889 1126 926 sic
1158 887 1232 926 hae
1262 894 1393 937 partes
1424 883 1638 928 recensitae
1673 890 1832 939 impleut
1862 902 1949 928 sce-

151 946 256 984 leton
297 950 479 994 octavae,
523 947 748 995 praesertim
780 943 900 997 ἀγωγη
941 951 978 983 et
1021 960 1193 994 πεττεια,
1235 954 1475 996 pererrantes
1515 947 1603 986 loca
1633 947 1810 997 dissona,
1852 950 1949 986 inter

156 1015 345 1043 consonos
377 1015 494 1042 sonos
526 1004 752 1053 interiecta,
784 1005 1023 1042 conformant
1054 1008 1091 1041 et
1123 1005 1234 1054 quasi
1266 1010 1470 1055 corporant
1500 1005 1719 1044 melodiam.
1782 1039 1787 1044 .

270 1062 322 1100 II.
356 1061 453 1101 Cum
483 1067 621 1101 cantus
653 1062 832 1101 definitur
863 1064 928 1108 sie,
961 1061 1066 1111 quod
1098 1062 1319 1101 exordiatur
1348 1075 1373 1101 a
1404 1061 1506 1103 cert'o
1537 1063 1708 1114 quodam
1738 1075 1847 1113 sono,
1882 1066 1957 1114 qui>

127 1138 154 1142 >·
226 1153 568 1160 .-...-.-.-
909 1153 1283 1159 ——-—
1334 1118 1441 1161 basis
1483 1118 1534 1160 sit
1572 1123 1794 1179 systematis
1839 1129 1949 1161 octa-

152 1152 1285 1258 {³ssQ--3
1335 1192 1419 1227 vae,
1450 1179 1490 1217 id
1520 1192 1596 1218 non
1618 1191 1770 1231 semper
1790 1179 1837 1219 de
1859 1187 1948 1219 actu

1121 1234 1284 1274 -ΞΞ-
1334 1238 1719 1288 estintelligendum3
1741 1250 1827 1277 cum
1849 1241 1949 1277 enim

156 1295 324 1334 delectet
355 1296 526 1337 varietas
557 1300 594 1334 et
625 1297 770 1334 serviat
801 1295 996 1345 emphasi,
1029 1296 1257 1346 saepissime
1288 1297 1396 1335 velut
1428 1307 1475 1335 ex
1506 1297 1671 1347 abrupto
1700 1298 1837 1347 incipit
1865 1309 1949 1336 me-

155 1353 262 1392 lodia
290 1365 314 1391 a
345 1353 446 1395 clavi
479 1352 540 1392 vel
570 1353 658 1392 loco
689 1354 784 1403 alio,
825 1359 1020 1404 potestate
1053 1358 1181 1393 tamen
1217 1354 1519 1404 subintelligitur
1555 1356 1783 1406 principium
1822 1355 1949 1404 quod-

155 1414 260 1463 piam
291 1417 435 1450 certum
464 1411 665 1461 positum,
688 1412 792 1462 quod
830 1424 876 1451 ex
907 1417 989 1451 toto
1021 1412 1211 1451 melodiae
1241 1417 1366 1452 tractu
1407 1413 1576 1462 undique
1609 1415 1806 1462 enitescit,
1837 1418 1881 1452 ut
1912 1415 1949 1450 in

156 1471 231 1510 hoc
260 1471 522 1509 vetustissimo
554 1469 785 1510 Germanico
815 1471 928 1510 facile
960 1470 1197 1521 intelligitur,
1233 1472 1306 1510 etsi
1337 1475 1427 1511 actu
1456 1482 1481 1510 a
1510 1471 1539 1510 d
1566 1471 1635 1510 fiat
1665 1473 1840 1522 initium,
1883 1483 1950 1511 ra-

161 1529 283 1567 dicem
314 1533 444 1567 tamen
475 1540 560 1568 esse
594 1527 640 1567 G.

270 1585 343 1624 111.
375 1586 546 1625 Similem
578 1586 696 1626 habet
727 1587 1014 1637 exceptionem,
1060 1586 1164 1636 quod
1198 1592 1334 1626 cantus
1365 1583 1552 1636 regularis
1592 1586 1732 1634 dicitur
1763 1599 1849 1627 cum
1879 1600 1952 1626 sua

161 1660 251 1697 τονῃ
282 1644 345 1683 vel
376 1659 530 1697 πεττειᾳ
562 1645 758 1687 collimare
800 1645 850 1683 ad
880 1645 967 1684 loca
997 1656 1168 1683 consona
1204 1645 1324 1684 radici
1367 1651 1543 1684 octavae.
1603 1645 1704 1684 Nam
1733 1646 1951 1696 frequenter

157 1702 230 1741 hae
260 1707 389 1753 partes
418 1705 457 1741 in
490 1705 618 1742 medio
648 1702 833 1753 longioris
872 1703 1069 1742 melodiae.
1095 1707 1220 1742 tractu
1251 1708 1452 1742 versantur
1493 1705 1595 1742 circa
1623 1704 1711 1743 loca
1741 1703 1897 1743 dissona
1927 1717 1951 1743 a

156 1763 280 1811 prima
308 1760 456 1810 radice;
487 1762 556 1801 sed
586 1762 624 1800 id
655 1762 698 1800 fit
727 1763 926 1800 varietatis
958 1773 1077 1800 causa
1108 1767 1243 1812 estque
1274 1762 1442 1813 perinde,
1475 1773 1521 1800 ac
1550 1764 1583 1799 si
1613 1763 1731 1812 priori
1759 1762 1950 1801 melodiae

158 1831 260 1858 nova
290 1819 459 1858 melodia
488 1822 723 1868 misceretur,
758 1820 868 1870 cujus
899 1822 937 1857 in
969 1820 1126 1859 dissono
1158 1821 1224 1858 illo
1255 1831 1401 1858 novum
1432 1820 1628 1870 quoddam
1664 1820 1844 1870 figeretur
1873 1822 1951 1858 ini-

157 1879 265 1924 tium,
298 1882 366 1916 aut
395 1889 539 1917 novum
569 1880 787 1929 signaretur
818 1883 981 1917 octavae
1013 1879 1196 1917 sceletou.
1258 1879 1326 1916 Est
1355 1877 1464 1917 velut
1494 1889 1676 1917 excursus
1706 1881 1744 1916 in
1777 1880 1950 1918 oratioue

158 1948 227 1975 seu
258 1935 465 1985 digressio,
509 1938 639 1987 itaque
672 1948 747 1976 non
780 1947 1059 1975 commoramur
1087 1938 1127 1974 in
1158 1937 1321 1985 talibus,
1363 1936 1431 1975 sed
1472 1938 1547 1975 cito
1578 1938 1804 1976 revertimur
1844 1937 1952 1975 velut

159 1994 209 2032 ad
240 1994 453 2048 principale
491 1995 672 2034 sceleton.
737 1994 786 2032 Et
827 1994 1010 2044 quamdiu
1054 1996 1153 2033 circa
1193 1995 1350 2033 dissona
1382 1999 1557 2032 versatur
1587 2010 1677 2046 τονη
1716 2001 1753 2033 ct
1784 2010 1949 2044 πεττεια,

159 2051 423 2101 intelligimus,
455 2056 608 2091 cantum
637 2052 809 2092 nondum
838 2053 956 2101 finiri3
987 2064 1075 2090 nam
1106 2054 1145 2090 in
1175 2054 1260 2103 ipso
1291 2064 1384 2091 vero
1414 2052 1487 2090 fine
1518 2052 1755 2092 redeundum
1786 2057 1844 2092 est
1873 2065 1949 2091 non

160 2117 311 2149 tantum
341 2110 391 2148 ad
421 2122 604 2160 consona,
636 2111 862 2161 regulariter
894 2110 1068 2161 quidem,
1099 2110 1168 2149 sed
1200 2112 1316 2149 etiam
1346 2110 1395 2149 ad
1426 2112 1548 2161 ipsam
1580 2113 1757 2162 propriae
1789 2115 1951 2155 octavae

159 2168 339 2207 radicem.
401 2168 462 2206 Ab
502 2169 576 2208 hac
605 2169 875 2208 articulatione
907 2173 1042 2207 cantus
1084 2173 1121 2206 et
1152 2169 1395 2206 affectatione
1427 2171 1763 2208 consonantiarum
1783 2168 1950 2208 'veteres

161 2229 276 2266 etiam
308 2226 526 2277 simplicem
558 2233 713 2266 cantum
743 2227 982 2265 harmoniam
1013 2226 1155 2264 dixisse
1188 2226 1388 2294 videntur,
1419 2220 1634 2266 non'secus
1665 2233 1781 2277 atque
1812 2227 1951 2266 decens

161 2290 199 2324 et
229 2290 343 2335 aptus
373 2286 631 2324 membrorum
660 2296 889 2334 responsuS,
931 2296 1030 2334 quae
1061 2284 1205 2323 formae
1235 2285 1364 2323 anima
1395 2289 1478 2334 est,
1519 2285 1721 2324 harmonia
1751 2285 1950 2333 diceretur,

163 2346 274 2394 quasi
302 2342 570 2393 pulchritudo,
601 2344 673 2382 fuit
703 2345 805 2383 enim
836 2348 874 2382 et
904 2343 1069 2381 feminae
1098 2354 1238 2381 nomen
1269 2342 1495 2381 Harmonia.

275 2401 346 2440 IV.
379 2400 491 2450 Quod
531 2400 675 2454 ἀγωγην
705 2403 863 2449 attinet,
905 2412 952 2439 ea
990 2412 1139 2439 rursum
1169 2401 1279 2439 varia
1310 2406 1388 2450 est;
1430 2412 1506 2439 non
1538 2412 1688 2452 semper
1719 2402 1820 2440 enim
1862 2406 1951 2439 actu

163 2460 294 2499 omnia
322 2459 411 2497 loca
452 2461 654 2510 inter-Jecta
683 2460 841 2512 transit,
879 2459 947 2498 sed
986 2470 1102 2509 saepe
1143 2459 1328 2497 transsilit
1363 2459 1495 2509 aliqua
1535 2459 1713 2515 saltuque
1744 2459 1862 2498 fertur
1903 2460 1953 2496 ab

162 2529 240 2556 una
271 2516 321 2557 ad
348 2524 629 2557 consonantem
659 2517 739 2567 illi;
771 2522 907 2567 estque
937 2522 1028 2555 tunc
1059 2517 1144 2555 sola
1173 2522 1366 2567 potestate
1389 2516 1531 2569 ἀγωγη,
1563 2521 1602 2555 et
1631 2518 1710 2556 fere
1739 2529 1845 2556 mera
1867 2531 1952 2556 πετ-

165 2591 247 2615 τεια
277 2575 342 2614 vel
371 2588 477 2626 τονης
521 2577 586 2625 qui
617 2587 700 2614 mos
733 2580 791 2614 est
820 2576 1150 2624 frequentissimus
1180 2579 1398 2613 nostrorum
1429 2576 1662 2627 tubicinum,
1699 2587 1786 2614 cum
1815 2573 1954 2613 classi-

165 2645 254 2673 cum
285 2637 353 2672 aut
382 2635 617 2672 incentivum
659 2639 837 2683 equestre
866 2633 1134 2680 modulantur,
1177 2637 1267 2671 tunc
1297 2635 1396 2671 enim
1437 2634 1515 2672 sere
1546 2633 1640 2671 nihil
1680 2634 1753 2671 nisi
1783 2631 1952 2672 sceleton

167 2696 330 2731 octavae
361 2691 536 2741 auditum
567 2693 697 2741 cogita
727 2703 775 2731 an
803 2690 919 2740 hujus
949 2692 1099 2741 generis
1129 2690 1243 2728 fuerit
1273 2691 1338 2730 ille
1369 2696 1544 2730 veterum
1575 2699 1686 2738 νομος
1715 2689 1860 2741 ὄρθιος.

280 2750 330 2789 V.
364 2749 462 2788 Cum
503 2752 713 2789 concinnus
753 2753 888 2788 cantus
929 2753 1078 2788 constet
1118 2749 1198 2786 suis
1229 2748 1452 2798 elementis,
1492 2760 1592 2799 quae
1623 2754 1713 2787 sunt
1749 2747 1953 2788 intervalla

169 2809 378 2856 concinna,
409 2810 574 2860 primum
605 2809 673 2846 illa
702 2811 792 2846 sunt
822 2806 1037 2845 definienda
1068 2808 1297 2846 accuratius.

280 2867 439 2916 Duplici
468 2878 636 2916 namque
667 2877 782 2905 sensu
812 2864 989 2904 dicuntur
1018 2864 1224 2903 intervalla
1255 2867 1446 2905 concinna
1474 2864 1539 2904 vel
1562 2865 1802 2903 inconcinna.
1863 2862 1951 2900 Pri-

168 2934 273 2962 mum
302 2920 404 2964 enim
435 2925 642 2964 intervalla
672 2925 831 2963 seorsim
861 2922 1015 2972 singula
1059 2927 1234 2971 respectu
1266 2929 1370 2962 ortus
1401 2924 1462 2961 sui
1506 2924 1691 2961 concinna
1722 2922 1784 2960 vel
1815 2921 1952 2959 incon-

169 2983 281 3020 cinna
311 2982 498 3030 dicuntur,
530 2982 598 3021 illa
628 2982 794 3033 quidem,
826 2992 927 3031 quae
956 2985 1094 3018 natura
1124 2980 1293 3019 admittit
1325 2984 1363 3019 in
1387 2981 1643 3030 divisionibus
1663 2978 1950 3018 intervallorum

171 3050 447 3089 consonorum,
479 3040 575 3079 haec
606 3053 720 3093 vero,
760 3051 859 3091 quae
890 3051 935 3078 ex
968 3040 1321 3088 comparationibus
1352 3039 1688 3077 consonantiarum
1717 3049 1796 3075 non
1825 3035 1957 3074 resul-

170 3102 272 3143 tant,
314 3097 440 3136 aliena
469 3110 623 3149 prorsus
665 3099 713 3137 ab
745 3098 984 3145 harmonice,
1021 3102 1064 3134 ut
1107 3097 1337 3147 explicatum
1379 3108 1460 3146 cap.
1493 3098 1531 3134 4.
1592 3095 1743 3135 Deinde
1773 3097 1950 3145 respectu

171 3155 291 3207 ipsius
331 3161 465 3194 cantus
507 3169 576 3196 seu
617 3155 808 3195 melodiae
848 3155 1049 3195 discrimen
1078 3154 1152 3194 hoc
1183 3160 1240 3193 est
1282 3157 1380 3193 inter
1410 3156 1495 3205 ipsa
1526 3155 1641 3193 etiam
1672 3154 1844 3202 musica,
1882 3161 1951 3191 seu
