1994 3276
111 52 193 91 358
799 53 999 92 Ptolemaei
1021 53 1230 91 Harmonia.

839 259 1028 306 CAPUT
1066 251 1187 329 viu>

116 352 346 398 Quomodo
372 354 653 391 mutationes
677 355 722 391 in
747 344 1168 402 contemperatione
1194 357 1464 394 harmonica
1489 362 1805 404 comparentur
1828 368 1919 394 cum

499 413 826 459 dispositionis
861 417 1107 452 animorum
1139 415 1533 456 mutationibus.11)

237 520 300 558 Ad
332 520 498 575 eundem
528 534 649 572 prope
680 524 839 563 modum
872 529 910 563 et
941 525 1178 563 mutationes
1211 524 1258 562 de
1289 529 1382 563 tono
1413 525 1451 562 in
1483 529 1617 564 tonum
1656 525 1695 562 in
1726 529 1920 576 systema-

122 580 228 618 tibus
261 580 432 618 conferre
470 592 680 630 possumus
721 580 808 621 cum
840 583 1122 621 mutationibus
1155 582 1455 633 dispositionum
1493 584 1727 632 animorum,
1770 584 1808 620 in
1841 585 1922 620 vita

122 638 316 677 communi
349 641 633 678 occurrentium
645 638 720 689 1¹¹).
782 642 882 680 Nam
913 643 1013 680 sicut
1034 642 1100 689 ibi,
1132 642 1297 679 servatis
1319 641 1455 680 iisdem
1476 642 1695 692 generibus,
1726 641 1770 680 fit
1790 640 1922 691 aliqua

97 698 162 734 'in
193 701 307 734 cantu
347 699 602 747 permutatio,
646 710 691 738 eo
723 700 829 749 quod
869 701 965 749 loci,
1009 711 1077 750 per
1109 710 1207 749 quos
1247 699 1471 739 adsciscunt
1511 701 1591 738 vim
1630 706 1670 739 et
1711 699 1922 739 efficaciam

123 766 246 803 suam,
280 754 423 794 diversi
453 757 531 794 sint
572 762 610 795 et
640 758 740 796 serie
772 758 942 808 quadam
971 758 1202 798 succedente
1234 762 1439 798 consuetas
1478 760 1687 797 sortiantur
1724 763 1923 808 permuta-

123 814 250 852 tiones
263 810 341 866 1V),
374 815 430 852 sic
462 816 578 853 etiam
610 816 648 853 in
681 818 971 864 mutationibus,
1009 829 1107 866 quas
1137 818 1220 856 vita
1251 819 1465 856 communis
1495 817 1616 865 affert,
1649 816 1923 867 dispositiones

126 873 343 910 animorum
374 874 504 922 specie
537 873 674 912 eadem
703 875 910 915 flectuntur
939 886 1010 914 seu
1041 880 1320 914 convertuntur
1341 875 1629 925 quodammodo
1659 877 1697 912 in
1719 874 1924 913 dissimiles

126 929 343 968 studiorum
382 931 552 970 rationes
585 933 835 984 evaduntque
875 946 954 973 una
994 944 1081 972 cum
1124 934 1256 972 formis
1300 938 1425 972 status
1467 934 1612 985 publici
1645 931 1803 987 (quales
1835 932 1925 971 illae

128 990 298 1027 existunt
328 1000 397 1038 per
427 989 601 1038 singulas
632 996 848 1043 temporum
881 994 1106 1031 occasiones
1149 992 1199 1030 ad
1233 993 1534 1042 compositiones
1573 993 1646 1031 sibi
1687 989 1926 1030 convenien-

130 1044 293 1099 tiores);
326 1047 442 1096 quale
473 1048 567 1097 quid
599 1054 638 1087 et
668 1051 706 1087 in
738 1051 892 1101 legibus
923 1051 1089 1089 ferendis
1121 1062 1193 1088 usu
1224 1052 1350 1098 venit,
1390 1051 1481 1089 dum
1512 1062 1630 1101 saepe
1660 1050 1767 1101 leges
1799 1055 1927 1088 trans-

130 1105 345 1143 formantur
384 1107 423 1143 in
462 1107 580 1145 talem
614 1108 714 1158 juris
746 1109 1144 1157 administrationem,
1188 1121 1288 1159 quae
1319 1111 1370 1148 sit
1407 1108 1702 1148 accommodata
1730 1109 1928 1160 praesenti

132 1163 346 1202 conditioni
385 1169 615 1214 temporum.
678 1166 739 1205 Ita
778 1179 866 1206 cum
907 1167 1070 1219 pacifica
1107 1173 1196 1206 sunt
1238 1172 1436 1217 tempora,
1480 1169 1624 1207 civium
1655 1168 1774 1205 animi
1803 1167 1928 1215 magis

132 1221 183 1262 ad
215 1223 385 1271 quietem
417 1227 455 1263 et
483 1219 720 1273 aequitatem
752 1227 996 1273 inclinantur,
1030 1238 1116 1264 cum
1148 1237 1241 1264 vero
1274 1226 1427 1275 bellica,
1461 1238 1481 1264 e
1510 1227 1701 1265 contrario
1734 1224 1784 1264 ad
1803 1224 1930 1263 auda-

134 1281 234 1319 ciam
265 1285 304 1318 et
334 1286 583 1320 contemtum.
644 1283 813 1323 Rursum
844 1287 1004 1336 penuria
1034 1285 1193 1334 publica
1224 1289 1262 1322 et
1293 1297 1419 1323 rerum
1449 1285 1755 1324 necessariarum
1789 1284 1930 1322 caritas

133 1340 431 1388 temperantiam
463 1345 501 1378 et
531 1341 809 1392 humilitatem,
852 1344 1060 1383 earundem
1093 1354 1185 1382 vero
1230 1343 1358 1382 vilitas
1401 1349 1438 1382 et
1469 1343 1710 1382 abundantia
1748 1342 1933 1381 ferociam

137 1402 175 1436 et
206 1396 306 1435 altos
348 1398 504 1448 spiritus
542 1399 670 1448 affert,
716 1407 754 1439 et
789 1403 845 1440 sic
883 1404 1002 1440 etiam
1042 1401 1090 1440 de
1132 1402 1267 1440 ceteris
1306 1413 1374 1452 pro
1405 1413 1444 1440 re
1474 1407 1568 1440 nata
1608 1401 1683 1439 dici
1727 1405 1859 1451 posset
1878 1397 1931 1451 V).
1966 1413 1974 1421 “

137 1454 201 1494 Ad
231 1455 396 1494 eundem
427 1457 545 1506 igitur
576 1458 733 1497 modum
764 1465 802 1498 et
833 1461 872 1497 in
902 1460 1183 1498 mutationibus
1215 1459 1438 1498 harmoniae
1470 1465 1606 1498 cantus
1634 1459 1736 1498 idem
1766 1460 1805 1495 in
1837 1469 1934 1496 acu-

137 1513 302 1552 tioribus
342 1513 500 1563 quidem
538 1518 639 1554 tonis
680 1517 806 1556 induit
842 1523 1020 1557 naturam
1060 1519 1184 1568 magis
1217 1520 1443 1565 excitatam,
1486 1519 1524 1556 in
1555 1518 1799 1567 gravioribus
1839 1527 1934 1554 con-

138 1573 355 1620 tinentiam,
388 1573 687 1613 submissionem
728 1582 765 1615 et
797 1577 1027 1616 modestiam
1057 1578 1189 1627 spirat.
1250 1576 1350 1614 Nam
1389 1582 1427 1615 et
1459 1578 1496 1614 in
1530 1578 1635 1614 sonis
1675 1587 1752 1626 quo
1786 1575 1936 1613 acutior

141 1630 318 1680 quilibet,
349 1629 425 1670 hoc
454 1632 650 1680 intensior,
683 1645 761 1684 quo
791 1638 966 1685 gravior,
1000 1636 1073 1674 hoc
1104 1635 1300 1673 remissior
1330 1640 1388 1673 est
1401 1633 1469 1687 vl).
1530 1634 1670 1673 Merito
1706 1635 1840 1683 itaque
1871 1632 1936 1672 vel

141 1689 205 1728 hic
236 1689 353 1727 etiam
383 1691 466 1727 toni
497 1692 714 1729 intermedii
745 1698 784 1731 et
814 1696 879 1743 qui
913 1694 1062 1733 dorium
1094 1695 1343 1732 circumstant
1378 1693 1704 1743 comparabuntur
1735 1702 1821 1730 cum
1852 1702 1937 1729 me·-

144 1747 339 1786 diocribus
372 1752 411 1786 et
441 1748 540 1787 bene
573 1752 794 1801 compositis
827 1753 932 1792 vitae
962 1753 1145 1800 moribus,
1179 1753 1371 1790 acutiores
1404 1763 1495 1790 vero
1538 1757 1576 1790 et
1606 1752 1674 1802 qui
1717 1754 1808 1788 sunt
1838 1750 1938 1788 circa

144 1805 423 1856 mixolydium,
463 1818 550 1860 cum
580 1809 847 1858 inquietudine
879 1815 918 1849 et
949 1810 1113 1850 audacia
1142 1810 1320 1860 publica,
1363 1811 1562 1860 graviores
1594 1809 1759 1858 denique
1803 1813 1842 1847 et
1871 1807 1939 1858 qui

146 1868 236 1902 sunt
267 1865 369 1902 circa
396 1864 668 1915 hypodorium,
701 1879 788 1906 cum
818 1868 978 1917 ignavia
1009 1874 1046 1908 et
1077 1868 1255 1907 socordia
1287 1869 1389 1907 vitae
1422 1868 1468 1907 de
1499 1879 1640 1917 genere
1652 1864 1737 1918 VII).

263 1921 374 1960 Adeo
407 1925 523 1961 etiam
555 1936 642 1963 cum
672 1926 766 1976 ipsis
797 1926 989 1967 melodiae
1019 1927 1268 1966 facultatibus
1305 1931 1344 1965 et
1374 1926 1547 1966 efficacia
1587 1925 1871 1976 compatiuntur
1901 1928 1941 1962 et

148 1981 267 2019 animi
288 1982 409 2018 nostri
432 1993 451 2019 e
475 1983 651 2032 vestigio,
685 1986 827 2035 quippe
859 1986 924 2034 qui
948 1990 986 2024 et
1007 1987 1275 2035 cognationem
1307 1996 1393 2023 cum
1422 1984 1736 2036 proportionibus
1766 1983 1942 2034 propriae

149 2039 212 2078 Sui
241 2040 413 2089 ipsorum
445 2039 760 2080 conformationis
791 2050 1094 2093 recognoscunt,
1135 2049 1172 2081 et
1201 2043 1521 2081 transformantur
1561 2044 1598 2079 in
1635 2047 1759 2080 certos
1798 2046 1939 2088 motus,
1982 2079 1988 2089 ,

148 2096 427 2148 respondentes
460 2099 553 2148 ipsis
584 2100 837 2138 melodiarum
870 2102 1187 2151 proprietatibus3
1229 2105 1272 2139 ut
1303 2099 1536 2150 quandoque
1569 2100 1618 2138 ad
1649 2100 1874 2149 voluptates
1904 2102 1942 2136 et
1989 2106 1992 2110 ·

119 2155 344 2207 ¹luxuriam
385 2158 637 2206 instigentur,
681 2170 830 2197 rursum
874 2159 922 2197 ad
967 2160 1341 2198 commiserationem
1388 2164 1426 2198 et
1466 2159 1659 2196 tristitiam
1702 2161 1941 2203 revocentur,

151 2225 254 2253 nunc
285 2214 408 2253 veluti
439 2214 686 2254 obvallentur
716 2222 754 2254 et
784 2219 822 2254 in
853 2228 1030 2266 soporem
1064 2218 1220 2264 dentur,
1261 2227 1362 2255 nunc
1393 2222 1596 2267 erumpant
1633 2221 1671 2255 et
1702 2217 1942 2255 exsusciten-

153 2278 227 2320 tur,
259 2272 357 2311 alias
390 2284 481 2311 vero
513 2273 563 2312 ad
593 2275 690 2312 iram
720 2280 846 2314 oestro
879 2276 1014 2326 perciti
1046 2280 1084 2314 et
1115 2275 1255 2313 divinis
1286 2276 1476 2314 furoribus
1507 2277 1654 2324 invasi,
1687 2273 1776 2312 dum
1809 2278 1944 2312 cantus

155 2331 255 2370 alias
285 2330 396 2369 aliter
426 2336 660 2371 transmutat
690 2335 981 2383 animorumque
1023 2333 1131 2372 velut
1160 2344 1298 2382 agmen
1339 2333 1466 2372 educit
1507 2333 1738 2382 ordinatque
1777 2330 1945 2382 disposi-
1987 2358 1994 2366 .

156 2389 327 2428 tionibus
360 2390 419 2438 iis,
453 2402 554 2440 quae
585 2391 836 2433 similitudine
859 2393 1147 2443 proportionum
1168 2390 1375 2430 earundem
1406 2396 1585 2430 constant
1598 2389 1698 2442 Vffl).
1757 2390 1944 2428 Existimo

158 2452 290 2487 autem
320 2448 397 2486 huc
429 2454 468 2487 et
497 2449 764 2500 Pythagoram
795 2453 1021 2500 respexisse,
1055 2446 1145 2488 dum
1171 2450 1285 2499 Jubet
1307 2461 1393 2487 cum
1413 2461 1551 2488 aurora
1575 2453 1787 2497 surgentes,
1819 2449 1946 2498 prius-

159 2518 277 2557 quam
309 2507 434 2558 operis
465 2507 616 2557 aliquid
646 2508 937 2558 aggrediamur,
979 2510 1126 2546 musica
1157 2509 1212 2545 uti
1245 2513 1436 2557 cantuque
1475 2509 1559 2546 miti
1589 2512 1628 2545 et
1658 2508 1790 2553 suavi,
1821 2510 1884 2552 ut,
1915 2504 1947 2541 si

160 2576 261 2620 quae
292 2564 331 2602 in
362 2566 501 2603 animis
533 2567 860 2605 exsuscitanthus
891 2579 912 2606 e
944 2577 1079 2605 somno
1110 2566 1266 2604 residua
1296 2567 1477 2604 manserit
1497 2565 1744 2610 turbulentia,
1776 2575 1823 2602 ea
1844 2563 1949 2614 prius

160 2624 437 2662 insincerum.
454 2623 627 2662 ordinem
669 2630 707 2663 et
736 2625 1056 2674 tranquillitatem
1095 2623 1294 2671 traducta,
1341 2624 1438 2662 bene
1470 2623 1744 2672 contemperati
1786 2625 1824 2660 et
1854 2631 1948 2659 con-

161 2682 247 2720 soni
278 2681 402 2720 veluti
434 2682 649 2721 efficiantur
680 2683 729 2722 ad
754 2682 955 2721 diuturnas
985 2684 1169 2720 actiones.
1232 2680 1380 2732 Opinor
1410 2686 1538 2720 autem
1570 2681 1685 2719 etiam
1715 2680 1813 2727 hoc,
1845 2674 1948 2728 quod

163 2740 257 2778 deos
297 2751 383 2778 cum
413 2742 562 2779 musica
592 2743 819 2780 invocamus
858 2746 896 2790 et
927 2746 1064 2787 cantu,
1107 2752 1159 2778 sc.
1192 2740 1421 2790 hymnorum
1453 2739 1604 2789 (organi
1647 2738 1788 2787 genus)
1831 2742 1869 2775 et
1897 2737 1948 2773 ti-

164 2801 314 2839 biarum
344 2805 382 2839 et
412 2799 692 2849 triangulorum
725 2800 1026 2851 Aegyptiorum,
1059 2800 1153 2836 satis
1185 2798 1373 2846 indicare,
1411 2796 1515 2847 quod
1545 2807 1834 2847 praesumamus
1865 2793 1974 2832 ani-¹

165 2860 255 2909 mis,
287 2861 394 2912 ipsos
427 2871 514 2898 cum
545 2861 627 2898 miti
659 2864 697 2899 et
727 2857 921 2899 benevola
950 2857 1246 2895 mansuetudine
1277 2867 1409 2908 preces
1438 2861 1590 2893 nostras
1621 2857 1858 2903 accepturos.

280 2933 377 2969 Nota
399 2933 427 2968 I.
476 2933 556 2968 Duo
583 2935 667 2968 sunt
691 2931 817 2977 capitis
842 2931 1011 2974 membra,
1038 2929 1156 2974 specie
1181 2930 1276 2964 inter
1299 2939 1338 2964 se
1363 2931 1534 2972 cognata,
1559 2937 1598 2961 re
1622 2926 1700 2971 ipsa
1723 2930 1758 2960 et
1782 2925 1950 2967 respectu

167 2987 391 3024 harmonices
416 2986 608 3031 plurimum
632 2987 677 3022 ab
701 2985 851 3021 invicem
877 2983 1037 3019 diremta.
1083 2983 1188 3018 Prior
1212 2982 1304 3017 enim
1320 2991 1404 3026 pars
1420 2979 1508 3015 nihil
1533 2979 1626 3014 ultra
1642 2977 1840 3012 institutam
1857 2984 1951 3010 com·

169 3040 364 3087 parationis
398 3039 675 3077 concinnitatem
698 3038 824 3083 habet;
861 3037 1039 3084 posterior
1074 3036 1118 3072 de
1142 3039 1242 3072 motu
1267 3034 1463 3071 animorum
1494 3031 1544 3068 ita
1568 3030 1737 3068 cohaeret
1768 3025 1950 3063 doctrinae
