1988 3276
136 165 187 203 72
885 160 940 196 De
965 159 1170 196 Harmonia.

135 284 378 321 structuram.
438 279 504 320 Sic
546 279 742 331 trigonus,
783 283 1030 331 tetragonus,
1072 284 1316 332 pentagonus
1353 282 1506 318 struunt
1549 281 1720 331 quinque
1764 291 1924 331 corpora

135 339 340 391 regularia,
373 339 430 377 sic
458 339 646 389 trigonus,
677 343 922 389 tetragonus,
952 338 1179 389 hexagonus
1210 340 1438 379 continuant
1468 337 1687 390 planitiem;
1725 338 1782 378 sic
1810 339 1924 378 stella

134 398 406 450 pentagonica,
439 397 550 447 cujus
579 397 682 437 latus
712 396 956 437 subtenditur
986 396 1135 436 duabus
1157 399 1301 448 quintis
1332 396 1475 446 circuli,
1505 398 1618 436 struit
1646 396 1800 437 stellam
1827 397 1925 436 soli-

137 456 226 496 dam
257 455 593 505 dodecae'dricam,
636 457 694 496 sic
733 455 870 495 stellae
910 455 1128 495 octae’drica
1167 461 1205 495 et
1243 455 1469 495 decaedrica
1507 453 1640 508 (latere
1670 454 1924 495 subtendente

135 514 217 554 illic
245 519 324 553 tres
356 518 528 563 octavas,
559 514 623 554 hic
654 518 730 554 tres
761 512 947 567 decimas)
978 514 1204 553 construunt
1234 514 1410 565 singulae
1440 513 1592 553 stellam
1620 514 1798 554 solidam.

249 572 420 611 Rursum
457 579 558 623 quae
598 578 688 611 sunt
723 571 898 623 eJusdem
928 574 1026 612 inter
1055 584 1097 611 se
1127 575 1297 623 generis,
1339 572 1446 611 varie
1476 575 1616 614 co'e'unt
1644 572 1695 613 ad
1724 572 1924 624 planitiem

135 631 369 680 struendam,
401 630 723 682 quadrangulum,
755 631 1020 684 octaugulum,
1050 631 1164 670 stella
1193 630 1452 682 oetangularis
1481 631 1582 678 hinc,
1612 630 1702 671 inde
1731 634 1925 683 pentago-

137 701 227 739 nus,
255 689 371 729 stella
399 691 671 741 pentagonica,
704 689 946 740 decagonus,
978 689 1091 729 stella
1122 689 1370 741 decagonica.
1431 688 1495 729 Sic
1524 691 1718 740 trigonus,
1748 689 1924 740 hexago-

133 760 227 797 nus,
273 747 567 798 dodecagonus,
611 748 722 799 cujus
753 750 870 788 etiam
900 759 1010 798 area,
1042 752 1085 788 ut
1114 750 1324 799 tetragoni,
1354 747 1558 788 rationalis
1587 752 1646 788 est
1675 747 1725 788 ad
1756 747 1926 798 quadra-

134 812 216 846 tum
247 806 435 846 diametri.

249 864 303 903 At
330 865 575 916 heptagonus
615 868 654 904 et
692 866 839 906 similes
875 878 946 907 nec
985 867 1069 916 ipse
1109 876 1182 905 nec
1217 876 1305 905 cum
1341 865 1402 904 sui
1440 865 1592 915 generis
1612 863 1706 904 ‘aliis
1736 876 1807 904 nec
1837 876 1925 905 cum

133 923 326 975 prioribus
358 924 566 973 quicquam
595 923 658 963 vel
689 925 848 977 planum
878 925 943 966 vel
972 922 1139 964 solidum
1171 924 1296 962 struit.
1354 921 1467 963 Unde
1498 922 1610 963 datur
1638 922 1822 976 intelligi,
1862 923 1925 962 fa-

136 981 320 1021 cultatem
350 980 506 1020 auditus
537 981 606 1020 illa
636 993 819 1033 quaerere
850 985 947 1024 inter
977 993 1107 1028 son08,
1140 993 1239 1032 quae
1261 982 1369 1021 Deus
1398 982 1548 1020 invenit
1575 982 1676 1021 inter
1704 982 1924 1033 proportio-

135 1052 205 1080 nes
238 1040 495 1090 geometricas
515 1039 659 1079 mundo
681 1041 902 1082 exornando
933 1041 1093 1081 idonea:
1124 1052 1215 1079 nam
1245 1042 1361 1079 etiam
1391 1039 1722 1080 orbescoelestes
1751 1039 1802 1080 ad
1830 1051 1924 1078 nor-

135 1110 241 1138 mam
271 1099 441 1148 quinque
472 1109 675 1151 corporum
695 1100 928 1151 regularium
958 1100 1094 1148 factos,
1125 1100 1163 1137 in
1194 1099 1380 1150 Mysterio
1403 1094 1729 1150 Cosmographico
1747 1098 1922 1150 probavi.

250 1157 352 1207 Ergo
384 1155 527 1195 chorda
556 1160 774 1209 proposita,
805 1161 998 1198 sectiones
1028 1157 1112 1208 ejus
1142 1157 1387 1196 harmonicae
1417 1155 1489 1210 (sic
1517 1162 1562 1195 ut
1589 1161 1830 1207 segmentum
1859 1156 1923 1195 vel

136 1227 227 1268 pars
257 1216 384 1254 minor
412 1216 464 1254 sit
495 1226 667 1256 consona
696 1219 769 1256 toti
799 1222 838 1257 et
866 1217 1022 1257 residuo
1053 1216 1118 1256 vel
1137 1213 1290 1269 majori)
1325 1227 1403 1254 uon
1435 1215 1574 1254 dantur
1602 1214 1732 1267 plures
1762 1219 1920 1267 septem.

434 1282 517 1314 Tota
540 1284 575 1315 in
600 1287 711 1325 partes
736 1287 768 1326 2,
794 1290 996 1326 segmentum
1019 1286 1165 1327 partium
1183 1283 1214 1328 1,
1248 1285 1414 1316 residuum
1438 1285 1581 1325 partium
1607 1283 1623 1318 1

1183 1331 1197 1365 1

1601 1329 1626 1598 ϋῖὕὶωρωἰῦ

1184 1356 1213 1418 1ἶ

1179 1424 1213 1465 1,

1180 1469 1213 1509 2.

1182 1517 1212 1562 1,

456 1587 472 1603 n
549 1587 565 1603 n
642 1588 658 1604 n
882 1589 898 1606 η
1089 1588 1105 1604 n
1178 1563 1211 1603 3!

252 1621 306 1661 At
335 1623 369 1661 si
399 1627 549 1662 secetur
578 1626 663 1661 tota
691 1624 731 1661 in
762 1627 890 1675 partes
914 1625 954 1676 8,
985 1627 1300 1674 segmentumque
1330 1623 1381 1662 sit
1409 1624 1527 1674 partis
1550 1625 1586 1673 1,
1615 1621 1811 1663 residuum
1829 1634 1922 1675 par-

134 1681 231 1719 tium
265 1683 303 1729 7,
336 1685 404 1719 aut
433 1685 519 1720 tota
547 1681 586 1718 in
622 1681 686 1730 10,
724 1686 965 1732 segmentum
999 1684 1032 1728 1,
1074 1680 1270 1721 residuum
1301 1683 1339 1730 9,
1377 1686 1445 1720 aut
1474 1686 1714 1732 segmentum
1745 1682 1783 1731 3,
1821 1682 1922 1721 resi-

134 1738 253 1835 ἐέιιιω
287 1741 323 1787 7,
367 1739 487 1779 sectio
518 1750 595 1778 non
628 1743 686 1778 est
715 1739 958 1790 harmonica,
991 1741 1084 1791 quia
1112 1740 1152 1795 ἦ,
1181 1739 1223 1796 g,
1253 1739 1293 1795 ἐς,
1323 1739 1363 1798 ἦ,
1394 1739 1452 1796 3⁷35
1479 1752 1599 1791 supra
1626 1741 1792 1793 reperies
1822 1741 1921 1780 inter

174 1808 322 1836 ssonas.
1428 1832 1432 1836 .

251 1855 374 1905 Igitur
403 1858 541 1893 natura
571 1856 674 1906 prior
704 1860 763 1895 est
791 1857 1016 1906 harmonia,
1059 1868 1177 1907 quam
1207 1856 1291 1906 ejus
1320 1867 1459 1896 nomen
1491 1856 1552 1895 vel
1582 1857 1774 1896 elementa
1802 1854 1921 1906 vulgo

135 1912 344 1959 celebrata,
376 1925 401 1951 a
431 1924 594 1963 quorum
623 1925 783 1953 numero
813 1915 1039 1954 harmoniae
1072 1915 1376 1954 denominantur.
1426 1915 1579 1954 Divisio
1611 1925 1703 1954 vero
1732 1915 1772 1952 in
1801 1914 1923 1953 inter-

134 1970 244 2009 valla
272 1972 422 2010 minora
451 1970 597 2010 accidit
626 1972 840 2012 intervallis
873 1973 1107 2013 harmonicis
1129 1974 1331 2024 posterius,
1363 1974 1540 2012 nimirum
1570 1984 1615 2012 ex
1637 1973 1922 2024 comparatione

131 2028 418 2068 harmoniarum
447 2030 545 2069 inter
574 2041 628 2069 se.

730 1330 766 1605 mpyyffiff

613 2086 636 2132 ὲ
659 2088 746 2119 inter
770 2090 802 2119 et
826 2086 848 2130 ᾖ
874 2086 963 2131 αδέξ-

615 2133 637 2177 it
770 2132 962 2178 »ἓηῧ

614 2179 637 2224 3
701 2203 717 2219 n
770 2203 786 2219 n
886 2180 959 2224 ng*
1145 2228 1151 2235 ⁸

617 2226 634 2246 ⁴
702 2250 717 2266 „
771 2240 833 2266 „·
886 2251 902 2267 „
942 2225 1002 2317 ἐξ,
1036 2229 1085 2259 sic
1108 2228 1317 2260 stiaminter
1342 2225 1361 2271 ξ
1387 2226 1464 2294 et}

614 2247 718 2314 3„
770 2274 962 2365 „3st
1049 2297 1065 2314 „
1162 2297 1179 2314 „
1342 2272 1461 2320 §m

615 2319 635 2365 3
771 2343 833 2366 n.
883 2319 986 2366 ”1⁹6

132 2369 294 2419 Viden’,
336 2375 380 2410 ut
417 2382 464 2409 ex
506 2373 792 2424 comparatione
833 2373 1117 2413 harmoniarum
1161 2372 1297 2413 dentur
1336 2374 1434 2414 haec
1474 2375 1694 2414 intervalla:
1738 2373 1767 2430 ξ
1804 2379 1919 2413 tonus

131 2427 266 2524 giajor,
298 2428 354 2483 1⁹6
384 2433 499 2468 tonus
528 2431 664 2479 minor,
695 2430 754 2488 JV}
773 2433 1030 2482 semitonium,
1065 2431 1119 2489 ἓξ
1140 2431 1354 2472 differentia
1382 2435 1480 2473 inter
1509 2432 1548 2489 ξ,
1578 2433 1625 2490 -ἓ,
1658 2444 1758 2483 quae
1782 2432 1921 2472 dicitur

160 2497 264 2525 rests.
606 2507 608 2511 ν

247 2543 459 2582 Intervalla
488 2546 622 2595 igitur,
668 2558 714 2585 ex
746 2550 1031 2600 comparatione
1060 2548 1345 2587 harmoniarum
1376 2554 1480 2599 orta,
1521 2554 1612 2588 sunt
1649 2550 1735 2599 ipsa
1765 2546 1921 2597 quidem

135 2601 312 2651 dissona,
352 2601 420 2640 sed
452 2607 580 2642 tamen
612 2605 820 2654 concinna,
852 2605 1003 2657 ἐμμελη.
1064 2605 1235 2655 Quorum
1265 2606 1362 2646 haec
1392 2612 1450 2646 est
1482 2607 1712 2655 differentia,
1744 2605 1849 2655 quod
1878 2603 1918 2660 g,

135 2658 212 2714 ἧς,
244 2659 302 2717 33³}
331 2659 504 2699 canendo
536 2666 779 2701 transeuntur
800 2669 936 2703 natura
963 2665 1075 2712 duce,
1108 2665 1175 2704 sed
1209 2663 1261 2720 ἐξ
1291 2677 1367 2704 non
1399 2668 1580 2705 transitur
1609 2675 1686 2703 uno
1717 2668 1756 2703 et
1785 2663 1922 2702 eodem

135 2723 260 2757 tractu
291 2722 438 2757 cantus.
480 2719 610 2759 Causa
629 2720 864 2761 differentiae
896 2727 953 2761 est
982 2714 1077 2761 ista':
1106 2723 1180 2760 tria
1210 2728 1299 2761 sunt
1327 2723 1535 2773 figurarum
1564 2734 1714 2774 genera,
1746 2734 1771 2760 a
1798 2722 1921 2760 tribus

135 2776 366 2826 capitalibus
396 2777 527 2827 figuris
559 2783 662 2826 orta,
694 2791 718 2818 a
748 2781 911 2830 trigono,
944 2785 1166 2831 tetragono,
1198 2786 1440 2831 pentagono,
1473 2794 1494 2821 e
1525 2782 1664 2831 quibus
1695 2785 1920 2830 tetragonus

134 2836 422 2885 proportionem
451 2837 576 2886 gignit
606 2836 762 2888 duplam
794 2840 994 2891 continue,
1026 2850 1265 2878 communem
1294 2840 1605 2892 proportionibus
1637 2839 1797 2876 duarum
1826 2837 1919 2876 reli-

136 2903 317 2941 quarum,
359 2894 498 2943 quibus
530 2906 571 2933 se
602 2896 814 2943 immiscet,
859 2898 1038 2936 continue
1075 2896 1283 2936 bisecando
1324 2903 1392 2937 aut
1429 2896 1661 2949 duplicando
1700 2901 1914 2944 utramque.

136 2948 297 2998 Trigoni
326 2962 419 2990 vero
449 2952 604 2992 soboles
636 2953 859 2993 harmonica
888 2955 1046 2992 minima
1076 2959 1134 2992 est
1164 2954 1201 3010 ᾗ,
1233 2968 1301 3006 per
1334 2956 1373 3010 ᾖ,
1402 2957 1440 3012 3
1471 2955 1595 3005 major
1624 2955 1666 3009 ξ,
1695 2956 1744 3010 ‘2³53
1778 2958 1918 3004 penta-

136 3008 228 3055 goni
259 3008 414 3048 soboles
445 3008 485 3064 ξ,
517 3022 584 3061 per
612 3012 653 3067 ξ,
683 3011 734 3068 33
765 3013 821 3050 sic
850 3011 879 3068 »ἓ
909 3024 976 3063 per
1005 3012 1045 3067 g,
1084 3012 1151 3067 ¹5⁰3
1183 3015 1239 3052 sie
1267 3014 1297 3070 ξ
1325 3027 1392 3066 per
1420 3014 1488 3069 3³35,
1521 3011 1623 3068 sic-3
1651 3024 1720 3063 per
1739 3010 1778 3065 ἒ,
1812 3009 1848 3063 {2
1875 3010 1915 3065 ἷί·

136 3063 346 3112 Trigonica
365 3078 458 3106 vero
488 3072 685 3120 proportio
705 3071 984 3121 pentagonicae
1004 3082 1081 3109 non
1104 3074 1371 3120 communicat,
1404 3078 1442 3112 et
1469 3075 1606 3111 neutra
1635 3075 1694 3109 est
1711 3069 1916 3112 continua-

80 3168 83 3171 ¹
134 3121 243 3169 bilis:
286 3135 362 3162 non
400 3125 512 3164 datur
548 3129 648 3170 enim
687 3129 921 3179 geometrica
950 3130 1069 3168 sectio
1100 3140 1211 3169 arcus
1241 3131 1281 3169 iu
1309 3132 1383 3172 tria
1412 3135 1480 3171 aut
1507 3131 1546 3168 in
1585 3129 1774 3180 quinque,
1816 3127 1915 3169 sicut
