1988 3276
129 103 180 145 56
627 100 814 150 Epistolae
837 99 986 149 Kepleri
1007 100 1228 147 aliorumque
1251 103 1397 139 mutuae

127 221 354 262 expeditiones
377 221 428 252 tot
451 219 656 260 negotiorum
689 220 932 261 provinciarum
964 220 1022 252 vix
1044 219 1202 261 respirare
1232 223 1360 262 potest,
1391 222 1458 254 imo
1484 229 1546 255 uec
1568 219 1708 255 Galilsei
1740 221 1795 255 vel
1815 220 1898 255 Gui-

128 268 237 300 duccii
260 267 381 299 librum
411 276 598 308 perennare
629 268 758 310 potuit3
796 267 982 299 differemus
1015 277 1052 299 ea
1082 268 1119 299 in
1150 267 1352 300 commodius
1381 270 1511 310 tempus
1540 270 1574 301 et
1605 269 1643 302 in
1666 269 1732 301 alia
1753 269 1898 304 materie.

126 314 198 347 1m0
221 315 293 355 ipse
317 314 503 354 Tengnagel
534 314 814 346 commendatitias
844 315 908 346 tibi
931 314 1053 346 obtulit
1080 314 1122 346 ad
1146 315 1267 356 Regem
1292 315 1448 359 Angliae‚
1481 317 1520 348 ut
1546 315 1605 359 qui
1637 315 1695 348 diu
1723 315 1773 348 ibi
1794 315 1901 350 haesit

128 365 161 393 et
182 361 368 394 humaniter
391 363 547 392 tractatus
570 361 644 394 fuit.

243 431 341 462 Brevi
361 432 438 470 post
461 427 527 472 (31.
551 430 647 470 Aug.)
670 430 880 471 Keplerus
911 432 1054 471 longiori
1077 430 1216 473 epistola
1246 432 1430 476 respondit,
1467 440 1552 475 quae
1578 432 1724 464 maxime
1746 440 1787 464 ex
1810 433 1901 475 perte

129 477 307 510 editionem
331 476 587 517 Ephemeridum
610 479 643 509 et
666 478 910 510 observationes
934 479 1106 520 eclipsium
1128 478 1237 512 refert.

243 535 422 585 Denique
453 536 572 584 scito,
614 542 728 573 scribit
752 541 924 586 Keplerus‚
954 548 1032 576 non
1060 549 1148 578 mea
1176 538 1398 589 impietate,
1434 535 1504 577 sed
1533 536 1751 578 conditione
1779 547 1902 588 nego-

129 595 270 633 tiorum
298 592 541 633 librariorum
571 595 743 633 innixam
773 606 859 635 esse
888 595 1177 636 indemnitatem
1205 608 1331 637 meam
1360 597 1399 635 in
1429 607 1546 647 opere
1569 594 1900 636 Harmonicorum.

131 652 192 692 Tu
223 653 257 691 si
286 651 429 691 multos
468 652 594 703 operis
632 651 796 692 lectores
835 655 1083 705 excitaveris,
1124 654 1247 694 multa
1281 654 1377 694 mihi
1412 653 1648 706 exemplaria
1684 653 1903 694 distraxeris

128 712 239 761 (nam
272 712 352 751 100
382 709 475 749 mihi
505 710 790 761 Typographus
820 723 890 762 pro
919 712 1053 752 labore
1083 712 1237 763 reliquit
1266 724 1353 753 cum
1378 711 1609 762 conditione,
1638 723 1716 752 non
1736 711 1904 752 donandi

127 781 200 809 nec
229 769 346 809 vilius
375 768 580 817 vendendi,
612 781 728 819 quam
756 771 839 821 ipse
869 769 1024 826 vendit)
1053 782 1123 822 pro
1142 773 1335 823 praesenti
1354 772 1532 822 pecunia,
1562 782 1624 812 res
1643 782 1749 811 meas
1769 770 1904 811 dome-

129 829 246 868 sticas
275 827 499 867 sublevabis
529 839 668 877 meque
698 829 737 866 in
769 827 859 868 dote
888 829 991 869 filiae
1022 829 1259 880 corroganda
1286 829 1506 880 adjuvabis,
1536 841 1636 880 quae
1664 828 1808 869 dudum
1837 840 1905 869 oc-

131 887 245 926 cultis
276 897 464 925 annorum
496 887 727 925 currentium
757 887 1107 928 machinationibus
1136 888 1392 940 hymenaeum
1421 889 1544 927 invito
1574 889 1691 928 etiam
1721 899 1770 928 ex
1795 892 1905 939 parte

130 946 225 984 citat
255 946 503 994 arcessitque‚
534 945 610 983 nisi
639 956 701 984 me
731 944 830 984 fallit
860 948 1042 997 suspicio.
1065 969 1120 976 —
1150 946 1276 986 Valde
1306 958 1391 986 sum
1419 950 1614 987 recreatus
1642 958 1691 986 ex
1711 957 1770 995 co,
1801 944 1906 998 quod

130 1003 201 1042 tibi
230 1014 317 1042 oum
348 1003 398 1043 D.
430 1002 672 1053 Tengnaglio
702 1003 957 1045 familiaritas.
1009 1004 1085 1055 Qui
1116 1004 1207 1044 dum
1237 1004 1569 1045 commendatitias
1596 1004 1811 1056 pollicetur,
1843 1005 1905 1042 vi-

130 1060 203 1102 deo
235 1060 329 1112 quid
358 1061 462 1100 factu
493 1072 591 1112 opus
622 1061 778 1111 fuisset,
822 1062 960 1102 saltem
991 1063 1084 1114 quid
1114 1075 1176 1103 me
1206 1062 1387 1114 dignum,
1417 1067 1461 1102 ut
1487 1062 1788 1115 praefigerentur
1814 1061 1906 1102 illae

129 1120 250 1168 libro,
292 1124 336 1158 ut
366 1119 658 1159 Commentariis
688 1120 825 1177 Martis
856 1124 931 1169 (cfr.
956 1126 1015 1159 111.
1052 1137 1086 1168 p.
1120 1126 1216 1171 145).
1276 1122 1329 1161 At
1357 1122 1492 1173 elapsa
1523 1125 1583 1161 est
1612 1122 1784 1171 occasio,
1822 1121 1907 1171 ,iam

130 1178 372 1218 Francofurti
408 1183 503 1229 puto
544 1189 724 1217 excusam
764 1178 1045 1220 dedicationem
1084 1192 1170 1220 cum
1209 1181 1323 1219 titulo
1356 1178 1539 1231 generali.
1599 1178 1642 1219 Si
1669 1184 1799 1219 tamen
1827 1189 1907 1219 non

130 1236 362 1287 dedignatur
397 1237 579 1287 privatim
616 1238 799 1287 scribere,
841 1250 913 1278 nec
955 1250 1027 1290 ego
1058 1250 1188 1279 curam
1222 1237 1504 1278 transmittendi
1541 1236 1799 1290 dedignabor,
1838 1235 1907 1277 sed

129 1300 261 1346 gratus
303 1296 491 1345 accipiam
528 1294 777 1346 reddamque.
820 1325 828 1335 .
862 1326 873 1337 .
906 1326 926 1337 .,
949 1327 959 1338 .
1005 1298 1149 1349 Accipe
1188 1302 1265 1337 tres
1303 1296 1473 1348 reliquas
1508 1297 1672 1347 paginas
1711 1295 1907 1347 Epheme-

128 1353 221 1392 ridis
252 1358 291 1393 et
322 1354 421 1392 vale.
482 1352 524 1392 Si
555 1353 649 1404 quid
688 1354 872 1394 librorum
900 1357 1018 1406 petis,
1060 1356 1169 1396 solve
1206 1357 1262 1404 ei,
1306 1357 1373 1406 qui
1401 1355 1473 1395 has
1502 1354 1648 1404 tradet,
1689 1353 1913 1394 Lindelauff

128 1413 354 1462 mercatori3
385 1423 454 1462 per
483 1423 570 1451 eum
602 1413 702 1451 enim
732 1415 878 1463 poteris
907 1414 1050 1454 habere
1081 1426 1196 1466 quam
1229 1413 1404 1465 primum.
1464 1413 1669 1464 Exemplar
1697 1412 1908 1453 Harmoni-

130 1481 272 1519 corum‚
305 1471 376 1509 etsi
406 1469 578 1509 nondum
608 1475 666 1510 est
696 1471 940 1523 completum,
969 1474 1081 1513 mitto
1112 1479 1251 1522 tamen,
1283 1477 1327 1512 ut
1357 1472 1507 1511 interim
1532 1470 1652 1522 legas,
1681 1469 1907 1512 tradendum

130 1528 295 1579 denique
325 1528 524 1580 Leopoldo
556 1528 776 1569 Archiduci.
808 1559 818 1569 .
850 1558 860 1570 .
894 1561 902 1570 .

244 1612 295 1643 Ex
324 1611 436 1643 Remi
466 1619 621 1650 responso
652 1611 734 1642 hacc
768 1610 812 1641 ad
844 1609 1057 1642 Harmoniam
1090 1611 1271 1651 pertinent:
1306 1610 1349 1643 D.
1374 1609 1559 1650 Tengnagel
1590 1609 1654 1641 tibi
1683 1609 1756 1650 ipse
1788 1609 1910 1642 scribet

128 1660 235 1692 multa
259 1661 291 1689 et
314 1659 418 1690 varia.
466 1658 587 1688 lterum
613 1660 662 1689 est
684 1658 720 1688 in
744 1657 878 1697 itinere,
909 1657 1008 1688 rediit
1030 1666 1135 1698 nuper
1159 1666 1200 1689 ex
1223 1657 1385 1701 Ungaria,
1410 1657 1517 1688 iturus
1539 1656 1575 1687 in
1597 1655 1790 1697 Poloniam,
1820 1656 1908 1688 infe-

127 1707 185 1739 lici
210 1715 289 1738 sane
314 1713 476 1737 successu.
524 1704 646 1744 Accepi
669 1703 874 1736 Harmonica
902 1707 935 1735 et
958 1704 1098 1735 libenter
1120 1704 1330 1736 tradidissem
1363 1713 1402 1735 ea
1425 1703 1655 1743 SerenIssimo,
1687 1703 1755 1734 nisi
1775 1705 1827 1734 tot
1848 1711 1908 1734 ne-

125 1755 288 1793 gotiorum
313 1751 490 1783 multitudo
528 1751 627 1791 plane
657 1751 726 1781 alia
756 1750 908 1782 suaderet
940 1750 984 1792 ad
1012 1750 1186 1790 legendum
1217 1753 1382 1791 tempora3
1412 1751 1469 1781 vix
1503 1749 1588 1781 enim
1612 1750 1772 1790 respirare
1798 1751 1909 1791 potest

127 1800 270 1840 optimus
294 1799 450 1838 Princeps
483 1801 516 1829 et
539 1801 648 1828 tamen
674 1798 827 1828 alacriter
852 1797 964 1829 omnia
985 1798 1135 1829 sustinet.
1184 1796 1337 1839 Causam,
1362 1796 1452 1839 quod
1469 1795 1698 1828 retardaverim
1719 1796 1906 1837 responsio-

125 1856 200 1877 nem
226 1846 269 1877 ad
292 1848 369 1876 tuas
393 1843 487 1887 (data
509 1846 557 1876 est
584 1844 725 1884 epistola
741 1844 891 1875 Viennae
914 1841 947 1876 4.
971 1845 1043 1877 Oct.
1069 1841 1169 1881 1619)
1194 1845 1327 1884 accipe:
1358 1844 1399 1877 D.
1425 1843 1637 1875 Wackherius
1660 1842 1823 1883 imprimis
1844 1843 1907 1874 fuit

126 1902 204 1935 una,
230 1893 289 1934 qui
305 1892 440 1923 tandem
458 1891 583 1930 letargo
607 1890 690 1922 obiit
714 1893 790 1930 post
811 1890 912 1929 longa
934 1893 1048 1922 nostra
1073 1891 1230 1928 consilia;
1262 1891 1367 1922 altera
1390 1889 1594 1922 Serenissimi
1623 1889 1727 1921 nostri
1754 1887 1906 1930 indispo-

126 1939 215 1982 sitio,
242 1948 282 1970 ex
299 1947 366 1980 qua
390 1940 465 1978 post
478 1937 624 1968 triduum
650 1937 819 1968 convaluit
843 1939 875 1968 et
895 1939 966 1977 J‘am
991 1938 1115 1977 optime
1139 1938 1249 1969 habet.

243 1985 414 2016 Mirabilia
448 1993 555 2024 nuper
588 1984 700 2014 inveni
737 1983 776 2014 de
811 1984 1080 2024 proportionibus
1117 1986 1148 2015 et
1182 1982 1466 2023 magnitudinibus
1508 1990 1676 2022 corporum
1716 1982 1906 2013 coelestium

127 2032 371 2073 eorundemque
397 2031 584 2069 distantiis,
616 2038 704 2071 quae
729 2030 840 2061 omnia
864 2031 906 2061 ab
930 2031 1070 2061 invicem
1103 2030 1262 2070 pendent,
1298 2030 1397 2061 simul
1420 2029 1519 2060 etiam
1542 2029 1639 2060 Luna
1671 2037 1738 2059 non
1762 2029 1905 2067 exclusa,

127 2089 214 2122 quae
238 2082 367 2118 tamen,
402 2080 580 2119 antequam
611 2077 754 2116 perfecte
785 2085 956 2117 corporum
981 2077 1169 2108 coelestium
1193 2077 1369 2108 diametros
1401 2085 1460 2117 per
1488 2075 1604 2106 tubum
1635 2075 1801 2107 dimensus
1830 2075 1904 2106 fue-

126 2133 188 2163 rim
214 2134 247 2162 et
270 2131 560 2170 comprobaverim,
583 2128 710 2169 publici
724 2129 808 2168 juris
831 2129 938 2159 facere
954 2137 1020 2159 non
1037 2138 1182 2169 possum.
1229 2129 1406 2161 Transibat
1423 2128 1534 2160 eodem
1551 2127 1604 2160 die
1617 2128 1699 2159 mihi
1723 2119 1771 2176 Q,
1810 2128 1904 2168 geni-

125 2194 220 2222 turae
237 2189 399 2231 dominus,
422 2197 481 2228 per
498 2186 545 2229 Δ
568 2187 742 2227 horoscopi
764 2189 888 2219 exacte.

242 2241 361 2273 Mirum
396 2243 464 2283 est,
502 2243 663 2283 quantum
697 2242 861 2271 recreatus
892 2239 1009 2270 fuerim
1042 2249 1082 2271 ex
1112 2240 1178 2270 tuis
1211 2239 1331 2279 literis,
1367 2248 1451 2282 quas
1474 2238 1548 2279 plus
1571 2246 1672 2280 quam
1702 2238 1804 2271 vicies
1826 2239 1904 2279 legi.

126 2289 235 2322 Venio
261 2288 303 2320 ad
328 2288 503 2328 epistolam
528 2287 636 2328 ipsam
661 2289 693 2318 et
716 2286 850 2328 quidem
873 2286 1138 2326 brevissimamss
1153 2295 1211 2326 per
1235 2286 1365 2317 labores
1390 2286 1560 2318 continuos
1585 2285 1697 2317 omnia
1718 2294 1905 2326 percurrere

125 2346 193 2369 non
218 2336 313 2377 licet3
341 2344 381 2366 ex
406 2335 537 2366 Alsatia
560 2336 682 2375 tamen,
706 2333 778 2365 Deo
803 2333 914 2373 dante,
939 2333 1057 2366 melius
1082 2335 1114 2364 et
1137 2333 1262 2373 largius
1286 2332 1504 2374 respondebo,
1533 2340 1612 2364 nam
1635 2334 1715 2364 tunc
1738 2341 1792 2364 ero
1816 2334 1905 2364 intra

125 2392 216 2415 meos
241 2382 392 2422 parietes
1886 2417 1890 2419 ¹

241 2429 443 2460 Transmitto
461 2427 687 2466 Hungaricum
713 2426 869 2458 ducatum
891 2435 951 2467 pro
976 2435 1071 2467 opere
1093 2429 1168 2469 tuo,
1194 2426 1289 2469 quasi
1312 2434 1421 2457 meum
1444 2419 1800 2467 essot‘Harmonicum,
1823 2425 1903 2458 reli-

127 2485 229 2519 quum
254 2485 275 2507 a
300 2474 514 2507 Serenissimo
538 2474 602 2505 tibi
627 2473 904 2516 compensabitur,
930 2473 987 2505 sed
1011 2482 1085 2505 cum
1111 2474 1179 2505 otio
1204 2475 1237 2504 et
1253 2473 1425 2504 occasione
1449 2472 1516 2503 sive
1539 2472 1697 2512 temporis
1722 2471 1902 2504 commodi-

127 2526 214 2566 tate,
237 2524 308 2562 Jam
333 2521 419 2552 enim
442 2530 477 2552 re
501 2529 579 2551 vera
602 2529 667 2552 non
691 2521 778 2552 licet.

241 2570 280 2600 In
304 2568 410 2599 literis
446 2567 476 2598 d.
505 2564 555 2600 14.
581 2567 653 2599 Oct.
685 2566 771 2598 redit
794 2567 914 2598 Remus
947 2565 990 2598 ad
1014 2566 1259 2607 proportionem
1284 2565 1376 2597 illam
1403 2565 1545 2608 orbium,
1583 2565 1710 2597 dicens:
1742 2565 1825 2597 mihi
1848 2565 1902 2597 di-

127 2616 253 2649 stantia
276 2615 364 2647 Solis
389 2623 410 2644 a
434 2613 534 2645 Terra
558 2610 648 2647 6543
673 2613 789 2646 semid.
814 2613 948 2648 Terraez
981 2613 1059 2644 hinc
1081 2613 1228 2644 maxima
1252 2612 1433 2652 parallaxis
1456 2611 1571 2644 Martis
1605 2619 1723 2652 parum
1746 2611 1834 2643 ultra
1855 2609 1901 2654 1¹,

126 2664 265 2695 Veneris
282 2659 316 2694 2¹
341 2661 375 2692 in
393 2661 558 2701 perigaeo.
598 2659 747 2700 Epioycli
770 2659 883 2691 Lunae
908 2662 958 2691 est
984 2659 1043 2704 53¹5,
1071 2669 1147 2700 pars
1172 2659 1259 2690 orbis
1284 2659 1352 2699 sui,
1383 2659 1430 2690 sic
1460 2658 1628 2705 dimetiens
1645 2658 1771 2689 orbitae
1786 2658 1902 2691 Lunae

126 2711 160 2741 in
187 2709 302 2741 eadem
327 2708 537 2749 proportione
562 2715 634 2738 cum
660 2707 782 2738 circulo
807 2715 934 2748 annuo;
959 2707 1043 2737 mira
1064 2706 1249 2746 proportio;
1275 2705 1446 2736 mediocris
1469 2705 1627 2736 distantia
1649 2702 1691 2738 61
1710 2703 1824 2737 semid.
1861 2705 1901 2737 In

126 2756 271 2796 physicis
297 2753 561 2794 elongationibus
586 2756 694 2784 tecum
719 2754 897 2793 consentio,
922 2753 979 2784 sed
1003 2753 1177 2784 diametros
1195 2752 1309 2783 Lunae
1333 2753 1432 2793 paulo
1449 2750 1640 2784 minuendas
1664 2760 1734 2783 esse
1749 2754 1900 2793 autum03

129 2812 202 2842 ergo
228 2802 283 2834 Sol
307 2801 409 2842 paulo
435 2800 534 2831 altior
558 2799 684 2831 evadet.
733 2799 798 2832 Sed
819 2801 889 2840 jam
913 2803 1068 2831 accurata
1098 2800 1179 2830 lima
1202 2808 1268 2831 non
1295 2808 1376 2840 opus
1407 2802 1466 2830 est:
1496 2798 1553 2831 Sol
1577 2796 1689 2830 evadit
1711 2795 1827 2833 30000
1850 2799 1899 2831 vi-

129 2850 221 2880 cibus
244 2851 351 2888 major
374 2847 483 2888 Terra,
508 2847 585 2878 hinc
609 2848 689 2878 satis
714 2849 810 2886 aptus
835 2846 879 2876 ad
903 2845 1139 2877 commovenda
1162 2846 1291 2887 reliqua
1312 2846 1516 2886 planetarum
1541 2853 1687 2885 corpora.

243 2896 281 2926 In
305 2895 412 2926 literis
437 2893 579 2935 denique
603 2893 713 2935 Remi,
749 2893 780 2924 d.
805 2893 953 2923 Viennae
979 2893 1012 2927 d.
1037 2890 1091 2925 26.
1117 2893 1187 2924 Oct.
1219 2892 1300 2924 haec
1323 2892 1368 2923 ad
1389 2891 1603 2924 Harmoniam
1626 2892 1810 2931 pertinent:
1839 2891 1898 2923 Li-

127 2942 242 2973 benter
266 2941 436 2972 Cardinali
472 2940 505 2972 S.
532 2940 717 2980 Susannae,
749 2939 999 2970 bibliothecario
1024 2939 1194 2982 Vaticani,
1228 2942 1288 2970 tua
1318 2939 1512 2970 Harmonice,
1544 2937 1725 2977 mitterem,
1755 2937 1813 2970 sed
1841 2946 1901 2979 per

127 2988 240 3019 literas
263 2997 329 3019 non
352 2988 448 3028 licet,
485 2986 541 3018 das
567 2996 650 3027 opus
672 2987 716 3017 ist
741 2996 780 3018 zu
804 2995 914 3027 gross3
949 2988 1031 3026 puto
1056 2988 1183 3029 autem,
1219 2986 1327 3027 ipsum
1357 2985 1440 3017 illud
1461 2985 1649 3017 habiturum
1671 2994 1693 3017 a
1714 2984 1900 3024 bibliopola

128 3033 182 3067 Jo.
209 3033 341 3065 Andrea
362 3034 528 3078 Romano3
553 3034 624 3074 ipse
647 3032 733 3066 illud
755 3031 874 3065 vendet
899 3030 966 3075 2¹s,
990 3035 1153 3072 coronat,
1176 3033 1239 3066 hoc
1262 3036 1312 3066 est
1334 3031 1356 3067 5
1379 3032 1444 3065 nor.

245 3093 298 3125 Ad
320 3093 403 3125 haec
425 3093 654 3136 Keplerus=
