1994 3276
185 1491 292 1531 Nihil
321 1494 439 1543 igitur
467 1492 573 1531 aliud
604 1500 694 1532 sunt
714 1499 842 1533 motus
861 1495 1071 1544 coelorum,
1101 1507 1233 1546 quam‘
1248 1495 1429 1546 perennis
1460 1491 1618 1543 quidam
1649 1492 1859 1530 concentus

73 1547 316 1603 (rationalis,
361 1562 439 1589 non
471 1549 641 1605 vocalis)
672 1564 740 1603 per
770 1552 1012 1593 dissonantes
1042 1556 1260 1602 tensiones,
1291 1552 1414 1592 veluti
1445 1550 1634 1601 quasdam
1663 1558 1859 1601 syncopa-

71 1609 196 1646 tiones
235 1607 299 1647 vel
339 1607 537 1647 cadentias
579 1606 741 1662 (quibus
771 1610 946 1651 homines
978 1613 1174 1652 imitantur
1213 1613 1308 1651 istas
1339 1609 1599 1649 dissonantias
1629 1605 1858 1653 naturales),

72 1665 234 1704 tendens
264 1667 302 1702 in
333 1671 457 1705 certas
487 1671 526 1705 et
556 1669 812 1717 praescriptas
854 1669 1074 1717 clausulas,
1114 1669 1288 1719 singulas
1325 1680 1393 1707 sex
1434 1668 1681 1706 terminorum
1721 1662 1859 1714 (veluti

75 1725 230 1772 vocum)
262 1725 386 1774 iisque
407 1725 509 1762 notis
540 1725 836 1764 immensitatem
857 1730 1039 1778 temporis
1069 1729 1279 1778 insigniens
1302 1733 1339 1765 ct
1369 1725 1427 1763 dis
1410 1727 1630 1775 atinguenu
1659 1727 1704 1765 ut
1720 1722 1858 1763 mirum

71 1780 240 1831 amplius
269 1793 346 1820 non
376 1783 439 1831 sit,
470 1781 626 1821 tandem
642 1785 839 1823 inventam
869 1796 956 1824 esse
985 1786 1036 1825 ab
1068 1786 1236 1835 homine,
1268 1784 1463 1824 Creatoris
1492 1783 1553 1822 sui
1582 1782 1708 1827 simia,
1738 1780 1859 1819 ratio-

64 1850 163 1878 -nem
193 1840 357 1879 canendi
388 1851 455 1890 per
485 1846 730 1889 concentum,
774 1844 948 1891 ignotam
986 1845 1207 1892 veteribus,
1244 1848 1289 1881 ut
1327 1841 1478 1882 scilieet
1515 1841 1636 1879 totius
1674 1837 1860 1889 temporis
1901 1839 1905 1843 '

71 1896 256 1936 mundani
283 1899 580 1948 perpetuitatem
619 1900 657 1936 in
697 1899 807 1941 brevi
836 1900 969 1951 aliqua
1012 1901 1132 1942 horae
1169 1905 1279 1952 parte
1319 1912 1387 1951 per
1415 1898 1663 1939 artificiosam
1692 1895 1859 1948 plurium

71 1966 212 1995 vocum
241 1956 511 2006 symphoniam
552 1955 701 2006 luderet
731 1958 884 2008 Deique
916 1957 1075 2009 Opificis
1118 1959 1438 2010 complacentiam
1476 1958 1516 1995 in
1558 1955 1739 2007 operibus
1778 1955 1860 1993 suis

61 2014 304 2056 ,suavissimo
333 2025 452 2052 sensu
483 2003 707 2064 voluptatis,
738 2028 784 2054 ex
815 2016 890 2055 hac
912 2017 989 2056 Dei
1019 2019 1223 2058 imitatrice
1251 2018 1400 2056 musica
1418 2019 1636 2066 perceptae,
1668 2011 1861 2064 quadam-

72 2076 185 2110 tenus
214 2070 451 2122 degustaret.

803 2218 991 2264 CAPUT
1028 2219 1131 2265 Vlll.

90 2347 95 2349 -
142 2321 265 2366 Quis
288 2322 335 2356 in
359 2324 749 2360 concordantiis
774 2326 1098 2362 coelestibus
1122 2325 1378 2371 discanffi,
1402 2325 1514 2370 quis
1538 2324 1657 2365 alti,
1681 2322 1817 2372 quis?

504 2382 726 2424 tenoris,
757 2383 874 2428 quis
898 2383 1222 2420 bassivicem
1245 2383 1423 2419 obeat?
1814 2389 1819 2393 '

0 2486 31 2522 :if
189 2487 271 2526 Etsi
302 2487 398 2526 haec
425 2495 516 2528 sunt
546 2489 739 2529 vocabula
759 2501 900 2528 vocum
927 2490 1194 2538 humanarum,
1224 2501 1298 2529 nec
1316 2491 1354 2527 in
1386 2489 1498 2528 coelo
1530 2500 1647 2528 voces
1676 2492 1746 2527 aut
1772 2488 1858 2527 soni

0 2527 39 2603 j}
76 2547 259 2592 existunt,
292 2546 341 2583 ob
373 2557 561 2585 summam
590 2553 763 2586 motuum
794 2547 1123 2597 tranquillitatem
1154 2553 1266 2587 atne
1294 2547 1471 2597 subjecta
1501 2547 1670 2596 quidem,
1701 2547 1740 2583 in
1771 2547 1861 2594 qui-

15 2598 35 2647 ξ
77 2604 151 2642 bus
180 2604 403 2642 harmonias
433 2603 765 2653 deprehendimus,
797 2606 870 2644 sub
892 2612 1018 2644 motus
1040 2608 1126 2644 veri
1138 2618 1279 2656 genere
1299 2605 1686 2656 comprehenduntur,
1716 2606 1860 2654 quippe

75 2672 163 2699 eum
191 2661 317 2700 solum
347 2667 576 2711 apparentes
606 2675 654 2701 ex
682 2662 774 2702 Sole
804 2669 931 2702 motus
962 2663 1263 2712 consideremus3
1305 2667 1378 2702 etsi
1409 2663 1575 2712 denique
1605 2672 1724 2700 causa
1751 2661 1861 2699 nulla

16 2760 19 2765 ,
64 2718 167 2757 talis
195 2724 256 2757 est
286 2721 323 2756 in
355 2719 478 2766 coelo,
510 2731 609 2768 quae
639 2731 754 2759 voces
780 2727 884 2760 certo
914 2733 1073 2761 numero
1094 2722 1260 2760 advocet
1279 2721 1328 2759 ad
1362 2720 1576 2760 faciendam
1607 2720 1859 2767 harmoniam,

13 2765 39 2820 ἕξ
77 2775 206 2826 qualis
236 2782 297 2814 est
325 2776 364 2814 in
394 2782 509 2815 cantu
541 2776 732 2816 humano.
771 2780 875 2828 prius
905 2781 1048 2830 quippe
1078 2785 1160 2818 erat
1190 2791 1372 2817 numerus
1401 2779 1642 2830 planetarum
1671 2789 1754 2825 sex,
1783 2777 1861 2816 So-

14 2823 47 3030 }
75 2833 153 2872 lem
182 2835 517 2880 circumeuntium,
563 2845 611 2872 ex
649 2846 808 2874 numero
847 2839 1017 2886 quinque
1054 2837 1346 2876 intervallorum
1384 2849 1408 2874 a
1446 2835 1578 2885 figuris
1616 2834 1860 2884 regularibus

15 2897 25 2931 ζ
67 2891 360 2939 rdesumtorum,
391 2898 529 2941 postea
559 2891 711 2930 demum
741 2893 893 2941 (ordine
922 2900 1102 2943 naturae,
1140 2906 1215 2933 non
1249 2890 1453 2946 temporis)
1483 2893 1532 2931 de
1561 2897 1735 2931 motuum
1764 2904 1861 2932 eon-

16 2950 255 2998 effigi-nentia
285 2949 529 2988 statuendum
561 2949 653 2997 suit3
690 2951 822 2988 nescio
852 2955 999 2999 tamen,
1031 2964 1107 3002 quo
1138 2958 1253 3002 pacto
1283 2951 1378 2989 mihi
1408 2953 1487 2988 vim
1515 2951 1633 2988 faciat
1661 2949 1760 2989 haec
1786 2950 1859 2990 ad-

26 3007 264 3046 mirabilis
285 3009 533 3053 congruentia
554 3018 640 3044 cum
660 3006 828 3046 humano
848 3014 975 3056 cantu,
1005 3016 1047 3048 nt
1077 3010 1178 3048 hanc
1197 3020 1352 3059 quoque
1381 3014 1530 3059 partem
1561 3009 1859 3058 comparationis

33 3062 46 3103 ’ἦ
81 3065 197 3102 etiam
227 3065 311 3102 sine
339 3063 463 3102 solida
494 3075 612 3103 causa
641 3063 805 3103 naturali
835 3069 1015 3117 prosequi
1054 3079 1182 3117 cogar.
1243 3066 1349 3116 Quas
1389 3068 1492 3106 enim
1519 3066 1618 3105 libro
1648 3067 1764 3105 oertio
1788 3078 1859 3109 e&-
