1994 3276
121 82 206 132 4’30
744 86 964 133 Appendicis
989 72 1287 125 Harmonicofum

121 204 273 258 cunque
302 207 418 257 igitur
449 194 685 257 quantitates
717 217 764 244 ex
794 206 1040 255 opinionibus
1071 211 1244 246 veterum
1281 198 1558 258 nascebantur,
1580 207 1699 259 ‘quas
1714 206 1809 260 ‘ego‘
1830 211 1909 250 non

121 267 302 305 eruebam
343 277 388 304 ex
428 267 516 315 ipsa
551 269 706 309 natura,
749 263 788 301 id
819 270 877 302 est
915 276 962 303 ex
992 265 1124 315 figuris
1154 263 1396 315 regularibus
1437 271 1506 305 aut
1545 275 1591 307 ex
1610 264 1910 317 comparatione

103 329 256 378 ⁴mutua
285 325 623 363 consonantiarum
665 322 716 360 ab
746 323 793 360 iis
834 322 1111 372 derivatarum,
1154 323 1240 362 illas
1271 335 1344 374 ego
1376 324 1504 363 dimisi
1538 331 1582 364 ut
1610 324 1818 376 plurimum
1847 325 1934 365 in-.·

119 387 263 432 tactas3
296 393 393 433 quas
426 393 518 420 vero
549 392 622 431 ego
656 381 793 428 elicui,
826 381 874 418 ad
907 381 1050 432 placita
1082 387 1253 421 veterum
1284 394 1360 421 non
1392 383 1598 434 applicavi,
1635 385 1701 423 ubi
1733 367 1909 424 connisi&

118 443 238 480 metui
281 439 732 490 potuit.Diatessa1-on
776 439 931 488 quidem
970 439 1187 492 applicavi,
1229 442 1320 491 quia
1362 452 1453 479 non
1475 442 1601 485 errant
1642 442 1709 481 hic
1745 439 1909 492 veteres,

119 500 240 538 diesin
274 510 364 537 vero
394 509 471 536 non
504 497 715 548 applicavi,
744 508 822 535 non
854 500 1088 548 comparavi,
1120 498 1194 537 hoc
1227 505 1285 537 est
1316 500 1569 549 aequiparavi
1593 510 1679 539 cum
1701 513 1759 549 ea,
1792 509 1910 551 quam
1961 525 1965 529 .

117 564 268 596 veteres
301 555 422 596 diesin
454 556 643 604 dixerunt,
675 556 769 605 quia
799 555 866 593 illa
898 556 1053 594 diversa
1082 562 1140 595 est
1171 569 1195 595 a
1215 569 1334 597 meas
1373 558 1487 597 Idem
1503 557 1711 598 tenendum
1741 556 1909 598 delem-

118 621 339 666 mate,meo
381 621 419 653 et
461 620 650 662 veterum,
696 613 806 662 cujus
844 613 923 652 alia
963 617 1175 663 quantitas,
1222 615 1322 653 alius
1352 615 1602 662 abscindendi
1633 616 1783 655 modus.
1845 617 1909 657 Sic

118 680 252 713 cantus
283 685 443 724 genera,
477 673 613 711 durum
644 676 682 710 et
710 671 845 719 molle,
886 683 962 710 non
995 674 1215 722 comparavi
1249 684 1322 723 ego
1354 686 1438 712 cum
1469 676 1517 713 iis
1546 676 1773 724 generibus,
1806 686 1907 726 quae

119 738 267 772 veteres
299 737 552 782 agnoverunt,
586 731 678 780 quia
709 742 732 768 a
763 731 986 768 confusione
1017 731 1150 770 lectori
1182 744 1268 770 meo
1300 735 1430 781 metui,
1466 735 1673 773 nonenim
1704 733 1906 773 fundatam

116 792 248 830 inveni
277 793 318 828 in
347 795 487 828 natura
517 789 779 839 triplicitatem
811 788 915 826 illam
946 797 1138 838 generum
1160 794 1307 828 cantus.

186 839 190 849 ¹
231 849 347 888 Libro
389 853 526 907 quarto
559 847 694 885 videor
729 847 799 885 tibi
829 847 965 885 toliere
1006 847 1247 886 harmoniam
1289 859 1440 887 omnem
1483 853 1636 897 praeter
1667 837 1902 889 circularem.
1958 898 1960 900 V

121 908 201 946 Etsi
233 909 380 958 primae
411 903 660 946 terminorum
691 905 1000 943 harmonicorum
1032 906 1144 945 ideae
1176 912 1266 945 sunt
1296 908 1335 943 in
1365 907 1532 945 arcubus
1553 907 1696 956 circuli,
1729 919 1752 946 a
1782 908 1906 958 figura

114 966 280 1015 regulari
323 965 457 1013 divisi,
503 970 632 1003 tamen
678 963 768 1002 illae
799 963 1103 1014 multiplicantur
1146 966 1261 1003 etiam
1300 966 1338 1002 in
1369 970 1493 1004 rectas
1525 967 1785 1016 quantitatem
1831 978 1903 1006 nec

115 1026 217 1063 enim
248 1023 414 1074 amplius
453 1023 551 1061 fiunt
578 1023 730 1061 termini
765 1024 1022 1073 proportionis
1063 1029 1219 1072 propter
1248 1023 1410 1073 figuram
1441 1023 1688 1076 circularem,
1730 1029 1773 1063 ut
1801 1036 1902 1074 quae

114 1083 304 1121 divisione
331 1083 426 1132 jam*
445 1087 504 1120 est
534 1081 749 1127 destructa,
791 1080 862 1118 sed
893 1081 1017 1119 solum
1053 1086 1208 1132 propter
1231 1081 1537 1135 longitudinem,
1582 1093 1690 1132 quae.
1717 1085 1905 1133 reperitur

114 1143 231 1180 etiam
261 1142 299 1178 in
329 1141 455 1180 rectis.
515 1139 603 1178 Non
634 1140 751 1188 igitur
781 1139 986 1178 circulares
1016 1139 1117 1178 facio
1148 1139 1368 1179 harmonias
1399 1139 1532 1188 aliter,
1577 1151 1695 1191 quam
1724 1143 1902 1192 respectu

112 1201 321 1249 primarum
350 1198 523 1237 idearum
552 1197 778 1236 mentalium
811 1202 993 1247 ortusque
1025 1209 1155 1236 earum
1188 1210 1234 1236 ex
1265 1198 1419 1237 circulo.

228 1257 302 1296 Hic
333 1262 374 1296 tu
407 1258 523 1295 etiam
566 1267 628 1294 me
658 1261 828 1304 mactas,
875 1256 1066 1304 Roberte,
1110 1257 1187 1294 tuis
1229 1256 1516 1304 additionibus,
1560 1256 1628 1295 ubi
1659 1256 1902 1296 voluntatem

115 1318 310 1366 egregiam
342 1315 545 1361 collaudo,
591 1319 757 1353 ceterum
789 1325 944 1363 operam
977 1313 1161 1364 deprecor
1201 1316 1238 1352 in
1270 1315 1580 1364 meteorologicis
1618 1316 1716 1353 meis
1745 1312 1903 1355 harmo'-

111 1377 205 1412 niis:
237 1374 363 1412 nullas
395 1384 467 1423 ego
498 1378 629 1423 partes
659 1374 829 1411 musicae
862 1372 1035 1411 diversas
1059 1373 1220 1411 diversis
1241 1374 1408 1422 planetis
1434 1374 1608 1422 signisve
1628 1373 1901 1424 accommod03

112 1443 219 1472 mens
249 1437 329 1481 tua,
362 1437 404 1470 ut
434 1431 562 1478 video,
594 1431 806 1482 praecurrit
836 1430 982 1469 oculos.
1043 1430 1209 1469 Rursum
1230 1431 1469 1470 harmoniam
1490 1431 1720 1480 angulorum
1751 1437 1902 1471 tantum

68 1504 71 1514 s
113 1492 235 1539 abest,
269 1495 312 1529 ut
341 1492 386 1528 in
416 1495 528 1529 motu
558 1491 766 1528 consistere
796 1488 944 1537 dicam,
988 1493 1031 1526 ut
1059 1491 1211 1538 potius,
1245 1489 1428 1539 quamdiu
1461 1494 1498 1528 et
1529 1491 1785 1539 inquantum
1816 1501 1903 1529 mo·—

111 1554 251 1588 v'entur
280 1549 474 1599 planetae,
508 1549 699 1586 continua·
722 1548 771 1585 sit
792 1547 1061 1598 dissonantia,
1095 1548 1391 1586 concordantiae
1423 1559 1515 1586 vero
1548 1558 1702 1599 omnes,
1734 1549 1775 1588 in
1804 1559 1901 1599 quas

110 1607 291 1659 planetae
332 1611 441 1645 motu
483 1611 700 1653 transeunt,
745 1606 822 1643 sint
852 1612 1166 1654 momentaneae,
1209 1607 1240 1644 si
1273 1607 1515 1645 exactissime
1554 1617 1613 1644 res
1648 1608 1900 1656 pensitentur.

110 1665 187 1704 Sed
220 1677 310 1712 nec,
359 1664 554 1715 quomodo
599 1665 759 1701 mixtam
801 1675 874 1714 ego
917 1668 1084 1702 statuam
1127 1664 1384 1712 harmoniam,
1434 1665 1529 1703 satis
1570 1663 1672 1703 clarc
1717 1665 1900 1716 explicas.

109 1724 272 1762 Mixtam
301 1726 430 1774 patior
464 1722 664 1773 appellari,
698 1724 790 1771 quia
822 1722 1037 1770 cumradii,
1070 1723 1135 1772 qui
1157 1722 1334 1772 angulos,
1367 1723 1626 1772 proportionis
1656 1722 1901 1762 harmonicae

113 1783 319 1830 terminos,
362 1783 678 1830 interstinguunt,
710 1782 786 1818 sint
817 1781 1015 1828 coelestes,
1049 1781 1215 1830 angulus
1246 1788 1373 1819 tamen
1404 1783 1508 1831 ipse,
1549 1782 1614 1830 qui
1644 1782 1829 1820 terminus
1859 1781 1902 1820 fit

109 1841 381 1892 proportionis,
414 1841 451 1877 in
484 1839 603 1877 Terra
633 1839 828 1877 formatur.
889 1839 970 1877 Nec
999 1838 1094 1876 nihil
1127 1839 1233 1877 deest
1264 1844 1302 1877 et
1331 1839 1387 1876 illi
1420 1845 1510 1877 tuae
1539 1839 1766 1887 narrationi,
1809 1838 1899 1878 dum

110 1898 287 1946 sextilem
318 1910 342 1936 a
371 1910 432 1936 me
464 1899 521 1936 ais
554 1894 768 1946 comparari
801 1898 936 1935 tertiae
966 1896 1093 1946 molli3
1137 1908 1213 1935 non
1254 1898 1342 1946 ipsi,
1387 1898 1542 1947 inquam
1575 1908 1672 1946 ego,
1716 1897 1790 1936 sed
1815 1897 1899 1947 ejus

112 1958 242 1996 sociae
275 1956 456 2006 diapente
487 1955 823 2006 epidisdiapason3
862 1956 917 1992 ita
949 1959 987 1993 et
1017 1955 1064 1993 de
1094 1957 1230 1994 ceteris
1262 1955 1449 1995 omnibus,
1509 1955 1638 2004 Atque
1668 1955 1731 1993 hic
1759 1957 1900 2010 repetis

114 2016 414 2065 comparationis
445 2024 555 2052 meae
587 2014 723 2060 verba,
770 2024 870 2063 quae
903 2024 975 2062 ego
1007 2017 1157 2051 tantum
1189 2012 1235 2051 de
1266 2012 1364 2051 libro
1397 2013 1468 2050 Π-Ι.
1510 2012 1635 2062 deque
1664 2014 1895 2063 investigato

111 2073 398 2112 harmoniarum
418 2073 587 2110 omnium
609 2077 692 2109 ortu
715 2070 832 2109 ideali
853 2071 1092 2120 scripseram,
1125 2075 1168 2109 ut
1188 2071 1299 2108 facile
1319 2074 1480 2121 apparet
1501 2070 1770 2121 consideranti,
1802 2072 1902 2122 quae

113 2140 186 2182 e'go
217 2132 274 2170 tui
306 2132 433 2197 operis
465 2130 593 2180 capita
623 2141 707 2167 cum
741 2130 880 2178 quibus
911 2129 984 2167 mei
1019 2130 1330 2179 comparaverim.
1393 2128 1560 2166 Audiam
1592 2126 1737 2167 tamen'
1756 2126 1898 2179 'objec-

112 2192 236 2229 tiones
266 2195 366 2235 tuas,
399 2190 431 2226 si
462 2187 554 2238 quid
586 2187 676 2226 illae
708 2188 868 2226 forsitan
900 2188 1005 2236 operi
1035 2199 1121 2225 meo
1153 2192 1305 2236 praeter
1336 2191 1373 2224 et
1402 2186 1502 2225 ultra
1532 2188 1663 2226 verba*
1682 2189 1776 2236 ista,
1807 2187 1898 2238 per-'-
1943 2182 1946 2185 ’

108 2260 239 2300 peram
270 2248 347 2286 huc
378 2246 594 2297 applicata,
628 2250 799 2295 ereptum
831 2249 930 2284 eant.

230 2306 409 2354 Videtur,
442 2306 580 2354 inquis,
612 2304 720 2353 quod
747 2316 828 2342 non
858 2303 1033 2352 any-„clus
1062 2305 1105 2340 in
1133 2307 1242 2340 terra
1263 2302 1444 2340 duarum
1465 2303 1743 2343 radiationum
1773 2281 1897 2342 eausa

104 2367 155 2403 sit
186 2368 483 2413 tempestatum,
522 2362 589 2401 sed
613 2364 749 2411 potius
779 2361 1015 2412 influentiae
1053 2360 1266 2408 cujusdam
1296 2362 1425 2398 vimus
1455 2362 1608 2400 occulta
1647 2366 1684 2399 et
1712 2361 1897 2400 admira-

107 2424 204 2461 bilis.
267 2422 386 2469 Haec,
418 2422 470 2459 mi
501 2421 681 2468 Roberte,
713 2431 791 2458 vox
822 2424 880 2458 est.
911 2420 1023 2456 unius
1055 2430 1075 2456 e
1106 2419 1296 2456 communi
1329 2423 1439 2456 coetu
1463 2418 1673 2466 doctorum,
1704 2421 1772 2469 qui
1803 2419 1904 2457 n‘ul-x

105 2481 182 2519 lam
215 2481 305 2519 dum
336 2491 492 2530 operam
523 2480 655 2530 posuit
684 2480 723 2515 in
753 2478 1083 2527 pervestigatione
1115 2488 1331 2515 causarum.
1392 2477 1450 2514 Ex
1482 2477 1727 2524 admirando,
1770 2476 1896 2527 iuquit

106 2539 183 2587 ille,
217 2539 337 2577 coorti
358 2543 448 2575 sunt
478 2537 647 2575 studium
680 2542 797 2586 atque
827 2535 938 2573 labor
966 2534 1237 2582 investigandi.
1301 2534 1375 2572 Hic
1405 2546 1491 2572 cuni
1522 2540 1562 2573 tu
1592 2545 1698 2574 meas
1720 2535 1894 2574 molitio-

105 2609 174 2636 nes
206 2597 357 2644 videas,
395 2596 477 2645 jam
507 2594 651 2633 dudum
684 2596 784 2632 enim
825 2597 863 2632 et
894 2604 966 2642 ego
997 2604 1096 2630 unus
1128 2591 1279 2629 illorum
1319 2593 1395 2640 fui,
1441 2594 1506 2642 qui
1539 2592 1777 2641 influentias,
1798 2586 1801 2590 ’
1824 2594 1891 2643 qui

104 2656 277 2694 occultas
307 2654 506 2693 coelorum
540 2655 703 2691 virtutes
733 2651 970 2698 admirabar,
1002 2651 1118 2687 miror
1149 2649 1338 2698 equidem,
1372 2662 1437 2688 cur
1459 2663 1534 2689 non
1567 2651 1644 2689 alia
1669 2662 1710 2690 re
1731 2660 1892 2689 censeas

105 2714 193 2751 illas
224 2712 502 2762 reprimendas,
536 2722 651 2760 quam
683 2711 844 2760 pristina
873 2708 941 2746 illa
970 2711 1008 2746 et
1038 2707 1213 2745 obsoleta
1244 2707 1510 2747 admiratione
1572 2708 1745 2747 Hoccine
1775 2709 1892 2758 igitur

106 2779 175 2818 est,
208 2768 481 2822 philosophum
514 2780 651 2818 agere,
684 2768 873 2812 noberta,
916 2764 1251 2815 philosophantem
1285 2767 1439 2815 objectu
1470 2768 1710 2816 ignorantiae
1742 2768 1891 2804 invete-

105 2835 212 2867 ratae
242 2829 445 2879 prohibere
477 2828 526 2866 ab
559 2826 666 2865 aditu
696 2823 948 2878 penetralium
978 2824 1165 2862 naturae?
1228 2824 1273 2861 Et
1294 2830 1459 2874 quantae
1489 2836 1633 2873 quaeso
1665 2828 1778 2862 sunt
1791 2820 1890 2861 vire's

107 2886 211 2925 illius
242 2892 332 2925 tuae
363 2887 470 2924 vocis
510 2885 698 2932 Videtur,
731 2893 827 2934 quas
860 2892 946 2919 cum
975 2883 1210 2930 argumentis
1242 2884 1337 2920 meis
1369 2882 1574 2920 conferas?
1623 2911 1626 2915 .

222 2944 411 2994 Aspectus
442 2946 480 2981 in
513 2943 621 2981 coelo
652 2954 728 2980 non
760 2945 829 2987 est,
861 2940 899 2976 in
931 2939 1050 2978 Terra
1079 2939 1285 2988 formatur3
1317 2942 1354 2977 in
1383 2940 1501 2979 Terra
1531 2951 1625 2978 vero
1657 2945 1695 2978 et
1724 2940 1888 2978 circum—

105 3000 190 3038 suso
223 3005 310 3040 aere
342 2998 516 3051 sequitur
546 3006 746 3050 aspectum
776 2998 1001 3044 commotio,
1043 3003 1222 3047 aspectus
1254 3009 1344 3047 ergo
1376 3009 1496 3036 causa
1532 3002 1590 3036 est
1620 2997 1886 3036 commotionis

105 3063 388 3110 tempestatum.
451 3059 641 3108 Rursum,
683 3069 759 3097 non
799 3057 922 3095 omnis
962 3055 1127 3104 angulus
1159 3056 1418 3094 coincidentes
1454 3056 1572 3094 habet
1612 3052 1883 3104 motus‘ae‘ris‚
