1994 3276
155 122 236 162 138
864 123 919 159 De
940 122 1237 170 Proportionibus

150 238 278 278 facere
307 242 494 290 potuisse,
525 251 612 280 cum
642 242 964 292 profundissimae
994 243 1187 294 indaginis
1215 242 1471 294 philosophus
1500 242 1572 288 sit,
1601 240 1674 278 nisi
1705 237 1813 290 quod
1841 240 1944 278 veri-

149 296 288 346 simile,
320 298 546 338 difficultate
577 301 856 350 perquirendae
889 314 1028 341 causae
1071 301 1283 341 cohibitum
1311 302 1452 349 fuisse,
1493 310 1570 350 quo
1601 299 1727 336 minus
1758 301 1944 348 quantum

150 354 273 394 vellet
303 362 542 407 penetraret,
585 359 784 409 satiusque
813 362 1037 414 putavisse,
1074 360 1221 411 aliquid
1250 360 1433 411 prodere,
1476 369 1591 409 quarn
1620 357 1774 407 penitus
1803 360 1944 404 tacere,

148 413 257 463 quod
287 419 397 465 turpe
428 415 661 466 philosopho
693 429 776 457 esse
817 418 1006 460 dictitant.
1067 419 1167 458 Nam
1197 430 1296 468 quae
1336 429 1482 468 quaeso
1519 416 1718 467 proportio
1739 413 1945 453 -titillatio-

145 474 209 510 nis
240 473 407 521 audituS,
440 476 494 513 rei
533 486 762 525 corporeae,
807 476 857 515 ad
888 476 1151 524 incredibilem
1190 477 1298 515 illam
1329 475 1588 526 voluptatem,
1628 484 1746 524 quam
1776 484 1823 512 ex
1852 472 1944 510 har-

148 532 312 570 monicis
343 535 605 572 consonantiis
642 535 746 572 intus
776 535 814 573 in
845 537 974 575 animo
1011 537 1250 586 penitissime
1287 533 1548 585 percipimus?
1606 532 1763 579 Nonne,
1802 531 1835 569 si
1866 542 1944 580 qua

152 589 340 639 voluptas
379 596 436 629 est
467 603 514 630 ex
545 591 789 645 titillatione,
833 593 879 633 de
919 606 966 633 ea
1007 593 1207 644 voluptate
1245 595 1389 644 primas
1425 596 1533 631 tenet
1567 589 1799 637 membrum,
1841 588 1944 639 quod

149 647 412 688 titillationem
443 650 636 689 sustinet?
696 650 762 690 Sic
799 653 901 691 enim
933 652 1171 691 definiendus
1211 652 1305 690 mihi
1343 652 1453 690 visus
1483 654 1543 689 est
1582 659 1718 688 sensus
1749 649 1874 686 omnis
1905 649 1945 684 in

146 705 362 756 Dioptricis
393 713 450 754 (ΙΙ.
476 723 509 754 p.
536 711 640 757 539),
685 709 788 759 quod
820 722 867 749 ea
898 710 1052 749 demum
1095 712 1146 748 sit
1185 710 1366 749 absoluta
1410 709 1556 756 sensio,
1598 706 1840 756 voluptatem
1877 710 1945 744 aut

149 763 325 804 dolorem
355 767 520 815 pariens,
553 778 640 805 cum
670 769 820 817 species
850 770 1011 808 membri
1040 770 1211 807 sensioni
1243 768 1436 815 destinati,
1467 772 1512 805 ut
1534 765 1574 804 id
1595 770 1654 804 est
1684 764 1864 803 affectum
1893 764 1943 802 ab

149 827 308 862 externa
337 835 390 872 re,
423 826 530 864 venit
558 826 765 864 introrsum
794 827 844 865 ad
876 839 1012 867 sensus
1044 828 1258 866 communis
1287 825 1456 865 tribunal
1487 826 1705 863 commeatu
1725 823 1942 873 spirituum.

149 879 242 919 Jam
274 893 366 920 vero
397 883 435 919 in
467 882 666 923 auditione
698 887 994 925 consonantium
1023 897 1165 924 vocum
1194 885 1258 924 vel
1288 896 1470 924 sonorum
1508 894 1609 933 quae
1639 892 1785 932 quaeso
1806 886 1943 931 partes

150 939 363 989 voluptatis
406 942 442 978 in
481 942 639 981 auribus
679 942 874 982 haerent?
932 944 1071 983 Nonne
1109 943 1283 982 dolemus
1320 942 1512 981 interdum
1548 941 1599 979 ab
1630 939 1811 987 auribus,
1853 938 1943 978 dum

147 997 341 1039 inhiamus
371 999 462 1038 huic
491 999 693 1050 auditioni,
726 1006 764 1040 et
794 1014 951 1041 manum
974 1003 1206 1053 opponimus
1225 1002 1472 1052 clangoribus
1491 1000 1632 1047 nimiis,
1663 997 1785 1036 nihilo
1812 1002 1943 1036 tamen

147 1057 274 1095 minus
304 1059 501 1107 pergimus
531 1058 581 1097 ad
611 1060 878 1110 percipiendas
910 1062 1184 1100 consonantias
1223 1065 1261 1100 et
1298 1072 1363 1099 cor
1394 1059 1507 1098 nobis
1546 1056 1771 1096 subsultet?
1833 1055 1942 1095 Adde

147 1114 254 1163 quod
285 1115 383 1154 haec
413 1118 511 1155 ratio
542 1129 566 1154 a
596 1123 703 1156 motu
735 1119 903 1158 deducta
933 1121 1136 1169 potissima
1168 1123 1226 1158 est
1256 1121 1294 1156 in
1317 1120 1506 1165 unisono,
1539 1116 1715 1154 suavitas
1742 1125 1834 1153 vero
1865 1126 1942 1153 non

146 1175 357 1224 praecipua
386 1176 422 1211 in
457 1177 634 1223 unisono,
667 1176 735 1215 sed
766 1179 803 1215 in
835 1178 924 1216 aliis
945 1178 1206 1216 consonantiis
1239 1187 1449 1226 earumque
1477 1174 1768 1222 compositione.
1816 1173 1943 1211 Multa

146 1237 305 1280 possent
334 1233 458 1272 afferri
491 1233 540 1272 ad
570 1234 843 1275 destruendam
874 1236 975 1275 hanc
1005 1236 1164 1274 allatam
1194 1238 1382 1274 rationem
1413 1234 1620 1273 suavitatis
1651 1243 1699 1270 ex
1720 1242 1940 1270 consonan-

146 1290 222 1338 tiis,
253 1302 354 1340 quae
385 1292 494 1330 mitto
526 1294 564 1330 in
594 1305 777 1343 praesens
809 1296 998 1333 curiosius
1029 1295 1287 1344 conscribere3
1319 1292 1417 1331 illud
1447 1294 1604 1331 unicum
1623 1289 1788 1338 inculco,
1820 1289 1938 1340 quod,

140 1347 226 1397 jam
254 1360 373 1399 supra
403 1354 549 1389 tactum
581 1363 604 1389 a
635 1364 708 1400 me,
740 1355 865 1402 possit
897 1365 981 1391 esse
1012 1353 1099 1391 loco
1132 1355 1314 1400 omnium,
1348 1350 1455 1401 quod
1475 1361 1593 1401 opera
1614 1353 1821 1398 motusque
1852 1359 1939 1387 cor-

143 1418 303 1457 porum,
347 1408 487 1446 aemuli
524 1411 816 1459 proportionum
856 1411 1184 1459 barmonicarum,
1223 1412 1272 1450 ab
1314 1411 1467 1448 animae
1494 1404 1723 1456 ‚mentisque
1765 1407 1939 1456 partibus

145 1469 258 1514 stent,
291 1467 338 1504 iis
370 1478 526 1505 causam
559 1469 812 1518 assignantes,
846 1480 912 1508 cur
943 1471 1219 1509 consonantiae
1257 1469 1460 1508 delectent.
1518 1466 1601 1505 Nec
1632 1464 1813 1503 abhorret
1843 1477 1941 1503 auc·

145 1524 282 1562 toritas
311 1529 509 1573 veterum,
541 1527 608 1575 qui
640 1528 809 1566 animam
839 1539 941 1567 nunc
970 1533 1138 1576 motum,
1178 1539 1281 1566 nunc
1310 1526 1550 1565 harmoniam
1583 1523 1829 1570 definientes,
1861 1534 1939 1562 non

145 1586 225 1620 tam
257 1582 425 1623 absurde
455 1583 574 1623 locuti
605 1590 706 1633 sunt,
740 1598 856 1636 quam
888 1588 1016 1637 inepte
1049 1589 1217 1636 excepti,
1258 1598 1345 1624 cum
1375 1587 1414 1622 in
1444 1584 1560 1623 rebus
1592 1581 1811 1620 difficilibus
1852 1593 1939 1632 my-

145 1641 232 1678 stici
262 1641 490 1691 plerumque
521 1654 656 1682 sensus
686 1643 845 1693 lateant,
877 1646 950 1684 sub
982 1646 1186 1684 verborum
1219 1645 1380 1683 cortices
1409 1641 1609 1681 reconditi.
1670 1639 1819 1678 Timaei
1850 1642 1939 1690 qui-

145 1697 233 1737 dem
263 1699 468 1739 Locrensis
498 1700 767 1752 philosophia,
808 1703 1004 1753 quomodo
1036 1704 1251 1753 composita
1288 1704 1340 1742 sit
1377 1703 1507 1740 anima
1545 1711 1592 1739 ex
1623 1699 1938 1749 proportionibus

143 1756 390 1805 harmonicis,
423 1758 469 1798 de
501 1771 579 1809 qua
609 1761 647 1798 in
679 1762 945 1811 praeambulo,
976 1762 1142 1800 refutata
1174 1766 1232 1801 est
1261 1762 1311 1800 ab
1343 1758 1553 1799 Aristotele
1581 1758 1620 1794 in
1651 1767 1698 1796 eo
1729 1767 1864 1805 sensu,
1897 1761 1939 1795 ut

146 1820 288 1854 sonant
319 1817 461 1866 verba3
499 1829 576 1856 non
607 1820 731 1859 ausim
773 1824 902 1858 tamen
934 1820 1148 1868 affirmare,
1192 1820 1287 1858 nihil
1326 1821 1365 1856 in
1396 1820 1442 1856 iis
1472 1815 1639 1868 pagellis
1676 1814 1820 1863 latere,
1863 1816 1937 1853 nisi

144 1873 249 1923 quod
279 1880 420 1914 sonant
449 1876 580 1924 verba,
612 1879 688 1916 imo
718 1883 948 1927 negaturum
978 1883 1074 1928 puto
1105 1878 1433 1927 neminem,·quin
1460 1877 1494 1914 is
1515 1879 1650 1914 auctor
1678 1872 1753 1911 hoc
1783 1872 1833 1911 ad
1862 1874 1937 1911 mi-

144 1933 290 1970 nimum
321 1937 463 1980 teneat,
496 1935 600 1983 quod
631 1935 694 1974 hie
725 1941 869 1983 astruo,
901 1942 1069 1975 mentem
1091 1948 1176 1975 esse
1208 1938 1455 1984 animumque
1471 1934 1695 1983 humanum,
1726 1930 1837 1980 cujus
1867 1943 1937 1970 seu

140 1990 288 2039 judicio
319 2002 387 2030 seu
418 1993 602 2031 instinctu
632 2005 769 2032 sensus
801 1994 956 2033 auditus
987 1997 1254 2044 proportiones
1285 2004 1439 2039 suaves,
1470 1992 1545 2030 hoc
1566 1995 1623 2029 est
1652 2000 1854 2038 consonas,
1885 1990 1936 2028 ab

143 2049 371 2088 insuavibus
401 2055 439 2088 et
470 2050 636 2089 dissonis
667 2051 875 2100 discernat,
917 2054 1059 2102 quippe
1092 2055 1158 2102 qui
1187 2053 1263 2090 hoc
1293 2051 1497 2100 diligenter
1527 2047 1729 2098 expendit,
1771 2058 1935 2098 propor-

143 2108 268 2146 tiones
300 2119 384 2146 esse
413 2109 572 2147 rationis
606 2111 722 2158 entia,
753 2113 903 2150 ratione
933 2111 1019 2149 sola
1047 2122 1125 2149 non
1155 2122 1273 2149 sensu
1291 2107 1569 2159 perceptibilia,
1601 2111 1638 2145 et
1666 2107 1935 2156 proportiones

143 2176 215 2204 ceu
244 2165 406 2204 formam
437 2179 461 2205 a
492 2178 531 2206 re
561 2170 856 2218 proportionata
886 2180 956 2207 ceu
987 2170 1149 2208 materia
1179 2168 1435 2217 distinguere,
1466 2166 1606 2204 mentis
1637 2176 1735 2214 opus
1766 2175 1881 2202 esse..

257 2222 355 2263 Cum
386 2229 516 2264 autem
546 2224 644 2264 duas
675 2226 881 2276 figurarum
912 2226 1148 2276 regularium
1191 2228 1446 2276 proprietates
1477 2223 1821 2274 explicaverimus:
1864 2222 1935 2262 de·

141 2281 504 2322 monstrabilitatem
536 2285 787 2323 scientificam
816 2285 980 2324 laterum
1009 2285 1049 2323 in
1080 2285 1242 2331 singulis
1283 2288 1321 2323 et
1351 2283 1641 2332 congruentiam
1671 2282 1770 2319 inter
1798 2291 1841 2319 se
1869 2285 1934 2320 to-

142 2346 267 2378 tarum
294 2340 530 2394 junctarum,
561 2354 639 2381 non
670 2343 843 2393 ejusdem
874 2343 989 2393 plane
1021 2343 1236 2382 latitudinis
1265 2347 1492 2391 utramque,
1530 2339 1577 2379 de
1609 2339 1934 2379 demonstratione

142 2397 300 2447 quidem
343 2400 540 2439 axiomata
579 2406 712 2440 nostra
742 2407 881 2440 sonant
911 2403 1177 2452 potissimum,
1222 2401 1314 2450 quia
1350 2400 1448 2439 haec
1484 2399 1609 2448 magis
1646 2396 1846 2436 familiaris
1875 2402 1935 2436 est

140 2458 455 2506 proportionibus
484 2463 672 2507 motuum,
706 2471 752 2498 ex
783 2461 925 2510 quibus
957 2462 1072 2498 etiam
1093 2461 1179 2498 soni
1202 2460 1383 2498 existunt.
1443 2457 1542 2495 Nam
1564 2456 1815 2506 congruentia
1833 2457 1934 2494 inest

139 2515 285 2565 figuris,
316 2520 358 2554 ut
388 2521 494 2556 totae
525 2522 633 2565 sunt,
665 2522 794 2556 motus
824 2529 917 2557 vero
948 2517 1112 2568 (quibus
1144 2516 1323 2557 accidunt
1364 2516 1633 2566 proportiones
1665 2513 1932 2564 harmonicae)

141 2573 309 2623 figurae,
348 2586 373 2612 a
402 2586 480 2624 qua
511 2574 743 2623 derivantur,
775 2575 898 2615 latera
934 2578 973 2613 in
1013 2581 1159 2615 rectum
1199 2574 1410 2614 extendunt
1441 2571 1549 2627 (cum
1588 2572 1762 2623 plerique
1800 2582 1933 2610 omnes

140 2637 184 2670 ut
213 2629 402 2670 rectilinei
433 2631 742 2687 considerentur)
775 2638 813 2672 et
843 2636 898 2672 sic
919 2634 1080 2683 figuram
1102 2646 1224 2680 suam,
1256 2637 1299 2670 ut
1318 2637 1516 2682 serpentes
1537 2635 1709 2677 matrem,
1741 2630 1932 2678 perimunt

141 2695 179 2728 et
217 2689 429 2729 destruunt.
489 2692 633 2741 Figura
673 2693 711 2728 in
743 2697 928 2741 quantum
972 2704 1159 2742 congrua,
1203 2690 1384 2730 circulum
1427 2692 1616 2739 integrum
1654 2687 1857 2736 distinguit
1891 2688 1931 2725 in

141 2753 291 2797 partes,
332 2751 599 2799 proportiones
643 2749 890 2789 harmonicae
938 2750 1121 2789 circulum
1171 2749 1393 2788 distinctum
1437 2750 1473 2786 in
1515 2753 1658 2786 rectum
1707 2745 1929 2793 extendunt,

143 2805 399 2846 distinctionis
429 2819 453 2846 a
482 2808 606 2858 figura
635 2808 760 2847 factae
800 2812 928 2846 actum
960 2807 1100 2847 delent.
1160 2807 1225 2846 Sic
1266 2808 1541 2845 consonantiae
1582 2815 1667 2842 cum
1696 2803 1829 2852 figuris
1859 2803 1930 2842 de·-

140 2865 454 2904 monstrabilibus
497 2868 535 2904 in
571 2866 761 2904 infinitum
798 2871 1028 2912 excurrunt,
1070 2866 1215 2915 figurae
1258 2877 1451 2915 congruae
1490 2873 1648 2900 nurnero
1691 2859 1928 2901 duodenario

141 2922 334 2961 finiuntur.
394 2923 573 2974 Denique
606 2925 890 2963 distinctionem
919 2923 1050 2963 circuli
1081 2924 1278 2973 quaelibet
1307 2924 1430 2973 figura
1460 2922 1551 2960 facit
1572 2921 1736 2967 unicam,
1768 2923 1807 2958 at
1835 2930 1928 2970 par-

141 2985 199 3018 tes
233 2982 269 3017 in
302 2981 444 3020 circulo
476 2983 710 3022 constitutae
742 2981 838 3021 duas
869 2993 1019 3032 semper
1047 2982 1191 3020 faciunt
1223 2993 1308 3020 cum
1339 2986 1422 3020 toto
1454 2979 1738 3019 consonantias.

254 3038 337 3077 Etsi
366 3051 459 3079 vero
489 3041 617 3091 potior
645 3042 687 3079 in
716 3040 790 3079 hoc
821 3041 932 3079 tertio
961 3038 1060 3085 libro
1091 3041 1189 3078 ratio
1221 3042 1291 3078 erit
1331 3037 1665 3078 demonstrationis
1695 3034 1927 3075 scientificae

138 3094 320 3146 laterum,
351 3109 468 3147 quam
498 3099 774 3149 congruentiae
804 3097 1012 3148 figurarum
1042 3102 1209 3138 totarum
1223 3126 1233 3146 ‚
1273 3098 1371 3137 haec
1401 3101 1530 3135 tamen
1559 3098 1717 3145 propter
1747 3094 1929 3144 magnam
