1994 3276
140 155 220 194 154
846 155 901 191 De
924 153 1219 200 Propertiouibus

253 272 328 311 Hic
357 274 473 323 igitur
503 277 562 312 est
582 276 689 312 ortus
715 273 1006 313 intervallorum
1033 273 1304 323 concinnorum
1336 271 1610 322 disssonorum,
1643 273 1785 323 quibus
1811 272 1931 324 paulo

136 338 226 381 post
254 342 327 370 sua
358 331 538 373 dabimus
567 332 739 371 nomina.

251 387 455 439 Sequitur,
499 393 541 427 ut
572 390 690 429 etiam
720 390 769 431 de
800 395 885 429 ortu
917 391 1116 429 tertiorum
1155 387 1450 428 intervallorum
1481 388 1673 438 dicamus,
1712 398 1814 439 quae
1843 387 1935 426 licet

137 448 325 486 concinna
366 448 557 498 exquisite
592 459 669 487 non
707 450 804 497 sint,
853 445 1040 488 concinno
1071 453 1199 487 tamen
1246 449 1377 485 cantui
1415 449 1630 487 inserviunt
1667 453 1736 486 aut
1776 447 1934 486 concin-

137 517 273 543 norum
328 507 452 545 vicem
489 507 693 546 sustinent.
763 506 838 546 Illa
880 518 971 546 vero
1018 518 1065 547 ex
1105 508 1379 546 concinnorum
1424 504 1616 557 (similiter
1659 510 1702 544 ut
1747 506 1935 544 concinna

137 575 184 602 ex
223 562 494 616 consonorum)
539 560 871 605 subtractionibus
921 577 991 604 scu
1037 564 1392 617 comparationibus
1444 565 1628 603 oriuntur.
1696 563 1796 602 Nam
1838 564 1937 602 inter

137 624 328 661 concinna
360 635 444 665 seu,
461 623 632 662 secunda
663 623 868 663 intervalla
958 628 1047 662 sunt
1076 626 1190 663 tertia
1219 621 1426 662 intervalla
1455 623 1550 662 ista:

476 689 493 709 a
603 690 620 712 9
1275 693 1293 712 ο

477 712 492 734 ⁹
533 696 566 724 et
591 711 634 737 ιδ
673 716 1190 725 ..........
1250 691 1319 738 {f
1348 736 1443 778 Quod
1473 739 1680 779 componitur
1703 746 1744 769 ex
1771 734 1815 783 ἓξ
1838 733 1912 768 et⁸
1893 733 1938 781 nr

476 783 497 827 i}
534 790 566 816 et
592 784 677 830 13
728 809 734 815 .
783 809 790 816 .
895 810 1185 817 ......
1237 784 1302 833 ‚32
1352 791 1385 816 et
1414 782 1516 830 paulo
1540 784 1717 816 admodum
1746 787 1796 816 ost
1828 783 1938 815 minus

1553 840 1653 874 quam
1680 828 1734 875 ‚z-

462 875 506 922 1⁹³5
531 881 564 909 et
589 875 631 921 11⁷3
672 902 1190 911 ..........
1250 877 1295 924 {3

255 934 327 974 His
359 935 448 974 addi
479 941 611 986 potest
642 936 882 988 duplicatum
911 938 1159 978 intervallum
1196 935 1299 992 ¹⁵],ffl
1330 935 1384 977 sc.
1409 934 1551 990 ὤμω,
1583 935 1688 1003 quod
1717 934 1838 986 paulo
1865 936 1940 973 mi-

138 1005 211 1032 nus
241 993 394 1032 excedit
423 994 672 1033 intervallum
702 993 756 1049 ⁸l9
785 1008 903 1046 quam
942 994 1027 1051 ’5116
1058 996 1306 1036 intervallum
1343 994 1375 1018 ‘²‘
1378 992 1486 1049 81135.
1550 995 1597 1034 Et
1625 995 1756 1046 priora
1785 993 1939 1044 quidem

139 1053 213 1090 tria
243 1053 418 1091 oriuntur
447 1065 494 1092 ex
526 1053 789 1093 subtractione
820 1061 956 1094 mutua
986 1057 1265 1095 concinnorum
1286 1054 1539 1102 diversorum,
1570 1052 1646 1091 hoc
1666 1063 1758 1091 vero
1789 1063 1838 1090 ex
1869 1051 1941 1090 ad-

139 1110 284 1148 ditione
317 1110 482 1150 duorum
512 1113 790 1151 concinuerum
819 1113 1065 1163 aequalium,
1096 1114 1165 1153 sed
1195 1115 1323 1151 minus
1353 1114 1509 1152 usitate.

256 1168 388 1218 Atque
424 1169 513 1208 hinc
550 1172 690 1209 emieat
722 1171 1037 1210 corollarium
1079 1173 1457 1210 arithmeticum
1497 1169 1703 1220 pulchrum
1733 1167 1942 1208 admodum
1978 1157 1987 1162 ’

141 1226 179 1262 in
211 1229 381 1266 numeris
413 1232 452 1267 et
482 1235 577 1279 typo
607 1231 800 1279 sequenti.
1845 1243 1847 1245 ’

490 1298 522 1329 s.
773 1296 827 1331 15.
944 1326 946 1329 ,
1047 1297 1102 1334 35.
1334 1295 1388 1331 63.

405 1354 412 1431 Ι
478 1376 510 1448 ιιι.
610 1364 627 1448 Ι
690 1365 695 1433 Ι
762 1377 819 1413 16.
889 1355 897 1433 Ι
974 1366 980 1434 Ι
1046 1377 1101 1415 36
1170 1355 1178 1437 Ι
1252 1348 1452 1433 ΙἿΓ

403 1435 516 1551 1⁰12·
605 1459 640 1530 9
749 1437 790 1556 Ι4Ι
909 1437 964 1530 2}
1036 1435 1069 1552 (ΙΙ
1180 1436 1226 1532 ξε)
1310 1434 1358 1549 ΙΒΙ
1446 1435 1487 1528 {1
1579 1434 1620 1547 ¹1⁰

634 1588 657 1623 8
916 1588 960 1623 ‘24
1169 1588 1225 1623 48.
1346 1546 1613 1622 2..de

258 1644 393 1685 Omnis
424 1658 477 1686 sc.
510 1650 658 1687 numeri
699 1649 798 1686 infra
829 1648 962 1688 decem
1003 1649 1233 1699 quadratum
1272 1659 1359 1687 cum
1389 1646 1617 1697 rectangulo
1660 1646 1838 1684 binorum
1868 1656 1944 1682 nu-
1992 1675 1994 1684 2

143 1716 334 1744 merorum
374 1704 483 1744 illum
521 1707 695 1756 proxime
736 1707 1065 1746 circumstantium
1110 1709 1310 1746 constituit
1345 1705 1594 1745 intervallum
1634 1703 1698 1743 vel
1729 1714 1942 1742 consonum

144 1763 207 1802 vel
239 1766 468 1802 concinnum
500 1764 562 1803 vel
593 1766 761 1811 tertium,
795 1770 957 1815 excepto
987 1767 1195 1815 septenarii
1227 1765 1416 1816 quadrato
1449 1765 1503 1802 49
1534 1769 1573 1802 et
1594 1761 1828 1811 rectangulis
1861 1760 1945 1810 ejus
1992 1782 1994 1785 ·

145 1820 297 1860 duobus
331 1823 383 1860 35
416 1827 455 1860 et
487 1824 552 1860 63.
613 1822 690 1861 Sed
722 1824 784 1862 hic
816 1824 949 1862 exulat
979 1826 1207 1864 concinnum
1241 1821 1312 1876 ”sio
1343 1828 1381 1862 et
1411 1833 1583 1861 consona
1601 1820 1800 1871 pleraque,
1832 1830 1946 1868 prae·
1990 1864 1994 1874 y·

145 1885 201 1918 ter
233 1877 296 1933 ³s4.
362 1880 429 1917 Est
467 1881 585 1930 igitur
626 1882 825 1919 fortuitum
866 1887 1043 1932 respectu
1084 1882 1229 1921 ordinis
1258 1892 1504 1919 numerorum
1543 1885 1582 1918 et
1617 1879 1788 1918 facturae
1832 1877 1947 1926 hujus

144 1939 240 1987 typi.
300 1938 463 1976 Frustra
495 1950 632 1977 causas
664 1939 754 1978 hinc
784 1945 891 1990 petet
921 1941 1209 1987 arithmeticus,
1251 1941 1391 1978 frustra
1428 1939 1635 1988 septenarii
1675 1937 1947 1986 superstitione

146 1996 399 2045 occupabitur
428 1994 727 2046 Pythagoricus,
760 2003 947 2048 tanquam
979 2000 1126 2037 numeri
1148 1998 1403 2045 numerantis3
1435 1997 1552 2034 altius
1573 2007 1635 2033 res
1654 1999 1713 2033 est
1737 1993 1949 2044 repetenda
1988 2005 1994 2034 ,ὲ

147 2066 195 2091 cx
225 2054 439 2104 geometria
468 2061 507 2092 et
540 2057 707 2093 numeris
739 2057 949 2095 numeratis
981 2061 1018 2095 et
1048 2057 1240 2106 figuratis,
1279 2068 1331 2094 sc.
1365 2067 1411 2093 ex
1442 2055 1538 2104 ipsis
1568 2053 1700 2102 figuris
1743 2052 1949 2090 indemon-

146 2106 390 2159 strabilibus,
434 2124 595 2162 quarum
639 2119 696 2151 est
735 2116 858 2163 prima
897 2114 1182 2164 septangulum.
1252 2114 1350 2152 Nam
1389 2123 1467 2162 quo
1509 2113 1634 2150 minus
1675 2110 1776 2150 ultra
1816 2109 1949 2149 decem
1990 2147 1994 2161 Ἴ,

150 2178 265 2220 typus
296 2171 514 2208 continuari
545 2173 682 2221 possit,
716 2179 902 2221 sequente
922 2174 1101 2211 concinni
1133 2178 1284 2220 natura,
1316 2183 1394 2209 non
1417 2171 1499 2220 Jam
1522 2170 1763 2220 septenarius
1782 2168 1948 2218 amplius

148 2228 321 2279 impedit,
354 2228 421 2267 sed
453 2229 519 2267 alii
551 2231 700 2268 numeri
732 2230 941 2280 figurarum
970 2230 1371 2270 indemonstrabilium
1405 2230 1428 2267 9
1460 2233 1497 2267 et
1532 2230 1603 2276 11,
1647 2229 1712 2278 qui
1743 2233 1949 2276 rectangu-
1989 2246 1994 2279 3

148 2287 228 2325 lum
259 2286 430 2325 efficiunt
462 2290 530 2334 99,
563 2288 669 2337 quod
701 2299 786 2326 eum
819 2288 1009 2338 quadrato
1041 2288 1184 2327 denarii
1217 2290 1295 2327 100
1327 2287 1528 2326 constitnit
1558 2285 1807 2325 intervallum
1836 2285 1950 2335 peni·
1986 2311 1994 2328 ἶ,

149 2351 212 2383 tus
243 2345 456 2384 abhorrens
498 2358 521 2383 a
547 2352 687 2392 natura
719 2343 866 2387 cantus,
926 2345 1060 2397 Usque
1100 2347 1199 2387 adeo
1233 2347 1395 2385 multum
1426 2347 1587 2384 interest
1624 2346 1723 2383 inter
1752 2344 1951 2382 axiomata
1987 2332 1990 2336 ¹

152 2402 353 2443 doxastica
384 2409 423 2443 et
453 2406 743 2454 epistemonica.

321 2531 451 2570 Ordo
483 2533 835 2571 concinnerum
868 2536 912 2571 in
944 2535 1261 2585 perfectione
1292 2537 1340 2570 et
1370 2529 1765 2581 appellationes.

270 2636 449 2674 Diximus
480 2635 666 2676 hactenus
699 2636 746 2676 de
778 2640 925 2688 origine
963 2645 1001 2679 et
1032 2638 1164 2677 ordine
1184 2636 1508 2683 intervallorum,
1551 2634 1651 2684 quae
1683 2638 1772 2672 sunt.
1801 2634 1952 2671 minora

154 2696 355 2742 consonis;
401 2693 607 2733 dicendum
648 2706 750 2734 nune
780 2697 895 2735 etiam
936 2697 983 2737 de
1015 2696 1223 2735 eorundem
1256 2690 1480 2734 differentiis
1518 2692 1643 2742 deque
1674 2691 1951 2742 appellationi·

153 2756 250 2801 bus,
292 2764 391 2802 quas
428 2763 505 2791 non
541 2753 657 2803 plane
696 2752 852 2793 easdem
890 2768 977 2795 cum
1007 2755 1204 2794 veteribus
1243 2755 1406 2792 retinere
1447 2762 1694 2802 possumne,
1719 2761 1805 2788 cum
1843 2754 1882 2787 et
1913 2749 1950 2786 in
1981 2762 1994 2778 ²2

155 2813 271 2852 rebus
302 2812 397 2861 ipsis
429 2816 467 2851 et
497 2813 536 2850 in
568 2813 696 2852 causis
727 2823 858 2852 earum
889 2815 1003 2853 nobis
1034 2813 1084 2852 ab
1116 2812 1193 2850 illis
1224 2810 1498 2851 discedendum
1531 2809 1654 2847 fuerit.
1981 2811 1983 2814 ⁴

158 2974 258 3018 prior
283 2982 341 3013 est
366 2979 592 3022 mensuratis,
619 2978 794 3016 concinna
817 2987 912 3019 vero,
937 2979 978 3011 ut
999 2978 1108 3010 tonus
1132 2972 1188 3008 vel
1214 2972 1322 3008 diesis
1341 2976 1405 3008 etc
1431 2969 1632 3016 posteriora
1647 2972 1732 3004 sunt
1755 2975 1952 3004 consonan-

157 3027 228 3062 tiis.
278 3029 327 3064 Et
352 3034 448 3074 nota,
475 3031 722 3067 consonantiis
747 3038 952 3067 communes
985 3031 1069 3062 sunt
1098 3031 1220 3070 partes
1244 3025 1352 3061 istae:
1384 3027 1494 3058 tonus
1518 3020 1651 3065 major,
1685 3020 1816 3061 minor,
1849 3016 1953 3054 semi·

159 3079 296 3114 tonium
321 3085 409 3127 etc„
443 3082 506 3119 sed
532 3094 598 3120 nec
632 3093 755 3120 omues
780 3081 963 3122 omnibus,
994 3088 1060 3115 uec
1085 3089 1157 3114 una
1181 3088 1303 3114 earum
1329 3081 1405 3119 est,
1429 3084 1520 3122 quae
1554 3073 1631 3111 sola
1655 3072 1845 3109 emetiatur
1870 3080 1952 3107 σου·

160 3132 356 3169 sonantias.
