1994 3276
670 90 1253 143 mamnigrsssiopolitic-
1769 89 1853 134 20³

74 219 205 261 dinem
246 221 347 260 inter
380 188 582 288 personam
622 223 661 258 et
696 217 828 256 illatae
864 216 990 255 eidem
1013 207 1191 266 iniuriae
1221 212 1451 261 vindictam,
1475 217 1579 251 rara
1614 214 1745 249 tamen
1783 213 1853 260 est,

71 278 278 328 plurimun
318 279 489 317 vicissim
527 279 567 315 in
606 277 743 328 poenis
779 273 975 314 homicidii
1015 273 1263 323 aequalitatis
1299 270 1583 317 arithmeticae,
1627 269 1853 319 praesertim

74 338 175 375 inter
202 336 441 375 Ghrbtianos
478 347 525 374 ex
556 335 642 384 lege
671 334 826 381 divina,
867 344 944 382 qua
984 331 1101 370 homo
1130 330 1275 369 homini
1308 322 1582 379 aequiparatur
1619 331 1660 366 et
1693 326 1854 376 sanguis

72 395 260 444 sanguine
286 393 521 444 rependitur.
579 393 689 432 Haec
711 393 836 442 igitur
863 392 1062 440 utriusque
1091 389 1245 438 generis
1270 388 1463 426 rationum
1483 385 1677 425 confusio
1685 385 1853 436 pertinet

73 451 123 490 ad
154 451 306 491 Bodino
348 451 489 490 dietam
526 451 806 498 harmonicam,
848 450 1019 500 inprimis
1057 447 1171 495 illud,
1211 445 1316 496 quod
1353 446 1391 482 in
1435 445 1523 494 lege
1552 442 1693 483 &vina
1722 442 1855 482 sicarii

73 521 205 548 omnes
233 513 356 548 morte
384 511 597 558 puniuntur
623 508 863 547 arithmetica
894 505 1149 556 aequalitate,
1191 509 1232 543 at
1261 514 1385 554 genus
1423 503 1556 541 mortis
1591 503 1637 540 in·
1656 497 1854 552 potestate

68 566 212 617 judicis
240 571 313 614 est,
341 569 576 617 geometrico
606 577 804 617 responsu,
834 565 958 612 sactis,
989 563 1359 603 circumtantia-um
1387 562 1575 600 varietate
1589 557 1854 640 dissimilium,

77 624 347 675 irrogandnm3
375 630 421 662 ut
449 625 623 663 Bodinus
653 624 786 671 refert,
817 628 913 674 puto
941 634 989 661 ex
1019 621 1219 660 Rabbinis

184 682 322 732 Neque
350 687 429 720 tam
460 684 634 733 personis
662 651 826 732 singulis
854 681 971 719 laesis
1001 679 1098 718 haec
1125 689 1337 730 poenarum
1374 675 1634 727 inaequalitas
1661 675 1855 726 tribuitur,

74 751 190 790 qnam
221 740 337 779 saluti
367 741 487 779 totins
516 741 632 791 reip.‚
674 751 775 790 quac
806 749 939 778 omnes
969 738 1101 777 hostes
1141 738 1288 788 patriae
1317 737 1475 786 impune
1503 733 1626 773 occidi
1655 733 1853 784 permittit,

74 799 216 837 civium
241 798 368 837 simul
400 800 570 837 omnium
599 797 763 836 salutem
804 799 843 835 in
871 797 1057 848 principis
1097 797 1405 846 optimatumque
1435 791 1701 832 incolumitate
1737 792 1855 841 inque
1907 833 1911 839 ,

73 855 351 906 tranquillitate
380 857 537 907 publica
567 861 796 894 conservata
826 859 966 894 tuetur.
1027 853 1192 904 Saepius
1210 857 1342 892 autem
1363 852 1520 899 dictum,
1549 850 1695 889 bonam
1721 848 1855 901 publi-

78 924 165 953 cum
199 914 343 953 habere
379 926 605 965 responsum
635 913 828 964 quendam
868 912 918 952 ad
957 914 1191 951 suavitatem
1221 916 1432 950 concentus
1460 904 1687 948 harmonici.
1745 906 1855 956 Quae

76 981 155 1017 una
184 982 334 1010 summa
364 971 439 1019 lex,
471 973 599 1022 legum
631 973 801 1010 omnium
830 976 971 1018 mater,
1001 971 1034 1008 si
1065 970 1310 1016 observetur,
1342 973 1386 1006 ut
1414 965 1454 1006 id
1483 971 1660 1006 sanetum
1688 970 1728 1005 et
1755 964 1857 1015 legi·

66 1031 205 1068 timum
235 1041 321 1069 esse
345 1030 541 1079 jubeatur,
572 1032 609 1068 in
639 1042 718 1080 quo
747 1029 854 1068 salus
884 1030 1045 1068 vertitur
1073 1027 1334 1078 reipublicae:
1360 1026 1445 1076 jam
1463 1026 1594 1064 statim
1623 1028 1777 1063 constat
1805 1022 1858 1062 de

71 1087 319 1127 similitudine
348 1099 434 1126 cum
455 1088 687 1128 harmonicis
706 1087 931 1135 rationibus,
963 1098 1009 1125 ex
1029 1098 1114 1124 mea
1143 1088 1267 1136 ipsius
1294 1086 1411 1124 etiam
1430 1084 1623 1123 sententia
1642 1081 1855 1132 descriptis,

73 1147 192 1185 etiam
229 1147 262 1184 si
291 1145 387 1184 nihil
427 1145 489 1185 lex
530 1146 596 1185 illa
633 1145 758 1184 simile
795 1150 996 1196 praeterea
1037 1146 1233 1184 contineat
1272 1153 1398 1193 neque
1433 1142 1692 1192 geometricae
1731 1150 1857 1190 neque

72 1204 336 1243 arithmeticae
363 1206 666 1255 proportionum.
726 1204 826 1243 Nam
855 1214 983 1253 neque
1013 1203 1053 1240 hi
1085 1204 1231 1241 numeri
1267 1203 1330 1249 15,
1362 1201 1429 1249 20,
1461 1200 1529 1248 24,
1560 1200 1636 1247 30,
1666 1199 1734 1248 qui
1764 1197 1856 1236 har-

73 1264 241 1300 moniam
269 1264 466 1301 eoutinent
497 1261 770 1310 dulcissimam,
801 1263 1089 1312 proportionem
1120 1261 1328 1299 observant
1357 1258 1422 1297 vel
1442 1269 1559 1296 unam
1590 1257 1653 1296 vel
1682 1255 1855 1303 alteram,

73 1331 254 1358 excessus
284 1321 385 1359 enim
416 1325 505 1359 sunt
537 1321 583 1368 5,
621 1322 667 1368 4,
702 1321 744 1367 6,
775 1331 902 1369 neque
933 1319 1118 1369 aequales
1147 1329 1273 1368 neque
1303 1316 1450 1355 similes
1478 1316 1749 1366 proportiones
1777 1319 1857 1353 ter-

74 1379 263 1416 minorum
293 1379 628 1428 proportionibus,
658 1378 726 1416 scd
756 1389 881 1428 neque
912 1377 1047 1416 eodem
1077 1389 1164 1416 cum
1196 1375 1272 1414 illis
1303 1374 1437 1414 ordine
1467 1378 1692 1413 crescentes.

190 1435 298 1474 X1V.
331 1436 446 1474 Aliud
478 1436 706 1486 exemplum,
737 1437 996 1485 geometricae
1025 1434 1253 1485 disciplinae
1282 1432 1521 1480 familiarius,
1552 1432 1663 1470 affert
1684 1429 1859 1469 Bodinus

73 1494 117 1531 in
144 1493 272 1544 legum
303 1493 351 1532 de
381 1494 534 1533 mulctis
564 1495 900 1544 interpretatione3
929 1499 973 1532 ut
1004 1505 1105 1543 quae
1134 1493 1350 1542 antiquitus
1380 1495 1551 1530 statutae
1579 1494 1671 1528 sunt
1689 1487 1856 1527 mulctae

75 1553 343 1603 pecuniariae,
382 1563 452 1602 pro
482 1554 631 1590 ratione
661 1553 874 1603 praesentis
902 1551 1083 1601 publicae
1113 1548 1334 1601 opulentiae
1371 1549 1434 1588 vel
1463 1549 1620 1598 inopiae
1649 1547 1858 1586 aestimen-

75 1615 148 1647 tur.
206 1609 282 1648 Hic
312 1610 563 1648 intolerabilis
593 1610 809 1659 aequalitas
841 1610 1082 1648 arithmetica
1113 1610 1283 1647 omnium
1304 1614 1543 1657 temporum,
1573 1616 1700 1655 neque
1727 1609 1856 1643 tamen

77 1667 284 1708 observatu
314 1667 439 1705 facilis
468 1669 664 1717 proportio
695 1669 927 1717 geometrica
957 1669 997 1705 in
1027 1667 1218 1705 omnibus.
1277 1665 1415 1715 Itaque
1451 1675 1523 1714 pro
1552 1675 1625 1702 sua
1653 1661 1859 1713 prudentia
1902 1656 1905 1661 ¹

72 1724 195 1773 judex
235 1736 382 1774 proque
412 1736 535 1763 rerum
567 1726 860 1763 circumstantiis
891 1725 1059 1763 medium
1090 1724 1300 1763 sectabitur
1329 1723 1591 1761 harmonicum
1628 1720 1859 1770 cavebitque
1931 1719 1935 1723 “

79 1793 127 1821 ne
164 1781 227 1820 vel
263 1782 370 1832 leges
407 1782 577 1822 violasse
614 1783 814 1829 videatur,
862 1782 925 1821 vel
961 1782 1092 1832 legum
1131 1782 1447 1831 interpretatione
1487 1779 1685 1818 malitiosa
1724 1779 1859 1828 inopes

78 1841 351 1891 opprimantur,
382 1840 640 1891 locupletibus
671 1852 716 1879 ac
744 1841 1027 1890 potentioribus
1047 1839 1233 1891 peccandi
1261 1838 1419 1878 licentia
1436 1838 1558 1877 detur.
1619 1836 1720 1887 Quin
1741 1837 1859 1875 etiam

78 1897 251 1947 ejusdem
280 1898 503 1945 harmoniae
535 1899 663 1937 studio
692 1898 882 1937 interdum
913 1900 1186 1948 pecuniariam,
1217 1909 1320 1947 quae
1350 1899 1667 1943 contemneretur,
1702 1896 1743 1932 in
1771 1904 1859 1933 cor-

77 1966 235 2006 poream
262 1957 508 2006 permutabit.

192 2013 284 2051 XV.
296 2013 478 2081 Legem,
511 2026 610 2064 quae
641 2014 743 2052 sures
773 2014 981 2064 suspendio
1010 2016 1134 2064 punit,
1165 2012 1340 2052 Bodinus
1370 2016 1531 2051 eatenus
1559 2011 1722 2061 probat,
1752 2009 1858 2060 quod

78 2072 213 2109 nititur
238 2061 397 2119 ratione,
428 2084 477 2110 ne
507 2073 610 2110 sures
640 2078 865 2122 augeantur,
897 2077 940 2110 ut
968 2074 1141 2122 peccata
1173 2083 1273 2121 quae
1301 2071 1518 2120 frequentia
1546 2070 1676 2109 futura
1694 2068 1860 2115 fuerunt,

79 2130 239 2178 gravius
268 2131 486 2179 puniantur,
520 2129 623 2179 quod
653 2132 924 2179 geometricam
964 2132 1065 2181 sapit
1095 2131 1393 2180 proportionem.
1451 2127 1624 2166 Eandem
1652 2125 1860 2176 reprehen-

82 2185 138 2224 dit
167 2187 218 2224 ob
248 2187 521 2237 aequalitatem
553 2188 852 2226 arithmeticam.
883 2189 1191 2238 frequentissima
1220 2189 1365 2237 quippe
1394 2187 1498 2224 aetio
1527 2185 1616 2223 furti
1647 2195 1715 2234 per
1730 2184 1861 2222 omnia

81 2244 224 2294 oppida
255 2255 451 2294 pagosque
475 2245 627 2295 judices
657 2245 880 2295 plerumque
910 2245 1085 2296 plebejos
1115 2246 1247 2296 habet,
1278 2247 1345 2294 qui
1375 2243 1466 2282 dum
1491 2241 1705 2292 aequaliter
1725 2251 1859 2279 omnes

81 2301 130 2340 ad
160 2302 350 2351 supplicia
378 2305 548 2352 rapiunt,
581 2315 657 2341 non
686 2304 927 2353 intelligunt,
965 2316 1006 2342 se
1035 2304 1314 2353 iniquissimam
1345 2301 1526 2340 inducere
1554 2310 1767 2350 poenarum
1795 2300 1881 2336 in-‘

81 2359 367 2409 aequalitatem,
399 2360 489 2398 dum
519 2363 687 2410 peccatis
719 2363 1089 2400 circumstantiarum
1120 2363 1306 2399 varietate
1343 2358 1668 2408 inaequalissimis
1697 2356 1861 2396 eandem

80 2428 244 2467 poenam
276 2419 455 2467 irrogant.
515 2419 714 2468 Plerisque
744 2422 818 2458 reis
859 2419 968 2459 deest
992 2419 1129 2469 judicii
1172 2417 1388 2464 firmitudo,
1432 2427 1511 2466 qua
1540 2416 1615 2454 sibi
1656 2416 1780 2464 magis
1808 2415 1862 2454 ab

81 2475 301 2523 infortunio,
333 2487 448 2524 quam
478 2487 501 2513 a
532 2476 795 2525 magnitudine
825 2476 979 2515 sceleris
1011 2488 1149 2515 cavere
1179 2476 1378 2522 deberent,
1411 2485 1508 2524 quos
1528 2474 1694 2521 occasio,
1724 2473 1857 2520 fames,

81 2532 287 2572 liberorum
318 2533 497 2580 studium,
527 2534 667 2573 fiducia
695 2534 853 2581 latendi,
884 2534 1034 2573 alienae
1064 2533 1285 2585 opulentiae
1316 2534 1459 2583 opinio,
1490 2532 1593 2570 fures
1620 2532 1731 2580 facit3
1772 2541 1859 2568 curn

82 2591 208 2639 ipsum
236 2603 306 2641 per
333 2602 374 2628 se
404 2591 550 2628 facinus
580 2592 629 2630 ad
660 2592 736 2631 alia
767 2598 1029 2642 comparatum
1059 2593 1226 2630 naturali
1253 2591 1400 2640 judicio
1431 2589 1708 2639 vilipendatur,
1754 2586 1860 2637 quod

20 2664 28 2693 3-
84 2650 198 2687 etiam
227 2649 290 2687 lex
322 2648 464 2693 divina,
496 2659 596 2697 quae
625 2650 830 2700 quadrupli
860 2656 1007 2689 tantum
1038 2651 1280 2690 restitutione
1308 2649 1450 2686 furtum
1479 2649 1601 2697 punit,
1636 2645 1860 2685 confirmare

84 2706 248 2744 videtur.
306 2706 347 2745 Si
378 2710 504 2743 tamen
536 2717 702 2755 aequum
731 2714 770 2746 et
798 2713 972 2747 sanctum
1003 2714 1072 2755 est,
1103 2708 1212 2746 illam
1230 2707 1428 2745 hominum
1449 2710 1607 2755 partem,
1639 2715 1739 2753 quae
1760 2703 1860 2742 dolis

88 2768 126 2801 et
155 2764 321 2802 tenebris
359 2769 450 2802 nata
489 2764 654 2801 murium
689 2770 865 2804 naturam
903 2767 1037 2813 refert,
1078 2767 1245 2815 parietes
1285 2763 1470 2814 perfodit,
1511 2773 1589 2800 uon
1622 2762 1859 2800 fortunarum

85 2825 254 2868 tautum,
295 2821 363 2859 sed
395 2823 511 2859 etiam
549 2821 655 2859 vitae
684 2825 926 2862 securitatem
965 2823 1160 2873 publicam
1190 2822 1337 2868 turbat,
1378 2822 1472 2869 reip.
1512 2821 1642 2870 potius
1671 2829 1789 2857 causa
1816 2823 1860 2858 ut

43 2907 53 2915 .
87 2883 232 2917 ceteras
261 2879 361 2916 seras
392 2889 551 2928 rapaces
582 2879 717 2926 minui,
757 2885 857 2919 certe
887 2886 1083 2931 respectus
1112 2883 1230 2930 reip.‚
1261 2884 1304 2917 ut
1333 2889 1450 2927 saepe
1469 2876 1625 2924 dictum,
1654 2876 1859 2926 respondet

88 2937 288 2975 concentui
317 2936 559 2981 harmonico,
597 2945 669 2974 nec
697 2938 779 2975 sine
809 2940 1097 2977 accuratissima
1125 2937 1400 2988 temperatione
1430 2934 1654 2973 harmonica
1682 2936 1858 2983 quaestio

87 2993 183 3032 haec
212 2995 378 3032 exerceri
408 2994 534 3041 debet,
566 3004 625 3039 ne,
656 2993 746 3031 dum
774 2996 866 3045 reip.
898 2996 1123 3041 consulitur,
1154 2995 1307 3040 multis,
1339 2994 1406 3042 qui
1434 3003 1543 3042 spem
1571 2993 1664 3030 boni
1692 2993 1792 3031 civis
1817 2993 1857 3031 in

89 3055 282 3103 posterum
310 3051 491 3102 praebere
520 3055 701 3101 possunt,
733 3052 815 3091 vita
845 3056 986 3092 temere
1015 3054 1067 3092 ob
1094 3053 1171 3093 hoc
1198 3063 1321 3102 genus
1351 3051 1519 3090 crimmis
1551 3051 1743 3101 eripiatur.
