1994 3276
158 71 242 112 478
828 70 871 109 In
894 68 1128 108 Harmoniam
1151 68 1279 108 Mundi

158 185 227 220 iste
253 183 340 220 fecit
362 184 399 220 in
424 184 564 228 studiis,
588 184 710 221 facere
735 186 772 222 in
796 186 1147 231 conversationibus,
1171 186 1401 232 impugnare,
1425 185 1612 232 insultare,
1636 185 1817 228 lacessere
1838 185 1955 223 malos

154 246 272 272 mores
307 237 484 283 cuiusque
516 238 683 274 hominis.
733 239 775 274 Id
808 239 1122 285 etiam—Ortolpho
1155 249 1343 275 commune
1371 239 1447 283 (cfr.
1477 242 1506 273 1.
1534 240 1627 284 2.⁹⁶)-
1681 239 1719 275 Si
1750 237 1954 282 Mercurius

152 288 330 334 jungatur
355 289 450 335 Soli,
487 290 711 327 moderatum
742 297 832 337 puto
863 303 944 329 esse
974 293 1011 328 in
1036 293 1217 333 omnibus;
1252 303 1337 328 nam
1359 292 1398 327 in
1422 291 1506 328 Sole
1539 297 1595 328 est
1621 292 1703 337 ipsa
1725 289 1955 334 mediocritas

159 340 317 376 omnium
341 352 471 378 rerum.
518 343 647 388 Itaque
677 349 797 379 motus
822 345 992 381 Mercurii
1016 345 1265 391 stationarius,
1284 341 1455 389 directus,
1479 344 1729 390 retrogradus,
1753 354 1820 390 pro
1844 343 1879 381 vi
1901 343 1954 379 in-

156 393 258 438 genii
284 398 320 428 et
339 393 479 440 judicii,
505 395 737 440 adspicientis
762 396 932 442 planetae
956 409 1024 443 pro
1049 408 1103 443 eo,
1125 398 1162 433 in
1187 408 1258 442 quo
1276 407 1316 433 se
1335 397 1388 432 vis
1406 400 1563 433 exseret.
1609 397 1703 433 Nam
1720 396 1751 432 si
1766 395 1815 432 sit
1831 396 1954 431 Venus

154 445 207 481 illi
224 445 374 492 juncta,
408 457 527 482 mores
551 457 724 484 venereos
756 448 837 484 dat:
869 450 900 484 is
925 451 1018 486 enim
1042 450 1200 489 molliter
1226 449 1421 495 judicabit,
1458 449 1621 495 rapietur
1649 448 1696 485 ad
1727 453 1872 493 cantus,
1906 446 1954 484 ad

153 499 414 535 humanitatem
439 507 524 546 etc.,
563 500 594 536 si
618 501 742 546 Luna,
772 501 956 547 ingenium
979 507 1035 538 est
1058 502 1260 547 humidum,
1292 501 1464 547 simplex,
1495 501 1644 547 bonum,
1677 505 1719 536 ut
1742 495 1957 544 Maegerli'ni

155 553 253 596 (anno
285 560 362 595 post
385 555 566 595 Keplerum
595 556 683 586 inter
717 557 930 595 „magistros“
967 558 1137 597 'tubingae
1169 561 1339 600 receptus3
1383 560 1498 588 natum
1527 555 1745 596 Hegerlinum
1780 556 1880 588 refert
1909 556 1952 588 K.
1984 580 1988 584 .

153 616 242 638 anno
270 607 382 648 1572).
431 604 468 641 Si
492 604 655 650 Jupiter,
693 605 846 650 simplex
879 607 1040 653 quidem,
1074 607 1139 643 sed
1162 607 1312 653 insuper
1342 611 1379 643 et
1408 606 1716 652 superstitiosum,
1749 606 1786 641 in
1815 606 1953 652 magnis

153 656 318 701 simplex.
367 658 414 694 Si·
440 658 651 694 Mercurius-
677 657 770 694 liber
802 660 968 695 omnibus
1004 660 1115 696 radiis
1151 665 1227 703 est,
1264 660 1419 696 maxime
1456 660 1634 696 sincerum
1668 664 1726 695 est
1756 657 1960 702 ingenium.v

154 709 268 753 Nota:
300 710 364 749 Sol
388 711 584 757 significat,
611 722 703 756 quae
728 722 750 747 a
774 713 903 748 ceteris
929 713 1177 759 significantur
1199 713 1372 759 planetis,
1384 712 1528 757 -itaque
1553 711 1659 748 etiam
1684 710 1729 746 ad
1755 710 1875 746 Solem
1897 714 1955 748 est

153 764 191 798 in
239 763 381 809 ingenio
415 763 701 809 respiciendum
746 765 798 800 sic
833 770 871 801 et
903 766 1123 811 ascendens,
1166 776 1249 801 nam
1285 765 1476 811 significat
1495 775 1670 810 corporea
1702 765 1951 801 instrumenta.

153 816 257 852 Unde
280 816 317 852 in
341 816 564 869 Maegerlino
586 816 732 862 Jupiter
754 818 790 852 in
817 823 916 861 ortu,
949 819 1054 855 Luna
1087 831 1168 857 cnm
1193 819 1374 854 Mercurio
1404 817 1606 863 simplicem
1629 815 1726 853 facit.
1774 816 1832 855 Ita
1855 819 1893 852 et
1915 816 1952 851 ιιι

154 868 265 905 affine
285 869 435 906 Simone
458 871 574 915 Luna,
598 870 733 916 Venus,
761 870 832 912 Sol,
858 866 1004 916 Jupiter
1027 872 1210 916 conjuncti
1235 870 1444 916 simplicem.

224 918 229 952 Ῑ
270 923 319 958 Et
343 923 440 967 nota,
466 923 615 968 homini,
640 924 702 967 qui
727 922 825 959 aliud
846 923 997 967 judicat.
1026 930 1062 960 et
1086 930 1205 968 tamen
1231 931 1373 968 semper
1397 921 1588 958 scribendo
1612 920 1748 966 pergit,
1773 917 1952 965 significa-

153 981 214 1012 tur
237 976 308 1013 hoc
333 986 354 1011 a
377 972 558 1012 Mercurio
588 975 628 1013 iu
660 975 836 1020 quadrato
862 977 1006 1019 Martis3
1039 977 1243 1013 Mercurius
1274 975 1365 1011 liber
1389 975 1567 1020 judicium
1599 985 1746 1020 purum,
1779 974 1843 1014 sed
1866 985 1953 1019 qua-

156 1027 301 1070 dratum
325 1028 454 1064 Martis
479 1027 696 1073 praecipitat
727 1028 799 1064 hoc
822 1033 859 1063 et
883 1029 1011 1076 adigit,
1049 1036 1090 1066 ut
1113 1041 1184 1066 non
1209 1033 1398 1074 exspectet
1416 1027 1611 1073 judicium:
1645 1028 1727 1063 hinc
1757 1027 1855 1064 illius
1878 1032 1952 1063 tam

153 1082 281 1117 crebra
303 1080 546 1126 poenitentia,
576 1079 753 1124 judicium
787 1082 882 1117 enim
913 1093 1054 1128 semper
1085 1087 1221 1124 manet,
1251 1082 1408 1126 impetus
1438 1081 1580 1117 transit.
1627 1081 1767 1117 Forsan
1791 1085 1830 1117 et
1851 1080 1952 1115 Mars

153 1133 326 1179 impetum
351 1132 491 1169 tantum
515 1133 564 1168 ibi
590 1133 784 1179 siguificat,
817 1134 880 1170 ubi
904 1135 981 1180 ipse
1005 1136 1230 1180 impetuosus
1265 1140 1331 1171 est.
1379 1135 1456 1174 Imo
1481 1134 1670 1170 nonz-sed
1693 1134 1730 1170 in
1755 1143 1832 1178 me,
1866 1132 1954 1177 qnia

155 1186 303 1221 sta-'oni
327 1187 524 1232 proximus,
553 1187 629 1221 vim·
650 1187 899 1223 stationariam
925 1193 961 1224 et
985 1193 1234 1234 penetrantem
1259 1192 1296 1223 et
1319 1187 1579 1232 inhaerentem,
1603 1187 1640 1224 in
1665 1187 1747 1223 aliis
1771 1197 1853 1223 eum
1868 1184 1952 1222 Sole

151 1238 222 1273 vim
247 1239 521 1284 succedentem,
547 1240 583 1274 in
609 1240 776 1284 opposito
802 1240 871 1275 vim
896 1239 1083 1276 irritatam.
1776 1263 1779 1267 <

269 1292 460 1339 Ingenium
484 1297 542 1329 est
566 1291 762 1328 omnifariis
787 1293 1078 1331 simulationibus
1103 1293 1339 1338 aptissimum.
1387 1294 1467 1329 Hoc
1491 1303 1537 1329 ex
1558 1292 1693 1338 ingenii
1717 1271 1894 1328 bonitate.

267 1350 337 1387 Sed
356 1351 459 1387 adest
473 1351 581 1386 etiam
599 1350 801 1396 simulandi,
827 1351 988 1397 fallendi,
1012 1351 1210 1387 mentiendi
1234 1351 1357 1387 libido.
1404 1351 1483 1387 Hoc
1504 1350 1663 1386 indidem
1687 1350 1784 1386 unde
1807 1354 1846 1385 et
1863 1348 1951 1410 joci

150 1404 352 1440 Mercurius
377 1404 446 1439 hoc
471 1403 592 1446 efficit,
617 1415 639 1439 a
665 1405 780 1439 Marte
806 1404 984 1440 stimulus.
1035 1405 1106 1440 Sed
1132 1405 1203 1440 duo
1229 1404 1477 1441 simulationes
1503 1404 1570 1439 has
1593 1403 1810 1449 impediunt=
1834 1403 1950 1448 primo

150 1461 268 1491 metus
291 1455 473 1491 infamiae.
507 1455 592 1491 'Est
616 1455 711 1490 enim
735 1456 893 1491 omnium
917 1457 1073 1492 maxime
1097 1467 1203 1492 verae
1227 1457 1346 1492 laudis
1371 1457 1523 1503 cupidus
1548 1462 1584 1493 et
1602 1458 1715 1492 omnis
1731 1457 1872 1500 generis
1896 1456 1949 1490 in-

113 1531 118 1535 ·
147 1509 340 1545 famiarum
364 1508 566 1554 impatiens.
663 1508 836 1544 Sinistros
860 1519 1022 1544 rumores
1046 1508 1218 1545 leviculos
1249 1508 1307 1543 vel
1330 1508 1488 1545 maxima
1510 1508 1666 1553 pecnnia
1695 1509 1887 1546 redimeret
1911 1514 1948 1545 et

150 1567 403 1608 paupertatem
427 1561 521 1607 fugit
546 1566 687 1596 tantum
716 1560 761 1595 ob
787 1559 982 1596 infamiam.
1031 1562 1110 1597 Hoc
1134 1570 1283 1597 necesse
1309 1566 1365 1597 e'st
1389 1561 1516 1597 aJove
1535 1571 1625 1597 esse.
1673 1562 1717 1597 Id
1733 1571 1814 1597 esse
1826 1565 1950 1606 potest

150 1613 360 1659 tripliciter.-
390 1614 424 1658 ι)
450 1613 536 1657 quia
558 1613 710 1657 Jupiter·
725 1613 817 1649 bene
843 1613 1059 1657 collocatus3
1093 1615 1157 1651 sed
1182 1615 1268 1659 quid
1298 1615 1368 1651 hoc
1391 1615 1438 1650 ad
1472 1614 1656 1650 animum?
1687 1614 1860 1660 numquid
1883 1620 1977 1660 poa·-

149 1668 221 1703 tius
246 1666 292 1702 ad
316 1665 522 1701 fortunam?
572 1665 605 1710 2)
632 1665 724 1710 Quia
750 1667 787 1702 in
811 1672 961 1712 aspectu
986 1666 1080 1703 Solis
1105 1672 1142 1703 et
1165 1667 1326 1703 Veneris.
1374 1667 1416 1703 Id
1441 1667 1521 1703 ideo
1546 1667 1699 1713 valeret,
1728 1667 1813 1712 quia
1838 1677 1948 1713 supra

151 1720 236 1765 dixi,
268 1718 389 1755 Solem
420 1718 515 1754 idem
546 1718 684 1763 valere,
716 1719 814 1764 quod
844 1720 1057 1763 Mercurius.
1113 1720 1147 1764 3)
1175 1720 1268 1765 Quia
1298 1719 1336 1754 in
1369 1719 1547 1764 quadrato
1581 1720 1820 1755 ascendentis.
1861 1719 1947 1757 ‚Hoc

149 1772 262 1816 magis
286 1772 488 1817 probarem,
513 1781 730 1817 quamquam
755 1772 935 1816 separatio
961 1776 1017 1808 est
1040 1783 1107 1817 per
1132 1774 1186 1809 6⁰.
1234 1772 1418 1817 Alterum,
1446 1771 1542 1816 quod
1564 1771 1725 1807 retundit
1747 1771 1946 1807 simulat-io-

149 1834 214 1859 nes
246 1823 333 1869 has,
367 1830 424 1860 est
454 1824 647 1869 singularis
680 1834 820 1866 earum,
860 1823 967 1859 etiam
993 1825 1127 1869 optime
1159 1829 1195 1859 et
1226 1824 1431 1860 cautissime
1457 1824 1713 1869 instituturum,
1742 1823 1946 1860 infelicitas.

152 1877 264 1912 »Nam
294 1875 383 1911 felix
409 1876 512 1912 dolus
544 1875 749 1920 assequitur
765 1886 921 1921 -quoque
952 1877 1090 1912 tardior
1123 1887 1274 1912 acrem.»
1324 1876 1432 1912 Redit
1463 1876 1532 1911 hoc
1557 1875 1756 1911 secundnm
1787 1876 1833 1912 ad
1857 1876 1946 1912 illud

148 1928 312 1974 primum.
360 1928 452 1964 Nam
487 1927 679 1964 infelicitas
713 1928 887 1972 pudorem
919 1927 1015 1964 elicit
1045 1934 1082 1964 et
1112 1928 1312 1965 confundit.
1359 1929 1582 1973 Quamquam
1613 1929 1757 1974 nescio,
1793 1939 1840 1964 an
1863 1929 1946 1973 ipsa

147 1991 268 2016 rerum
292 1985 423 2016 natura
447 1984 616 2016 causetur
640 1980 732 2015 hanc
756 1979 1019 2027 infelicitatem,
1050 1980 1135 2016 dum
1159 1981 1380 2026 impossibile
1407 1987 1463 2017 est
1487 1982 1604 2017 omnia
1627 1981 1783 2018 hominis
1808 1981 1956 2017 machi-‘

147 2039 316 2070 namenta
340 2034 545 2070 succedere.
594 2033 644 2068 Et
667 2031 788 2077 aliqua
811 2034 956 2078 quidem
982 2034 1180 2070 succedunt
1203 2035 1240 2069 in
1264 2038 1338 2068 tam
1363 2044 1493 2078 magno
1517 2043 1679 2069 numero.
1915 2050 1918 2051 ⁷
1943 2047 1946 2050 ·

264 2088 345 2123 Jam
377 2098 506 2123 causas
539 2087 761 2131 inquiramus
793 2087 902 2132 hujus
933 2087 1168 2124 infelicitatis.
1225 2087 1275 2121 Et
1305 2086 1506 2127 Mercurius
1538 2084 1682 2130 quidem
1720 2085 1942 2131 significator

148 2148 220 2176 non
245 2143 385 2187 tantum
409 2139 649 2175 essentialiter
673 2139 731 2182 (ut
755 2138 805 2174 ita
830 2139 963 2184 dicam)
989 2140 1179 2184 expeditus
1205 2143 1279 2183 est,
1318 2138 1382 2174 sed
1414 2139 1522 2174 etiam
1547 2139 1838 2184 accidentaliter,
1872 2138 1942 2174 hoc

148 2197 204 2227 est
234 2191 270 2226 in
302 2191 434 2238 angulo
460 2192 540 2227 VII.
588 2190 682 2226 Hinc
718 2190 827 2234 igitur
858 2192 960 2228 nulla
987 2192 1198 2236 infelicitas,
1235 2191 1299 2227 sed
1329 2190 1481 2226 felicitas
1506 2190 1639 2235 potius.
1686 2191 1746 2226 An
1769 2201 1790 2227 a
1808 2189 1941 2231 ,Martis

147 2244 351 2289 quadrato?
376 2244 440 2280 sed
464 2244 547 2281 inde
572 2246 689 2291 ipsum
715 2253 796 2279 esse
816 2244 960 2287 deduxi,
984 2254 1112 2289 nempe
1130 2244 1376 2280 simulationes
1394 2243 1504 2289 ipsas.
1546 2242 1684 2288 Quodsi
1699 2243 1819 2280 nullus
1836 2242 1941 2287 dolus

146 2297 235 2333 felix
258 2302 358 2333 recte
381 2297 501 2342 habet,
526 2309 608 2334 nam
632 2299 693 2335 ille
718 2298 917 2345 quadratus
942 2302 979 2332 et
1003 2296 1105 2332 dolos
1130 2296 1340 2341 suppeditat
1364 2296 1631 2332 et-necessaria
1655 2296 1733 2342 ejus
1758 2296 1938 2342 adiuncta.

147 2350 197 2385 Et
221 2354 340 2393 tamen
367 2349 590 2395 quorundam
621 2351 695 2387 doli
719 2356 803 2388 sunt
835 2349 925 2385 adeo
950 2349 1094 2395 felices,
1131 2354 1171 2386 ut
1194 2350 1311 2384 Deum
1345 2353 1381 2384 et
1404 2349 1567 2385 homines
1599 2348 1725 2385 fallere
1758 2359 1866 2395 posse
1890 2350 1940 2386 vi-

147 2402 317 2447 deantur;
349 2402 386 2437 in
411 2402 542 2447 quibus
567 2404 634 2440 etsi
658 2404 740 2440 finis
764 2403 911 2439 ultimus
937 2406 992 2437 est
1014 2402 1157 2446 irritus,
1191 2402 1272 2447 ipsa
1295 2406 1415 2437 tamen
1450 2400 1612 2436 fallaciae
1644 2400 1866 2439 diuturnitas
1883 2408 1940 2439 est

146 2455 332 2491 mirabilis.
382 2455 480 2499 Quid
505 2456 616 2500 igitur
638 2456 691 2492 illi
715 2457 848 2493 habere
872 2461 1026 2501 possunt
1049 2466 1115 2500 pro
1140 2455 1235 2491 hoc?
1262 2449 1315 2503 (ἢ
1351 2455 1525 2500 radium.)
1572 2456 1629 2492 An
1662 2457 1720 2493 hic
1754 2459 1862 2494 etiam
1885 2457 1946 2503 in·-

145 2508 365 2553 constantia,
391 2508 644 2554 incogitantia,
670 2508 1011 2553 incircumscriptio,
1042 2507 1226 2543 temeritas
1251 2506 1421 2551 loquendi
1445 2507 1561 2543 locum
1587 2507 1698 2544 habet
1731 2514 1768 2546 et
1791 2509 1941 2554 aliunde

146 2560 397 2596 deducendum
421 2566 479 2597 est
502 2563 742 2607 responsum?
791 2563 840 2596 Et
863 2565 961 2597 certe
984 2561 1035 2596 ita
1054 2559 1202 2605 quidem
1227 2559 1351 2594 infelix
1376 2565 1431 2595 est
1455 2559 1562 2604 hujus
1580 2562 1657 2596 nati
1680 2562 1872 2608 simulatio,
1898 2566 1939 2610 ut

145 2608 299 2649 nullum‘
317 2613 471 2659 amplius
503 2614 766 2650 incommodum
799 2620 987 2659 sequatur,
1024 2622 1133 2657 qnam
1166 2613 1245 2658 ipsa
1276 2612 1366 2648 haec
1396 2612 1549 2650 irritatio
1581 2613 1782 2651 affectuum.
1834 2614 1937 2657 Unde

146 2665 258 2701 videri
282 2666 416 2711 possit,
450 2666 547 2711 quod
571 2666 761 2703 infeliciter
791 2666 924 2702 cadunt
956 2665 1044 2709 doli,
1078 2663 1186 2709 hujus
1211 2665 1262 2700 rei
1293 2674 1439 2700 causam
1473 2676 1545 2700 non
1569 2675 1649 2700 esse
1673 2665 1876 2707 immediate
1898 2667 1936 2705 in
1990 2691 1992 2694 >

147 2718 317 2761 themate,
343 2717 408 2753 sed
432 2719 468 2753 in
495 2718 574 2755 aliis
599 2720 705 2755 animi
730 2719 975 2765 qualitatibus.
1024 2718 1145 2753 Tertio
1163 2717 1316 2753 fortasse
1333 2717 1437 2753 Luna
1454 2717 1597 2762 abjecta
1613 2728 1723 2754 causa
1747 2723 1804 2754 est
1826 2719 1934 2764 huius

146 2769 378 2807 infelicitatis.
426 2771 518 2806 Nam
542 2771 595 2807 ita
618 2771 816 2808 succedunt
846 2771 952 2806 etiam
977 2770 1096 2805 omnia
1121 2770 1258 2815 leliqua
1291 2769 1370 2814 ejus
1395 2779 1506 2814 opera
1536 2773 1577 2804 ut
1601 2769 1687 2806 doli.
1736 2770 1806 2814 Est
1828 2771 1866 2807 ιιι
1889 2780 1932 2806 eo

146 2823 367 2868 humanitas,
399 2822 463 2859 sed
488 2825 554 2860 sub
580 2824 748 2869 opinione
773 2822 964 2866 stultitiae,
993 2827 1049 2857 est
1072 2822 1246 2867 facilitas,
1272 2821 1335 2857 sed
1359 2831 1425 2866 pro
1451 2820 1684 2867 credulitate,
1715 2823 1842 2870 religio
1864 2833 1932 2868 pro

145 2876 420 2920 superstitione.
447 2878 596 2913 comitas
621 2888 687 2922 pro
712 2876 863 2922 ineptia,
885 2875 986 2920 justa
1009 2875 1063 2910 ira
1087 2886 1152 2920 pro
1178 2875 1309 2910 furore.

263 2928 321 2964 Sic
344 2928 455 2973 igitur
478 2929 663 2971 concludo
691 2930 891 2965 Mercurius
915 2927 952 2962 ιιι
977 2927 1154 2971 quadrato
1172 2928 1310 2973 Martis,
1337 2928 1432 2964 celer
1450 2933 1550 2965 motu
1576 2933 1612 2964 et
1636 2928 1816 2964 orientalis
1833 2934 1931 2974 astu-

146 2980 232 3016 tiam
258 2986 371 3026 notat,
399 2984 435 3016 et
458 2981 494 3016 in
520 2982 652 3027 angulo
676 2982 755 3018 VII.
780 2992 844 3027 per
868 2990 907 3016 se
931 2980 1083 3025 felicem,
1109 2981 1144 3015 h.
1171 2991 1199 3016 e.
1226 2982 1318 3016 bene
1343 2982 1648 3026 circumspectam,
1673 2986 1711 3016 et
1727 2991 1823 3025 ,quae
1838 2981 1939 3017 nihil.

148 3041 195 3069 ex
219 3032 392 3080 singulari
414 3033 628 3071 infelicitate
650 3034 688 3070 in
712 3032 862 3071 consilio
879 3032 1053 3078 capiendo
1071 3033 1203 3069 omittit
1227 3038 1279 3076 (ut
1294 3034 1458 3069 homines
1481 3042 1588 3078 saepe
1605 3032 1763 3068 fataliter
1785 3037 1939 3082 errant),
