1994 3276
61 109 68 114 ’
113 110 197 152 250
658 109 714 145 De
739 108 1089 156 Oonflgurationibus
1115 111 1353 148 Harmonicis.

227 230 388 268 Trinum
430 229 547 267 etiam
583 233 638 280 et³
666 228 898 279 quadratum
938 234 978 269 et
1020 231 1222 281 quintilem
1263 235 1302 270 et
1345 231 1590 281 biquintilem
1632 224 1908 282 prolegomena

113 288 379 339 Ephemeridis
409 287 555 326 faciunt
585 288 770 337 aequales
798 290 843 326 in
869 291 1010 338 prima
1038 295 1075 328 et
1105 290 1356 328 validissima
1386 301 1510 329 causa
1520 319 1534 338 ,
1564 295 1661 340 puta
1691 301 1909 340 congruen-

113 348 191 386 tiae
221 359 341 397 purae
373 349 412 384 in
442 344 588 392 solido,
629 345 681 384 ad
723 347 1013 386 constituendas
1049 346 1191 397 figuras
1234 347 1379 387 solidas
1419 347 1636 398 regulares3
1678 350 1833 386 trinum.
1873 353 1909 386 et

113 405 363 455 quadratum
394 403 473 442 dixi
504 403 650 442 addere
680 416 847 443 eausam
866 406 1095 454 secundam,
1126 419 1211 445 non
1230 407 1358 445 multo
1379 406 1599 457 leviorem,
1609 405 1790 456 intellige·
1813 417 1909 445 con-

113 465 329 513 gruentiam
371 474 507 513 puram
544 462 751 512 figurarum
788 464 827 501 in
857 463 988 513 plano.
1048 464 1158 503 Haec
1191 464 1347 514 quidem
1388 466 1506 503 etiam
1535 452 1663 503 sextili
1695 466 1909 503 communis

113 527 183 569 est,
215 534 349 560 verum
381 531 466 560 eam
497 520 563 560 ille
592 532 669 559 non
699 521 808 559 addit
837 523 996 571 primae,
1015 522 1098 561 sed
1127 528 1347 572 separatam
1378 523 1428 561 ab
1448 522 1517 562 illa
1544 522 1730 573 possidet.
1759 522 1931 578 Quem->

68 610 74 617 ,
113 580 322 619 admodum
354 579 579 630 quadratus
608 584 646 617 et
674 582 835 618 tertiam
864 592 1030 618 causam
1061 581 1210 619 addere
1241 581 1483 631 perhibetur,
1513 586 1610 631 puta
1640 579 1910 620 effabilitatem

111 636 241 689 plani,
270 650 349 677 non
380 637 484 687 quod
516 649 563 676 ea
593 649 670 676 non
702 639 817 676 etiam
849 639 1078 677 semisextus
1115 641 1341 689 participet,
1380 639 1449 677 sed
1487 641 1589 688 quia,
1621 650 1722 688 quae
1753 644 1842 678 sunt
1871 641 1911 677 in

115 698 251 736 ceteris
282 696 469 746 singulae,
504 695 594 734 illae
625 697 664 733 in
696 696 885 745 quadrato
917 696 1170 742 cumulantur,
1202 702 1246 735 ut
1275 697 1344 735 fiat
1374 698 1546 736 omnium
1574 698 1879 746 potentissimus.

229 755 293 794 Sic
323 757 362 793 in
393 754 623 803 colligendis
666 755 859 804 suffragiis
902 767 972 804 pro
1014 756 1143 794 sextili
1176 757 1360 805 aliquam
1389 756 1637 795 nobilitatem
1667 757 1703 794 ei
1731 767 1912 795 commu-

112 826 206 852 nem
236 826 329 852 cum
358 815 537 862 opposito
582 824 658 851 esse
690 812 787 859 dixi,
834 813 1101 852 effabilitatem
1142 815 1304 852 innuens
1347 814 1479 853 lateris
1508 813 1679 863 figurae,
1719 815 1812 863 quia
1854 819 1913 854 est

113 871 316 911 dimidium
347 871 522 910 diametri
553 871 697 910 circuli.
741 871 910 909 Rursum
940 871 1064 910 eidem
1098 872 1239 921 aliqua
1268 873 1456 911 nobilitas
1485 877 1540 910 est
1569 874 1791 911 communis
1819 884 1912 911 cum

113 933 222 970 trino
251 936 288 969 et
317 930 539 980 quadrato,
586 931 766 967 nimirum
797 932 1049 979 congruentia
1078 942 1176 980 pura
1205 931 1244 967 in
1275 931 1416 980 plano,
1449 930 1496 969 de
1526 942 1605 980 qua
1634 931 1754 980 prius.
1812 931 1913 969 Nam

113 991 198 1037 ejus
235 990 378 1038 aliqua
415 989 545 1027 solum
589 989 816 1037 particula,
865 988 940 1026 hoc
975 994 1034 1026 est
1078 991 1330 1038 congruentia
1370 1001 1457 1027 cum
1497 988 1661 1027 aliarum
1698 990 1912 1039 specierum

114 1047 258 1097 figuris,
290 1049 475 1096 competit
503 1049 712 1085 semisexto
742 1052 778 1084 et
807 1049 942 1085 ceteris
971 1047 1283 1096 iynobilioribus.
1324 1047 1378 1086 In
1405 1047 1480 1085 hae
1509 1058 1603 1086 vero
1636 1048 1912 1097 congruentiae

110 1107 316 1155 particula
345 1108 528 1155 primum
558 1105 736 1154 yradum
756 1105 936 1144 obtinent
954 1107 1151 1144 semisexti
1170 1111 1206 1143 et
1225 1106 1350 1145 octilis
1367 1104 1526 1154 figurae,
1557 1106 1618 1144 cui
1649 1110 1782 1155 posset
1801 1117 1914 1144 asso·
1984 1113 1991 1121 ⁸

114 1166 206 1203 ciari
238 1166 354 1203 etiam
385 1164 583 1203 semisexti
614 1163 744 1211 stella,
793 1166 886 1213 quia
917 1165 1187 1212 congruentia,
1234 1176 1352 1213 quam
1389 1163 1597 1211 inchoant,
1641 1163 1912 1202 continuabilis

114 1228 185 1270 est,
217 1225 299 1261 sine
331 1225 499 1260 mixtura
528 1222 736 1260 formarum
767 1222 1028 1269 diversarum3
1061 1221 1273 1260 secundum
1304 1222 1467 1272 gradum
1496 1221 1642 1260 habent
1671 1221 1844 1272 quintilis
1875 1226 1914 1261 et
1959 1235 1960 1238 ¹

115 1281 354 1331 biquintilis,
401 1282 476 1318 nisi
507 1280 611 1330 quod
642 1279 760 1318 iidem
790 1280 1019 1321 nobiliorem
1058 1280 1206 1318 habent
1235 1282 1527 1330 congruentiam
1559 1281 1597 1317 in
1628 1280 1776 1328 solido;
1821 1282 1913 1319 item

115 1339 315 1388 trioctilis,
348 1339 481 1378 decilis
513 1343 551 1377 et
581 1338 787 1385 tridecilis,
837 1339 928 1388 quia
959 1350 1091 1376 eorum
1122 1338 1269 1388 figurae
1300 1340 1527 1377 continuant
1558 1338 1715 1387 quidem
1746 1349 1913 1387 congru-

114 1400 270 1445 entiam,
303 1398 372 1437 sed
403 1409 482 1436 non
513 1398 597 1435 sine
627 1398 813 1436 mixtione
836 1396 1074 1435 diversarum
1096 1397 1323 1445 formarum3
1355 1401 1394 1435 ct
1415 1408 1548 1436 omnes
1569 1398 1668 1436 istae
1699 1402 1914 1446 congruunt

115 1456 398 1507 quadamtenus
431 1457 547 1494 etiam
578 1457 617 1493 in
649 1455 774 1493 solido
817 1455 1030 1494 secundum
1067 1457 1192 1505 magis
1233 1459 1271 1493 et
1300 1456 1448 1503 minus,
1493 1459 1656 1503 excepta
1688 1456 1913 1504 quincuncis

114 1515 228 1554 stella
269 1515 576 1564 dodecagonica‚
623 1525 723 1563 quae
759 1513 849 1552 ideo
889 1515 926 1550 in
959 1515 1113 1552 tertium
1149 1513 1314 1563 gradum
1341 1514 1521 1561 refertur,
1569 1514 1630 1551 cui
1670 1515 1788 1552 etiam
1827 1525 1914 1552 ses-

115 1574 300 1625 quadrus,
330 1586 399 1612 seu
431 1573 614 1621 octogoni
644 1572 759 1610 stella
789 1571 950 1621 adjungi
982 1576 1121 1622 potest,
1154 1577 1310 1621 propter
1340 1572 1616 1610 obscuritatem
1645 1573 1841 1611 scientiae.

228 1632 393 1671 Extendi
417 1630 574 1680 quidem
594 1630 737 1680 gradus
755 1631 871 1668 ctiam
892 1630 1064 1677 ulterius,
1098 1629 1384 1679 advigintilem
1406 1635 1444 1668 et
1466 1629 1736 1679 quindecilem‚
1758 1629 1834 1668 hoc
1853 1633 1912 1668 est

120 1690 170 1728 ad
191 1691 334 1740 figuras
359 1690 410 1729 15
433 1694 472 1729 et
493 1690 547 1727 20
568 1689 811 1738 angulorum,
845 1689 986 1737 quibus
1019 1693 1199 1737 quartum
1219 1689 1381 1738 gradum
1414 1685 1474 1740 (in
1506 1687 1609 1726 dicta
1642 1689 1916 1737 congruentiae

114 1749 304 1799 particula
335 1746 441 1802 sola)
473 1747 580 1787 dedi:
613 1759 771 1786 causam
803 1749 974 1785 continet
1003 1752 1136 1785 nostra
1166 1759 1221 1796 pr.
1262 1748 1298 1785 3.
1331 1747 1448 1795 hujus
1486 1746 1586 1785 libri.
1648 1745 1779 1785 Stellis
1821 1757 1914 1784 vero

117 1820 248 1847 earum
280 1808 438 1857 quintus
468 1805 610 1856 gradus
640 1805 713 1843 fuit
743 1807 984 1854 assignatus,
1029 1806 1122 1854 quia
1152 1805 1360 1844 scibilitate
1392 1816 1504 1855 pares
1543 1809 1633 1842 sunt
1669 1804 1802 1854 figuris
1833 1805 1914 1842 suis

113 1867 345 1916 primaevis,
377 1866 631 1914 congruentia
660 1864 885 1913 longissime
915 1865 1168 1912 posteriores,
1200 1868 1243 1901 ut
1274 1864 1374 1912 q‘uae
1404 1867 1557 1901 tantum
1588 1874 1719 1901 eorum
1751 1862 1915 1911 angulos

115 1924 290 1973 singulos
321 1925 470 1962 attinet.
523 1923 667 1960 Verum
699 1922 737 1959 id
770 1933 846 1960 non
878 1930 959 1960 erat
990 1933 1148 1961 necesse
1180 1927 1223 1959 ut
1253 1922 1440 1970 facerem,
1485 1932 1573 1960 cum
1603 1932 1650 1959 ne
1678 1920 1834 1970 quidem
1865 1918 1915 1958 ad

114 1984 268 2021 tertium
300 1981 462 2034 gradum
493 1993 616 2030 usque
647 1982 855 2029 gignantur
885 1985 1067 2028 aspectus
1098 1980 1214 2029 plane
1245 1980 1406 2027 indubii,
1438 1980 1708 2028 possimusque
1739 1980 1915 2028 speciose

114 2046 258 2079 metam
287 2040 405 2089 figere
435 2039 718 2089 pullulantibus
748 2038 971 2088 aspectibus
1004 2039 1042 2075 in
1087 2038 1203 2076 solidi
1235 2036 1485 2087 congruentia
1516 2041 1554 2075 et
1584 2038 1621 2074 in
1652 2037 1825 2086 perfecta
1853 2036 1915 2075 la-

115 2100 208 2137 teris
252 2098 316 2137 vel
360 2098 470 2148 plani
506 2098 746 2136 effabilitate.
810 2095 939 2145 Quare
979 2097 1109 2145 potius
1149 2108 1197 2134 ex
1228 2096 1369 2134 finibus
1411 2096 1596 2134 librorum
1627 2094 1658 2132 Ι.
1691 2100 1730 2133 et
1761 2095 1812 2132 ΙΙ.
1842 2106 1914 2144 pe·-

115 2161 246 2196 tantur
275 2156 420 2215 gradus
452 2155 668 2194 nobilitatis
698 2155 931 2204 figurarum,
964 2165 1010 2192 ex
1042 2154 1184 2203 quibus
1214 2154 1289 2193 hoc
1319 2154 1417 2192 libro
1450 2154 1620 2191 distincti
1651 2157 1740 2191 sunt
1770 2153 1914 2203 gradus
1964 2192 1965 2200 ,

116 2220 357 2266 aspectuum.

815 2449 820 2453 ι
852 2345 1038 2424 c'ApnT
1076 2378 1161 2423 vn.

116 2501 361 2547 Epilogus,
396 2500 451 2534 de
484 2503 649 2534 natur-a
674 2499 912 2534 sublunari
944 2498 1341 2542 facultatibusque
1372 2498 1558 2534 animae
1590 2497 1912 2542 inferioribus,

462 2557 744 2602 praesertim
769 2557 842 2600 iis,
879 2557 1045 2602 quibus
1070 2555 1342 2599 Astrologia
1375 2556 1568 2591 nititur.

230 2676 358 2716 Multa
389 2676 435 2715 de
474 2676 549 2714 hac
578 2676 906 2725 contemplatione
938 2676 1065 2725 capite
1109 2673 1300 2721 secundo,
1346 2675 1468 2712 multa
1498 2679 1580 2712 toto
1611 2673 1685 2712 hoc
1714 2673 1812 2712 libro
1842 2672 1911 2720 IV,

117 2735 304 2775 nonnulla
335 2736 459 2774 etiam
483 2734 581 2772 libro
612 2734 684 2772 III.
715 2739 805 2771 sunt
837 2733 952 2780 dicta,
985 2739 1022 2771 et
1053 2739 1142 2770 ante
1174 2744 1316 2770 annum
1347 2734 1385 2769 in
1405 2732 1689 2782 prolegomenis
1711 2731 1905 2782 Epheme-

118 2794 242 2832 ridum
273 2797 388 2842 inque
411 2793 610 2842 Epitomes
632 2792 903 2830 Astronomiae
926 2791 1214 2840 Copernicanae
1235 2790 1334 2828 libro
1356 2791 1386 2829 I.
1411 2791 1476 2829 fol.
1504 2791 1597 2840 125,
1626 2801 1777 2828 rursum
1809 2786 1916 2828 anno

125 2853 246 2900 1610,
277 2853 316 2888 in
347 2851 480 2890 Tertio
511 2850 808 2896 Interveniente,
841 2851 1009 2887 numeris
1032 2860 1055 2885 a
1075 2849 1129 2886 40
1161 2850 1198 2885 in
1221 2850 1288 2895 43,
1322 2854 1360 2887 et
1389 2860 1413 2886 a
1446 2850 1497 2886 59
1528 2849 1565 2884 in
1591 2849 1640 2884 72
1673 2852 1712 2886 et
1738 2849 1815 2885 113
1838 2852 1910 2887 etc.

120 2911 237 2958 inque
267 2911 518 2958 responsione
550 2909 599 2947 ad
641 2909 795 2958 objecta
825 2906 976 2945 Rbslini
1008 2909 1046 2952 (I.
1072 2909 1140 2945 582
1165 2921 1220 2952 ss,
1247 2909 1393 2953 599·ss.,
1431 2909 1545 2954 630.);-
1577 2911 1616 2943 et
1652 2916 1752 2944 anno
1788 2905 1908 2943 1606.

120 2968 159 3004 in
190 2967 287 3005 libro
320 2968 367 3006 de
399 2966 522 3005 Stella
554 2967 685 3014 Nova,
729 2978 811 3015 cap.
847 2965 956 3002 VIII.
997 2964 1071 3002 IX.
1112 2962 1167 3002 X.
1199 2970 1237 3003 et
1257 2964 1415 3002 XXIV.
1447 2963 1648 3002 XXVIII.
1687 2963 1911 3012 praesertim
1982 2987 1984 2990 ψ

121 3036 145 3063 a
175 3024 241 3062 fol.
277 3026 369 3063 171.
402 3026 441 3062 in
477 3026 568 3061 175.
603 3021 666 3077 (ΙΙ.
694 3026 760 3061 719
785 3021 850 3076 ss.)
883 3029 921 3061 et
961 3034 1062 3060 anno
1100 3024 1220 3060 1604.
1261 3024 1298 3059 in
1331 3015 1602 3060 Astronomiae
1633 3026 1739 3071 parte
1771 3018 1909 3069 Optica

119 3081 188 3121 fol.
223 3084 288 3130 26,
321 3085 373 3119 27
409 3087 448 3120 et
477 3079 542 3120 fol.
576 3083 672 3120 224.
717 3084 770 3128 (ΙΙ.
799 3085 862 3120 143
887 3095 912 3117 s.
935 3084 1025 3130 270.)
1085 3081 1183 3121 Nam
1214 3081 1481 3130 prognostica,
1519 3079 1659 3128 quibus
1691 3077 1738 3117 de
1767 3077 1908 3123 funda-
1979 3127 1985 3142 .-
