1994 3276
151 145 230 184 122
737 141 794 178 De
816 141 1033 187 Figura-um
1057 142 1355 179 Harmoniearum

146 272 301 310 norum,
332 260 506 310 adeoque
527 259 687 300 cuilibet
704 261 851 312 figurae
883 265 1028 302 certum
1059 264 1110 303 sit
1138 264 1386 303 intervallum
1417 265 1517 303 inter
1545 275 1646 304 suos
1668 265 1783 304 binos
1814 265 1946 304 orbes:

84 339 92 345 ,
146 319 240 359 nihil
270 319 515 370 plausibilius
545 318 667 359 videri
698 321 837 371 potuit,
871 333 987 371 quam
1017 333 1085 361 sex
1115 323 1271 361 illorum
1303 323 1530 361 coelestium
1561 324 1713 362 orbium
1743 324 1951 363 intervalla

147 380 316 428 quinque
353 390 398 416 ex
435 379 603 428 quinque
643 378 776 429 figuris
815 391 899 418 esse
940 379 1117 419 desumta
1163 394 1188 419 a
1228 380 1408 420 Creatore
1450 381 1526 420 hoc
1568 381 1713 430 ordine,
1755 386 1799 420 ut
1829 382 1950 421 cubus

145 442 272 476 mente
313 437 553 486 concipiatur
589 438 688 475 inter·
738 438 850 476 orbes
890 438 1046 477 Saturni
1086 443 1125 477 et
1163 438 1299 491 Jovis,
1352 439 1572 478 tetraedron
1617 441 1717 478 inter
1756 438 1873 479 Jovis
1912 446 1951 478 et

103 505 106 509 ’
146 495 304 542 Martis,
339 494 604 533 dodecae‘dron
636 497 735 534 inter
764 495 902 535 Martis
934 502 971 535 et
1003 498 1166 545 Terrae,
1208 498 1438 536 icosae'dron
1470 499 1569 536 inter
1597 498 1766 538 Telluris
1797 503 1836 537 et
1865 498 1949 537 Ve-

145 555 258 601 neris,
292 553 496 592 octaedron
527 555 625 592 inter
655 554 818 593 Veneris
849 559 888 593 et
919 555 1111 594 Mercurii.
1163 561 1317 602 (Respice
1342 561 1384 592 ad
1409 561 1542 592 schema
1564 560 1622 593 lib.
1649 562 1689 594 V.
1716 571 1788 602 cap.
1814 559 1891 603 ΙΙΙ.)

258 610 367 650 Haec
398 611 616 650 distributio
647 614 818 651 numeris
851 613 1043 663 explorari
1074 618 1223 664 potest,
1267 616 1540 653 necessitatem
1571 615 1706 662 infert,
1746 625 1949 664 corporum

145 681 343 708 numerum
370 681 448 708 non
482 671 673 720 conquirit
703 672 831 722 anxie,
864 671 932 709 sed
952 673 1154 711 inventum
1174 677 1351 722 occupat,
1386 672 1550 722 denique
1580 674 1636 711 sic
1659 677 1718 711 est
1747 674 1947 721 instructa,

145 731 188 766 ut
218 728 267 766 ab
298 727 356 765 his
387 729 498 766 annis
539 730 679 778 viginti
719 729 871 767 duobus
912 741 988 768 non
1027 735 1177 769 tantum
1215 731 1363 769 nullum
1404 731 1597 770 invenerit
1627 737 1947 781 oppugnatorem,

144 786 212 825 sed
255 787 370 824 etiam
410 788 515 836 ipsos
554 787 665 825 Rami
705 787 982 827 inconsiderati
1024 790 1199 839 magistri
1248 794 1286 827 et
1324 788 1688 838 Euclideomastigis
1740 789 1950 839 discipulos

74 849 78 852 “
143 846 370 895 pertraxerit
400 845 593 894 hodieque
625 852 704 884 tam
734 845 878 884 multos
908 848 1120 897 pertrahat,
1153 852 1196 886 ut
1221 848 1305 897 Jam
1337 847 1481 886 dudum
1502 847 1710 887 secundam
1742 847 1951 887 editionem

110 903 404 951 -flagitaverint
441 903 716 944 mathematici.
781 904 858 944 Sed
901 905 947 944 de
984 905 1058 945 hac
1094 917 1134 944 re
1175 906 1352 956 pluribus
1398 917 1513 955 agere
1542 917 1619 944 non
1652 910 1711 946 est
1740 905 1856 956 huJus
1887 918 1950 945 sc-

143 960 256 1000 01111111
287 960 398 1011 libri3
430 963 602 1001 inveniet
631 962 752 1002 lector
783 963 881 1001 infra
910 963 1009 1003 libro
1041 965 1175 1014 quinto
1205 963 1338 1014 plura,
1371 964 1504 1014 aliqua
1535 966 1651 1003 etiam
1681 965 1720 1002 in
1751 965 1950 1015 Epitomes

147 1021 413 1065 Astronomiae
442 1020 541 1059 libro
569 1020 639 1069 1V,
671 1022 736 1060 ubi
771 1026 877 1060 ortus
909 1022 1045 1060 harum
1077 1024 1248 1073 quinque
1277 1022 1489 1062 solidarum
1519 1022 1727 1072 figurarum
1756 1024 1947 1073 genuinus

143 1078 357 1128 explicatur
398 1079 686 1129 metaphysice:
728 1091 818 1118 nam
860 1079 925 1119 ille
965 1093 1034 1131 per
1076 1081 1350 1131 angulationes
1394 1092 1471 1119 non
1505 1093 1594 1120 vere
1627 1086 1733 1119 ortus
1763 1085 1841 1129 est,
1881 1081 1949 1120 sed

143 1141 246 1176 ortas
279 1138 539 1187 consequitur,
572 1143 615 1176 ut
644 1142 782 1176 natura
813 1139 1008 1188 posterius
1039 1139 1145 1189 quid.

256 1194 416 1244 XXVI
450 1195 576 1246 Prop
590 1198 763 1235 ositio.
807 1196 909 1235 Addi
931 1203 1095 1247 possunt
1117 1199 1380 1246 congruentiis
1401 1197 1687 1247 perfectissimis
1707 1197 1950 1247 regularibus

142 1253 242 1292 duae
274 1255 391 1292 etiam
422 1254 522 1293 aliae
555 1256 851 1305 congruentiae,
884 1255 1081 1294 stellarum
1114 1256 1320 1295 duodecim
1349 1256 1552 1306 planarum
1592 1258 1948 1333 pentagouicarum,

141 1317 179 1351 et
210 1312 310 1350 duae
341 1313 600 1360 semisolidae,
633 1313 831 1352 stellarum
863 1315 1097 1364 octangulae
1130 1320 1168 1353 et
1201 1314 1452 1364 decangulae.

256 1367 435 1404 Claudunt
465 1369 559 1404 enim
590 1369 849 1413 pentagonicae
880 1369 1014 1404 solidas
1045 1369 1178 1414 figuras
1204 1369 1386 1406 aculeatas
1411 1369 1592 1414 undique,
1636 1380 1788 1415 quarum
1814 1380 1886 1404 una
1910 1369 1952 1405 fit

139 1414 329 1456 duodecim
354 1420 566 1464 angulorum
593 1420 952 1466 quinquelincarium,
979 1421 1093 1457 altera
1118 1423 1243 1466 viginti
1269 1421 1488 1465 angulorum
1511 1421 1767 1465 trilinearium3
1803 1421 1865 1457 illa
1882 1422 1950 1457 tri—

138 1473 194 1509 nis
219 1472 358 1518 angulis
383 1473 528 1517 insistit,
554 1474 644 1509 11300
669 1473 786 1518 quinis
812 1473 935 1517 simul,
961 1473 1024 1509 illa
1047 1473 1232 1519 pulchrius
1258 1484 1366 1519 super
1385 1472 1554 1518 angulum
1572 1473 1731 1518 erigitur,
1749 1473 1847 1508 haec
1871 1483 1950 1508 rec-

139 1526 213 1561 tius
239 1526 349 1570 sedet,
374 1526 585 1562 incumbens
621 1527 658 1561 in
683 1525 819 1571 quinos.
849 1528 900 1569 (Ss
926 1532 958 1560 et
981 1530 1070 1560 infra
1093 1529 1153 1560 lib.
1173 1531 1214 1560 V.
1233 1539 1305 1569 cap.
1323 1530 1349 1561 1.
1367 1530 1409 1560 Tt
1425 1530 1460 1559 in
1476 1530 1574 1568 typis.
1595 1529 1710 1560 aeneis
1736 1528 1949 1570 praemissis.)

139 1578 180 1612 In
204 1577 261 1613 his
287 1579 353 1614 etsi
378 1579 578 1615 forinsecus
605 1591 676 1615 non
701 1581 854 1623 apparet
877 1578 1042 1623 regulare
1067 1579 1234 1623 planum,
1268 1578 1331 1614 sed
1368 1579 1446 1623 ejus
1470 1578 1550 1614 loco
1582 1578 1802 1624 triangulum
1828 1577 1948 1622 aequi-

141 1640 285 1665 crurum
310 1632 601 1677 pentagonicum,
629 1632 738 1677 quina
762 1636 884 1666 tamen
908 1630 1115 1675 hujusmodi
1141 1642 1283 1676 semper
1305 1632 1342 1666 111
1359 1643 1470 1667 unum
1494 1631 1659 1676 idemque
1683 1631 1831 1676 planum
1857 1642 1950 1666 com-

140 1683 309 1729 petentia,
339 1684 519 1720 occultum
547 1686 613 1720 sub
640 1683 822 1718 soliditate
849 1683 1170 1728 quinquangulum,
1195 1683 1307 1719 veluti
1332 1695 1393 1719 cor
1416 1695 1520 1720 suum
1545 1684 1778 1720 circumstant
1801 1682 1949 1719 faciunt-

142 1747 211 1781 que
245 1749 325 1773 cum
359 1748 401 1772 eo
428 1737 560 1773 dictam
595 1736 737 1773 stellam
768 1737 1063 1781 pentagonicam,
1103 1746 1167 1771 seu
1197 1737 1401 1781 germanico
1426 1737 1596 1772 idiomate
1626 1736 1755 1781 pedem
1783 1734 1948 1780 ‘Truttae,

140 1789 392 1834 Theophrasto
418 1789 610 1825 Paracelso
637 1789 777 1833 signum
802 1787 977 1823 sanitatis.
1027 1787 1115 1823 Idea
1139 1789 1300 1832 corporis
1327 1788 1589 1832 quodammodo
1615 1788 1741 1823 eadem
1766 1792 1831 1833 est,
1857 1797 1950 1832 quae

145 1842 200 1877 sui
225 1842 337 1886 plani,
369 1851 450 1875 nam
475 1847 516 1877 ut
539 1842 575 1876 in
602 1842 686 1885 hoc,
721 1852 769 1876 sc.
795 1841 832 1876 in
858 1839 964 1876 stella
997 1840 1282 1885 quinquangula,
1314 1841 1479 1876 binorum
1515 1850 1658 1885 semper
1685 1839 1948 1884 triangulorum

140 1894 255 1930 latera
279 1895 316 1929 in
341 1904 448 1928 unam
472 1898 609 1929 rectam
635 1897 861 1938 competunt,
896 1904 989 1938 quae
1013 1899 1115 1938 parte
1142 1894 1197 1928 sui
1222 1894 1392 1929 interiore
1415 1892 1458 1928 fit
1481 1892 1578 1928 basis
1609 1892 1669 1928 uni
1695 1892 1864 1927 exteriori
1888 1892 1949 1927 tri-
1992 1922 1994 1924 .

140 1946 282 1990 angulo,
306 1946 403 1980 latus
429 1956 514 1981 vero
540 1946 664 1982 intimo
690 1946 978 1990 quinquangulo,
1006 1947 1057 1982 sic
1082 1946 1118 1980 in
1145 1946 1260 1981 solido
1287 1956 1429 1990 semper
1453 1945 1643 1989 quinorum
1668 1943 1863 1980 solidorum
1888 1955 1949 1980 an—

140 1999 306 2044 gulorum
330 1995 511 2042 triangula
536 1998 677 2042 singula
702 1998 913 2042 aequicrura
939 2003 1150 2043 competunt
1182 1999 1219 2033 in
1243 2008 1350 2033 unam
1374 1997 1578 2042 planitiem,
1614 2006 1766 2040 quorum
1791 1996 1949 2041 quinque

143 2051 406 2095 triangulorum
431 2061 494 2086 seu
522 2051 647 2086 stellae
672 2050 798 2085 intima
821 2050 980 2085 medulla
1005 2056 1040 2085 et
1058 2061 1130 2096 cor,
1157 2049 1476 2095 quinquangulum,
1502 2049 1544 2083 fit
1562 2048 1660 2093 basis
1682 2048 1718 2082 in
1736 2059 1808 2084 una
1826 2059 1949 2095 super-

141 2104 270 2140 stantis
297 2102 425 2147 anguli·
443 2102 558 2147 solidi,
584 2102 641 2138 vel
666 2102 702 2137 in
727 2101 852 2145 altera,
881 2103 1165 2149 superstantium
1193 2103 1347 2147 quinque
1366 2101 1570 2137 solidorum.
1619 2101 1687 2136 Est
1712 2103 1831 2135 autem
1848 2106 1948 2137 tanta
1992 2115 1994 2117 ¹

142 2155 306 2201 cognatio
333 2154 529 2200 figurarum
554 2155 691 2195 harum,
718 2154 825 2189 unius
852 2165 932 2190 cum
958 2154 1203 2200 dodecaedro,
1230 2153 1378 2189 alterius
1405 2163 1485 2188 cum
1509 2152 1715 2195 icosaedro,
1741 2155 1782 2187 ut
1805 2152 1947 2187 videan-
1989 2154 1994 2162 ·’

140 2212 201 2244 tur
223 2208 304 2250 hae,
328 2207 543 2253 praesertim
568 2205 828 2250 dodecaedron,
854 2211 982 2242 trunca
1007 2205 1272 2251 quodammodo
1299 2210 1335 2240 et
1358 2204 1493 2247 mutila
1519 2204 1549 2239 si
1575 2215 1655 2240 cum
1678 2203 1748 2239 illis
1774 2203 1946 2239 aculeatis
1984 2206 1986 2209 '

142 2262 403 2306 comparentur.
1864 2282 1874 2287 κ
1982 2290 1994 2303 ,

257 2311 480 2356 Octangulae
504 2322 588 2346 vero
620 2315 657 2346 et
682 2304 901 2355 decangulae
926 2312 1053 2347 stellae
1077 2311 1248 2347 lateribus
1280 2318 1429 2345 suorum
1452 2308 1653 2354 radiorum,
1691 2310 1783 2354 quae
1808 2318 1948 2353 semper
1979 2326 1990 2339 ⁷-

139 2368 178 2402 111
201 2366 315 2411 primo
342 2370 378 2401 et
403 2369 540 2410 quarto,
568 2364 708 2399 duobus
725 2364 898 2409 transitis,
924 2368 1127 2409 congruunt
1151 2364 1187 2398 in
1205 2374 1312 2398 unam
1329 2367 1474 2406 rectam,
1500 2361 1606 2398 binae
1625 2371 1767 2407 semper
1793 2365 1825 2396 et
1843 2361 1947 2396 binae
1983 2387 1988 2394 .

142 2422 342 2467 congruunt
366 2417 575 2461 faciuntque
601 2418 731 2452 cubum
756 2415 839 2450 illae
865 2416 1054 2461 quendam,
1079 2416 1148 2450 1130
1174 2415 1424 2451 dodecaedron
1452 2415 1644 2460 quoddam,
1671 2425 1742 2450 non
1760 2414 1947 2458 angulatas
1982 2417 1994 2459 ,f

144 2471 221 2508 sed
235 2470 456 2506 auriculatas
481 2471 631 2515 figuras,
659 2470 743 2514 quia
768 2469 908 2505 duobus
934 2469 1052 2514 planis
1077 2468 1218 2513 angulis
1244 2468 1432 2512 coaptatis,
1456 2467 1593 2502 hiatum
1617 2467 1696 2502 fieri
1709 2476 1857 2513 necesse
1882 2469 1948 2504 est,
1986 2467 1989 2478 ³

143 2523 208 2570 qui
230 2522 350 2558 claudi
375 2523 446 2558 non
471 2527 603 2567 potest.
656 2522 752 2566 Ergo
778 2532 842 2566 per
870 2523 921 2558 11.
949 2521 1156 2558 semisolida
1179 2526 1320 2556 tantum
1346 2524 1400 2555 est
1425 2519 1672 2564 congruentia.
1980 2530 1988 2540 ·

260 2574 548 2611 Perfectissimae
581 2574 750 2614 dicuntur
784 2575 1039 2620 congruentiae
1073 2574 1155 2608 illae
1193 2573 1346 2614 solidae,
1378 2572 1447 2607 hae
1472 2571 1714 2631 semisolidae,
1752 2558 1836 2615 quia
1858 2568 1947 2615 ipsis

148 2627 324 2674 competit
348 2628 380 2663 6.
409 2626 565 2663 definitio
591 2626 701 2670 hujus
726 2624 806 2670 libri
832 2626 951 2670 quoad
975 2625 1202 2670 soliditatem,
1227 2625 1447 2670 planitiebus
1473 2635 1556 2659 vero
1580 2623 1670 2669 ipsis
1695 2622 1865 2667 competit
1889 2621 1948 2656 de-
1973 2625 1979 2633 ⁶

143 2679 257 2715 finitio
282 2678 423 2725 figurae
442 2678 635 2724 perfectae,
661 2687 753 2723 quae
779 2682 835 2714 est
858 2678 949 2713 libro
970 2678 995 2712 I.
1024 2678 1192 2723 secunda,
1220 2682 1304 2713 sunt
1329 2688 1376 2712 sc.
1400 2677 1608 2713 secundario
1634 2676 1831 2721 perfectae.
1873 2674 1947 2710 Nec
1972 2699 1983 2721 3

145 2733 300 2769 absurde
326 2731 488 2777 dicimus,
515 2730 758 2766 semisolidam
783 2729 1092 2774 perfectissimam,
1117 2730 1201 2774 quia
1226 2729 1405 2764 innuimus
1431 2729 1592 2764 inchoari
1617 2727 1768 2772 aliquid,
1793 2726 1850 2762 cui
1876 2734 1948 2761 non

144 2788 174 2821 9.
202 2784 258 2819 vel
285 2786 357 2828 lu,
384 2783 447 2818 sed
473 2782 530 2819 cui
557 2784 586 2818 6.
615 2782 685 2818 def.
714 2786 948 2826 competeret,
976 2782 1006 2816 si
1030 2781 1154 2826 perfici
1179 2786 1317 2826 posset.
1970 2783 1975 2819 ῗ

261 2811 440 2872 XXVII.
473 2833 795 2883 Propositio.
859 2831 1084 2880 Congruunt
1126 2833 1241 2869 etiam
1273 2831 1322 2870 ad
1361 2829 1584 2870 solidandas
1614 2829 1757 2878 figuras
1790 2830 1948 2866 semire—

147 2892 301 2942 gulares
331 2892 494 2944 figurae,
524 2892 674 2930 scilicet
701 2887 851 2927 rho‘mbi
882 2889 1000 2939 plani,
1032 2890 1309 2939 perfectissime
1341 2890 1456 2938 idque
1487 2893 1636 2925 tantum
1668 2888 1740 2927 1110

263 2947 355 2982 Ν3111
381 2957 426 2982 ex
452 2947 496 2983 12
521 2939 637 3005 planis
663 2943 831 2986 rhombis,
858 2949 977 2979 certae
1001 2944 1244 2989 proportionis
1270 2945 1526 2990 diagoniorum,
1551 2942 1592 2977 fit
1609 2941 1783 2977 rhombus
1800 2941 1947 2987 solidus,
1938 2970 1994 2990 ,h

150 2998 268 3041 figura
294 2998 446 3033 cellulae
470 2998 650 3044 apiariae,
675 3001 849 3042 quantum
873 2997 919 3032 ad
944 2997 1058 3032 latera
1083 3007 1146 3032 sex
1172 3003 1208 3033 et
1231 2996 1381 3031 fundum
1407 2994 1662 3039 triangularem
1687 2993 1860 3038 solidum3
1882 2996 1969 3043 81²ng
1980 3007 1987 3044 j

150 3050 244 3085 enim
268 3051 409 3086 rhombi
434 3055 673 3095 congruentes
699 3049 760 3087 sic,
785 3055 825 3084 ut
849 3048 969 3083 obtusi
995 3049 1154 3091 obtusis,
1188 3048 1283 3084 acuti
1308 3048 1423 3083 acutis
1447 3047 1691 3092 applicentur,
1716 3050 1791 3081 tres
1816 3046 1949 3081 habent

159 3099 418 3147 obtusangulos
441 3102 575 3148 hiatus,
601 3107 673 3139 tres
699 3102 805 3139 etiam
830 3101 930 3149 paria
947 3105 1132 3137 acutorum
1156 3101 1338 3139 exstantia
1355 3110 1464 3146 supra
1479 3099 1699 3144 totidemque
1715 3097 1819 3136 infra.
1860 3097 1948 3137 Cone
