1994 3276
483 77 670 118 summ
691 79 840 127 κορισε
862 78 909 117 a·
930 78 1179 118 memmu-
1201 48 1449 127 nqmaont(
1766 80 1846 121 cai

780 258 849 299 Ad
877 259 1035 311 Caput
1063 259 1134 299 IV.

181 357 348 405 &vlnus
373 358 633 406 generaliorem
657 359 744 395 facit
766 359 861 396 hanc
884 361 1151 406 quaestionem,
1185 360 1244 397 cui
1277 359 1443 405 equidem
1474 358 1616 395 invideo
1647 358 1692 395 de
1716 356 1850 394 tradito

65 412 243 461 prhcilu’o
263 421 526 458 naumann,
550 417 591 448 ut
614 411 702 448 mihi
725 411 868 448 videtur
890 413 1130 459 pulcherrimo
1155 415 1192 448 et
1222 411 1448 448 securissimo
1473 414 1511 447 et
1533 411 1691 447 omnium
1712 402 1851 456 tem'po-

65 475 165 502 rum.
203 464 296 503 Ram
317 465 413 502 idem
437 475 504 511 ego
523 465 601 510 jam
624 469 700 501 tum
722 464 921 502 meditabar
942 465 1103 511 tradere,
1140 476 1221 502 cum
1254 464 1408 511 primum
1437 465 1550 501 verba
1579 463 1658 500 fieri
1689 463 1850 501 audirem

69 518 116 556 dc
137 517 207 556 linc
229 518 391 555 materia.

82 561 86 568 ¹
156 570 316 608 Primum
340 570 372 607 si
393 570 501 606 uncia
523 569 638 606 variat
658 580 725 616 per
747 568 975 615 aliqualem,
999 569 1149 606 variabit
1172 574 1209 606 et
1225 569 1302 615 ejus
1320 569 1509 615 drachma3
1534 579 1575 613 se
1598 569 1718 616 ipsum
1741 569 1851 615 igitur

64 621 268 669 redarguit3
305 621 434 659 deinde
475 632 644 658 mensura
665 632 777 668 parva
800 625 867 667 est,
893 622 996 667 cujus
1019 621 1315 668 multiplicatione
1335 623 1451 661 multa
1466 622 1544 658 fieri
1559 622 1704 658 taudem
1722 620 1850 669 possit,

65 678 107 712 ut
127 674 279 711 notabili
302 674 423 720 aliquo
448 674 672 711 differremus
695 683 719 709 a
740 673 965 719 ponderibus
986 670 1164 720 veterum,
1198 675 1320 720 itaque
1343 675 1509 720 gloriatio
1533 679 1657 711 nostra
1677 674 1851 710 interiret.

63 727 193 772 Itaque
225 726 348 774 placet
370 727 456 764 mihi
480 738 560 764 cum
585 727 714 763 ceteris
739 736 848 772 super
871 726 942 761 hoc
966 726 1141 762 consultis
1166 726 1346 773 dubitare,
1382 739 1404 763 a
1432 726 1585 773 simplici
1618 726 1851 772 longitudinis

65 791 113 817 an
136 791 159 817 a
181 780 309 817 cubic·
330 789 521 816 mensurae
545 779 759 825 capiendum
783 779 831 815 sit
855 779 1019 815 initium?
1067 779 1193 815 Placet
1216 779 1323 823 etiam
1346 780 1565 825 respondere
1588 790 1670 815 cum
1694 779 1851 825 Stevino,

63 832 162 879 quod
184 832 232 868 sit
255 831 301 867 ab
324 831 387 867 ina
410 831 663 877 incipiendum,
688 842 762 867 non
787 832 834 867 ab
858 831 936 866 hac.
982 831 1102 876 Atque
1133 831 1203 867 hoc
1239 831 1388 876 quidem
1424 831 1470 867 ob
1503 832 1753 877 simpliciorem
1786 842 1851 868 na-

62 890 180 922 turam
203 885 315 931 longi,
339 895 447 930 quam
470 884 591 928 solidi;
629 884 738 920 rectis
763 884 895 929 quippe
920 888 1021 920 ortus
1046 884 1234 929 tribuitur,
1271 884 1388 920 curvis
1418 885 1661 930 perpetuitas:
1696 885 1850 930 primum

63 947 150 974 vero
170 936 412 973 rudimentum
436 947 610 982 geneseos
634 936 670 971 in
694 935 796 971 fluxu
820 937 964 982 puncti,
999 937 1094 973 unde
1118 937 1229 982 linea;
1262 936 1356 972 alter
1379 936 1512 982 gradus
1536 937 1573 972 in
1595 935 1698 972 fluxu
1721 937 1849 981 lineae,

64 989 160 1026 unde
184 988 361 1035 quadrata
377 988 607 1035 superficies;
631 989 759 1025 tertius
777 989 931 1035 denique
947 990 986 1026 in
1002 989 1102 1026 fluxu
1120 989 1322 1036 superficiei
1339 989 1547 1034 quadratae,
1573 989 1668 1026 unde
1684 988 1849 1034 solidum,

63 1052 101 1078 n.
125 1042 252 1078 cubus.
1076 1062 1078 1065 v

177 1095 349 1140 Agnoscit
372 1095 443 1132 hoc
469 1099 506 1130 et
530 1095 734 1131 Schonerus
760 1094 972 1139 quaestione
996 1094 1139 1139 quinta:
1165 1093 1230 1130 sed
1252 1093 1401 1130 facessit
1424 1094 1457 1131 ei
1479 1094 1664 1141 negotium
1683 1093 1848 1130 accidens

62 1145 134 1181 hoc
155 1145 194 1180 in
212 1157 391 1192 processu
415 1146 652 1191 inculcatum,
685 1147 782 1192 quod
812 1147 890 1183 sola
915 1147 1076 1192 pondera
1099 1147 1296 1182 manserint
1319 1148 1531 1184 constantia
1580 1147 1659 1192 Ego
1694 1156 1779 1182 vero
1812 1150 1878 1182 etz

61 1196 132 1234 hoc
154 1197 192 1234 in
208 1197 355 1235 dubium
379 1198 498 1235 vocari
519 1199 621 1235 video
638 1209 660 1234 a
678 1199 844 1235 Mariana
859 1199 1032 1245 Hispano,
1059 1200 1121 1244 qui
1137 1199 1182 1235 de
1197 1199 1417 1245 ponderibus
1433 1200 1680 1236 recentissime
1693 1199 1849 1245 scripsit,

62 1254 100 1286 et
116 1249 265 1295 ,iamjam
282 1250 354 1288 hoc
376 1255 524 1287 acturus
549 1261 638 1311 sum,
663 1254 704 1285 ut
727 1257 972 1303 perpetuam
964 1252 1202 1288 constantiam
1226 1253 1264 1288 in
1287 1263 1476 1290 mensuras
1493 1252 1725 1298 longitudinis
1741 1252 1851 1287 intro-

63 1302 227 1338 ducum.
246 1302 476 1341 Potissimum
511 1304 605 1338 enim
641 1309 890 1348 argumentum
923 1313 990 1350 pro
1026 1304 1160 1349 longo
1197 1305 1361 1348 eligendo
1397 1309 1454 1340 est
1488 1315 1510 1340 a
1535 1305 1680 1340 Stevino
1716 1304 1851 1340 dictum

61 1355 220 1402 mihique
242 1361 495 1402 praereptum,
519 1355 723 1397 milliarium
747 1355 794 1391 ad
817 1356 1011 1392 maximum
1046 1357 1219 1392 circulum
1249 1357 1346 1402 globi
1378 1357 1534 1394 Telluris
1559 1357 1846 1402 accommodatio,

63 1412 101 1443 et
123 1407 257 1454 pedum
280 1408 318 1443 in
340 1407 485 1455 milliari
507 1413 627 1444 certus
651 1418 842 1453 numerus,
877 1408 1051 1454 pedisque
1075 1419 1148 1446 nun
1171 1409 1279 1454 plane
1302 1409 1632 1447 inconstantissima
1655 1409 1849 1455 quantitas.

64 1462 194 1506 ltaque
217 1460 288 1496 hoc
309 1470 499 1496 mensurae
524 1471 636 1505 genus
661 1462 777 1506 possit
800 1472 881 1498 esse
904 1467 1128 1507 perpetuum.

85 1551 92 1554 ⁴
178 1513 250 1549 Sed
274 1513 463 1559 explicabo
483 1514 747 1559 cogitationum
771 1525 931 1550 mearum
955 1515 1083 1550 seriem
1107 1515 1292 1560 integram.
1340 1509 1431 1551 Nam
1463 1514 1629 1551 Stevinus
1662 1525 1850 1551 mensuros

61 1560 253 1601 Terrarum
277 1564 402 1601 orbem
425 1564 472 1601 ad
496 1566 752 1602 astronomiam
776 1567 932 1613 ablegat,
969 1567 1067 1612 quod
1089 1577 1239 1602 necesse
1262 1577 1336 1602 non
1359 1572 1426 1603 est.
1473 1567 1552 1611 Ego
1588 1577 1734 1604 mensus
1767 1578 1848 1603 sum

62 1622 147 1655 ante
170 1627 284 1653 annos
309 1622 475 1662 quatuor,
501 1618 602 1654 coelo
626 1629 699 1654 non
722 1619 897 1665 inspecto,
924 1625 960 1656 et
981 1621 1220 1655 instrumento
1250 1619 1449 1654 certissimo
1483 1618 1643 1664 quidem,
1676 1619 1739 1655 sed
1764 1631 1848 1656 con-

62 1668 163 1704 temti
195 1670 313 1715 pretii.
360 1670 403 1705 In
427 1671 572 1716 regione
596 1672 688 1708 bene
711 1672 820 1717 plana
844 1683 910 1708 nec
940 1672 1063 1707 multis
1094 1671 1278 1706 fluminum
1311 1671 1532 1707 anfractibus
1562 1671 1733 1717 impedita
1757 1672 1849 1709 duos

61 1720 155 1766 eligo
178 1725 308 1767 turres,
335 1723 377 1758 15
401 1723 484 1759 circ.
512 1724 629 1760 Germ.
653 1724 864 1760 milliaribus
891 1724 1077 1760 distantes.
1117 1724 1196 1759 Hoc
1219 1723 1408 1759 intervallo
1440 1734 1528 1759 sane
1551 1728 1741 1769 utramque
1766 1725 1847 1762 alti·

61 1773 223 1811 tudinem
250 1774 316 1811 120
337 1785 468 1820 passus
494 1786 667 1822 superare
691 1787 840 1813 necesse
864 1782 936 1812 est:
976 1787 1021 1811 ex
1046 1787 1117 1820 quo
1143 1776 1173 1811 si
1198 1776 1421 1820 impossibile
1443 1776 1591 1815 videtur,
1615 1779 1847 1822 proportione
1876 1778 1883 1783 ’

63 1832 236 1874 spectata,
260 1826 298 1862 id
322 1827 420 1872 quod
442 1828 521 1864 fieri
545 1834 676 1875 potest,
701 1830 919 1865 aestimetur.
966 1829 1128 1873 Utraque
1153 1838 1199 1864 ex
1222 1828 1410 1863 altitudine
1443 1834 1676 1873 conspectum
1700 1829 1847 1866 alterius

64 1881 261 1924 (nocturnis
284 1881 428 1926 ignibus
452 1882 629 1927 adjutum,
654 1883 685 1918 si
708 1892 856 1918 necesse
881 1884 953 1925 est)
989 1881 1035 1916 ad
1061 1881 1217 1917 libellam
1241 1880 1544 1916 accuratissimam
1568 1881 1743 1917 examino.
1789 1883 1848 1918 In-

60 1933 215 1969 notescit
238 1934 332 1968 enim
355 1945 401 1969 ex
426 1935 692 1980 comparatione
728 1946 802 1970 non
836 1938 978 1969 tantum
1009 1933 1164 1979 angulus
1188 1931 1234 1967 ad
1258 1937 1420 1967 centrum
1445 1932 1604 1967 Telluris
1618 1960 1627 1977 ,
1653 1943 1717 1969 seu
1741 1945 1847 1972 arcus

62 1986 284 2031 interceptae
316 1987 536 2032 superficiei,
576 1989 641 2024 sed
665 1989 772 2023 etiam
798 1986 981 2022 discessus
1005 1986 1193 2030 utriusque
1218 1984 1311 2029 signi
1335 1994 1356 2018 a
1380 1989 1504 2019 centro
1528 1984 1681 2020 Telluris
1704 1986 1741 2021 in
1764 1998 1846 2032 pro-

62 2037 228 2083 portione
251 2048 304 2083 ea,
328 2049 401 2083 qua
425 2039 581 2084 spatium
605 2039 871 2084 complanatum
894 2038 988 2073 inter
1020 2042 1210 2082 utramque
1234 2036 1459 2072 altitudinem
1483 2037 1599 2073 metiri
1622 2048 1769 2082 possum
1792 2039 1850 2076 vel

62 2089 172 2134 virga,
196 2088 254 2125 vel
277 2089 450 2135 funiculo,
484 2090 542 2125 vel
564 2100 780 2136 quacunque
804 2091 954 2126 ratione.
1004 2090 1131 2135 Itaque
1165 2089 1430 2136 comparatione
1464 2089 1560 2125 facta
1595 2099 1699 2125 arcus
1723 2091 1850 2127 circuli

18 2161 30 2167 -
63 2140 208 2176 maximi
230 2139 278 2176 ad
299 2141 478 2177 intervalli
502 2142 760 2187 longitudinem
785 2144 885 2188 virga
908 2143 1150 2188 descriptam:
1176 2141 1351 2187 quidquid
1374 2143 1408 2176 1¹
1432 2151 1498 2177 seu
1525 2142 1598 2185 ¹lso⁰
1613 2143 1794 2187 competit,
1810 2143 1848 2189 id

64 2193 102 2228 in
120 2194 211 2230 1000
226 2192 405 2229 dividatur
420 2199 554 2239 partes,
579 2205 731 2240 quarum
756 2194 937 2239 quaelibet
961 2205 1090 2239 passus
1115 2195 1351 2239 geometricus
1376 2198 1560 2229 correctus
1582 2198 1671 2229 esto.
1719 2194 1788 2230 Hic
1810 2195 1848 2231 in

64 2247 87 2281 5
111 2245 246 2281 divisus
260 2251 265 2257 ·
281 2247 476 2282 constituet
510 2247 639 2292 pedem
675 2253 886 2283 correctum.
934 2246 1002 2282 Hic
1035 2247 1073 2282 in
1111 2247 1153 2282 12
1188 2246 1298 2281 abibit
1329 2250 1508 2281 correctos
1540 2245 1682 2289 digitos.
1734 2246 1848 2282 Porro
1899 2256 1901 2259 ⁴

66 2297 257 2342 digitorum
272 2298 319 2334 32
337 2309 402 2334 seu
416 2299 530 2344 pedes
553 2300 623 2344 2¹s2
647 2300 783 2335 dabunt
806 2304 1006 2334 correctam
1032 2298 1164 2334 ulnam.
1212 2299 1316 2334 Unde
1341 2298 1598 2334 derivabuntur
1621 2303 1657 2333 et
1674 2299 1849 2343 quadrata

64 2349 198 2385 usitata
220 2354 257 2384 et
278 2350 399 2394 virgae
424 2362 590 2395 agrorum
614 2363 798 2388 mensores
823 2353 859 2386 in
883 2352 1041 2387 numeris
1065 2350 1243 2395 pulchris,
1279 2350 1323 2386 de
1347 2350 1476 2395 quibus
1499 2350 1658 2385 nondum
1683 2351 1847 2388 omnibus

0 2435 11 2443 ,
66 2401 282 2447 deliberavi3
309 2408 478 2439 caveatur
502 2407 622 2440 autem
647 2406 764 2441 omnis
790 2404 899 2440 nimia
923 2403 1125 2439 insolentia.

105 2488 111 2491 .
179 2454 273 2489 Hinc
293 2454 369 2498 jam
392 2466 606 2501 progressus
631 2458 678 2493 ad
702 2459 833 2493 cubum
857 2456 959 2501 pedis
986 2457 1061 2500 Jam
1091 2455 1298 2500 constituti,
1335 2455 1396 2499 qui
1426 2454 1455 2490 si
1489 2459 1660 2499 capturus
1684 2460 1740 2492 est
1764 2466 1847 2492 can-

65 2507 192 2542 than-os
213 2505 237 2542 8
258 2505 345 2550 fere,
381 2517 594 2552 quacunque
617 2509 654 2544 in
677 2509 822 2554 regione
849 2514 972 2543 tantae
998 2507 1205 2552 quantitatis
1230 2507 1424 2543 cantharus
1448 2509 1484 2543 in
1508 2518 1577 2543 usu
1612 2509 1680 2552 sit,
1713 2509 1746 2545 is
1769 2520 1847 2546 cor·

64 2562 185 2595 rectus
200 2562 280 2593 esto
297 2559 501 2604 cantharus,
527 2561 589 2604 qui
604 2566 735 2606 aequat
752 2560 913 2607 praecise
930 2564 1091 2594 octavam
1109 2560 1202 2595 cubi.
1249 2560 1413 2604 Denique
1435 2561 1589 2605 spatium
1607 2561 1699 2596 cubo
1715 2571 1846 2606 aeque-

66 2620 181 2655 capax
213 2609 407 2655 impleatur
439 2621 526 2647 auro
548 2623 640 2658 puro
665 2617 728 2648 aut
752 2612 899 2656 plumbo
924 2616 987 2646 aut
1010 2616 1158 2655 argento
1187 2611 1266 2646 vivo
1297 2616 1360 2646 aut
1390 2612 1549 2647 fontana.
1598 2613 1847 2649 Constituantur

67 2667 188 2698 autem
212 2663 362 2697 seorsim
383 2662 486 2708 libra,
510 2665 614 2709 cujus
636 2665 806 2700 drachma
822 2664 869 2699 sit
891 2663 1060 2708 ponderis
1077 2663 1223 2707 antiqui,
1249 2663 1496 2709 receptissimi,
1523 2665 1608 2709 quia
1623 2665 1660 2700 in
1675 2665 1846 2702 methodo

2 2719 6 2751 Ξ
70 2724 135 2750 seu
144 2724 340 2759 progressu
352 2716 575 2759 aequationis
588 2717 757 2752 drachma
776 2715 969 2750 honorifice
986 2715 1158 2750 habetur:
1184 2720 1220 2749 et
1243 2715 1429 2759 explorata
1445 2717 1685 2762 proportione,
1711 2717 1742 2752 si
1757 2727 1846 2762 pon-

0 2757 13 2821 }
69 2764 137 2799 dus
153 2763 360 2810 hujusmodi
384 2767 555 2803 librarum
577 2779 670 2814 pene
695 2770 739 2805 96
763 2769 801 2802 in
824 2768 916 2803 cubo
940 2767 1087 2802 fontana
1111 2767 1229 2801 inesse
1253 2766 1439 2811 videbitur,
1464 2767 1556 2802 libra
1578 2768 1731 2813 ipsaque
1755 2769 1846 2805 adeo

0 2823 15 2878 ἒ
69 2815 240 2852 drachma
261 2818 402 2854 tantulo
425 2823 601 2867 mutatur,
627 2827 667 2857 ut
689 2818 872 2866 proportio
896 2819 943 2853 sit
966 2819 1126 2863 praecise
1149 2818 1395 2862 nonagecupla
1418 2819 1604 2864 sextupla.
1634 2820 1845 2864 praesertim

71 2869 103 2904 si
124 2870 276 2906 mutatio
299 2869 422 2906 futura
446 2877 501 2908 est
522 2873 560 2908 in
584 2884 657 2909 una
680 2872 849 2909 drachma
872 2871 1099 2907 insensibilis.
1148 2869 1315 2905 Similiter
1338 2869 1368 2904 si
1385 2869 1430 2904 ad
1455 2870 1560 2905 aliam
1584 2871 1739 2915 aliquam
1762 2881 1845 2917 pro-

0 2908 18 2977 ξ
70 2921 271 2965 portionem
286 2921 471 2966 pulchram
487 2923 651 2960 alluserit
673 2924 814 2969 pondus
840 2923 922 2959 cubi
944 2923 1123 2967 fontanae,
1148 2926 1189 2957 ut
1200 2922 1246 2957 ad
1262 2922 1513 2958 centenarium.
1562 2923 1698 2967 Quodsi
1714 2925 1842 2962 melius

0 2964 18 3022 ἦ
71 2974 189 3010 omnia
210 2975 453 3019 processerint
477 2976 664 3012 distributo
691 2979 721 3012 1¹
746 2976 863 3021 spatio
896 2976 934 3011 in
967 2978 1054 3013 1250
1084 2985 1235 3021 passus,
1271 2983 1388 3018 neque
1423 2973 1493 3009 hoc
1526 2977 1841 3020 praetermittatur

0 3073 5 3080 ἡ
70 3024 152 3063 non
175 3026 310 3072 dubito,
334 3026 419 3072 quin
443 3037 518 3063 rem
540 3029 633 3065 serio
656 3028 895 3065 tractantibus
917 3028 1037 3064 omnia
1058 3028 1104 3063 ad
1127 3032 1250 3062 votum
1272 3026 1344 3062 sint
1366 3035 1504 3062 casura.

0 3089 8 3170 ἰ

0 3176 29 3276 [4,.
