1988 3276
81 170 85 174 ι
133 119 185 158 22
424 151 426 155 ,
628 90 815 162 Epistolae
837 114 984 162 Kepleri
1008 114 1229 163 aliorumque
1252 117 1396 154 mutuae

132 233 296 277 eundem
324 234 526 286 circulum3
557 234 613 275 sic
645 233 697 276 15
728 245 776 275 ex
807 234 831 274 3
863 238 902 275 et
933 235 972 288 5,
1003 235 1057 275 20
1088 247 1136 276 ex
1167 236 1193 274 4
1223 239 1261 276 et
1293 236 1332 290 5,
1363 237 1418 275 24
1447 247 1495 276 ex
1525 236 1548 276 3
1580 240 1619 277 et
1649 237 1691 290 8,
1719 236 1773 277 30
1803 247 1851 277 ex
1881 236 1905 276 5

132 298 171 335 et
202 296 249 347 6,
305 295 358 334 40
391 306 438 334 ex
470 294 493 333 5
526 298 564 333 et
595 294 639 343 8,
689 294 742 333 60
773 305 821 334 ex
853 293 876 333 5
909 298 948 334 et
980 293 1051 347 12,
1111 296 1164 334 90
1195 306 1242 334 ex
1275 296 1298 334 6
1330 299 1368 335 et
1401 295 1476 348 15,
1529 296 1608 335 120
1637 306 1686 335 ex
1716 296 1740 335 8
1771 299 1810 335 et
1841 294 1906 337 15.

131 354 308 404 Denique
337 354 376 391 in
406 352 597 391 infinitum
626 350 877 392 demonstrari
905 355 1068 404 possunt
1088 354 1218 393 omnia
1238 353 1443 406 regularia,
1474 365 1572 404 quae
1589 353 1733 394 habent
1753 353 1909 406 duplam

134 411 483 452 denominationem
531 410 582 450 ad
631 412 776 463 priora,
828 411 1022 462 quomodo
1072 413 1188 452 etiam
1239 412 1487 463 octangulum
1536 411 1815 452 demonstratur
1862 423 1910 451 ex

133 469 418 522 quadrangulo,
459 471 590 520 itaque
630 471 745 509 etiam
779 470 852 523 16,
894 471 945 509 32
978 474 1048 510 etc.
1080 470 1299 522 -angulum
1359 470 1527 522 Jamque
1565 483 1714 510 rursum
1748 474 1911 523 possunt

133 529 346 581 comparari
387 527 485 568 haec
514 528 631 580 dupla
662 539 748 568 cum
777 528 842 581 iis,
885 529 1115 579 quibuscum
1145 531 1257 581 primi
1286 533 1393 582 sunt,
1432 534 1476 569 ut
1508 529 1558 570 15
1590 540 1676 569 cum
1709 530 1782 582 16,
1821 529 1911 569 hinc

134 589 236 628 enim
265 586 546 626 demonstratur
577 586 882 637 240-angulum.

274 645 384 685 Haec
413 647 530 696 igitur
559 645 850 697 generalissima
871 649 929 684 est
949 643 1081 699 ἐκλογη
1101 660 1176 685 των
1195 649 1363 698 δεικτων,
1393 645 1519 685 adhuc
1549 646 1715 686 existens
1745 644 1910 695 infinita3

133 707 267 755 estque
297 703 570 743 demonstratio
611 709 719 744 tanto
748 703 1021 757 imperfectior,
1068 707 1212 755 quanto
1252 703 1405 755 longius
1441 704 1491 744 ab
1529 704 1675 744 unitate
1710 702 1911 743 receditur.

132 763 270 814 Itaque
299 762 377 802 alia
405 762 474 801 fiat
503 761 633 816 ἐκλογη
665 774 816 815 earum,
857 774 958 812 quae
988 774 1055 814 per
1086 774 1127 802 se
1159 762 1485 815 demonstrantur,
1524 774 1602 803 non
1632 762 1683 803 ad
1712 773 1913 814 compara-

132 823 276 862 tionem
316 820 476 860 duarum
515 821 757 872 simplicium.
817 820 1161 871 Retinebimusque
1199 822 1239 873 3,
1280 822 1320 874 4,
1361 821 1399 873 5,
1441 822 1476 870 6,
1526 822 1565 874 8,
1605 820 1662 862 10
1701 825 1739 861 et
1779 832 1913 860 omnes

134 892 264 920 earum
295 878 432 930 duplas
462 880 501 917 in
530 879 734 918 infinitum.
787 878 957 918 Rursum
986 880 1064 919 alia
1093 879 1160 918 fiat
1190 877 1322 931 ἑκλογη
1354 891 1495 929 earum,
1528 891 1628 930 quae
1657 891 1734 919 non
1763 883 1913 919 tantum

132 950 210 978 non
240 937 413 988 indigent
443 937 604 977 duarum
634 938 796 977 aliarum
827 937 1033 988 figurarum
1065 939 1350 989 comparatione
1381 937 1430 977 ad
1458 940 1518 977 sui
1539 938 1915 990 demonstrationem,

133 996 203 1037 sed
230 1008 279 1036 ne
308 1009 387 1036 una
417 996 584 1047 quidem.
642 996 718 1035 Hic
747 997 911 1048 primum
942 996 1207 1045 adfinitatem
1237 998 1474 1048 pervenitur,
1516 996 1583 1036 sed
1618 1001 1765 1037 restant
1800 995 1914 1036 valde

133 1067 292 1107 paucae.
331 1055 432 1094 Nam
462 1055 603 1095 cadunt
634 1066 766 1095 omnes
797 1054 937 1106 duplae
968 1055 1045 1094 una
1075 1067 1162 1094 cum
1193 1055 1414 1107 octangulo,
1445 1054 1550 1106 quod
1578 1055 1692 1095 modo
1715 1054 1916 1107 duplarum

135 1114 430 1154 demonstratur.
491 1112 833 1164 Quinquangulum
862 1125 955 1153 vero
986 1118 1024 1153 et
1056 1113 1311 1164 decangulum
1340 1113 1467 1152 adhuc
1495 1118 1673 1167 manent,
1703 1115 1795 1164 quia
1825 1113 1916 1152 dec-

135 1173 320 1223 angulum
350 1172 423 1211 etsi
440 1183 528 1211 >non
561 1172 797 1223 quadratura
828 1171 1127 1224 demonstratur,
1167 1177 1207 1211 at
1247 1171 1528 1212 demonstratur
1556 1174 1725 1213 sectione
1755 1184 1917 1224 propor-

135 1231 280 1271 tionali.
344 1231 444 1270 Nam
472 1231 506 1269 si
545 1230 827 1270 semidiameter
866 1236 1015 1270 secetur
1058 1231 1413 1283 proportionaliter,
1451 1242 1541 1283 pars
1576 1231 1700 1282 major
1729 1235 1787 1271 est
1814 1230 1917 1270 latus

135 1288 349 1341 decanguli.
411 1288 468 1328 Ac
499 1291 571 1329 etsi
603 1289 936 1340 quinquangulum
974 1290 1251 1341 praesupponit
1282 1288 1556 1339 decangulum,
1598 1290 1690 1329 facit
1719 1288 1760 1327 id
1789 1293 1917 1329 tamen

133 1348 251 1399 longo
283 1347 360 1387 alio
390 1346 520 1399 modo,
553 1360 669 1398 quam
699 1349 739 1386 in
770 1347 884 1387 modo
914 1347 1078 1397 rejectis,
1110 1354 1150 1387 et
1180 1347 1454 1388 demonstratio
1486 1352 1543 1387 est
1564 1348 1776 1399 perfectior.
1818 1347 1932 1405 Nam-

137 1411 358 1459 geometra,
389 1406 518 1446 dicens
547 1402 650 1446 lat‘us
681 1405 962 1457 quinquanguli
993 1418 1107 1458 posse
1137 1406 1239 1445 latus
1270 1406 1472 1457 sexanguli
1503 1410 1540 1446 et
1569 1405 1671 1445 latus
1703 1405 1916 1457 decanguli‚

133 1465 305 1516 loquitur
334 1466 390 1505 sic
419 1476 487 1515 per
517 1464 707 1505 accidens.
758 1465 844 1504 Non
876 1465 1165 1504 considerantur
1195 1465 1296 1504 enim
1324 1464 1399 1503 hae
1431 1464 1529 1504 duae
1558 1464 1697 1517 lineae,
1727 1469 1917 1515 quatenus

136 1526 373 1564 constituunt
411 1523 553 1573 figuras
593 1522 847 1574 sexangulum
871 1527 930 1567 ,et
975 1523 1240 1573 decangulum,
1312 1523 1540 1562 Rectissime
1582 1524 1638 1563 sic
1683 1523 1914 1563 diceremus:

133 1583 237 1622 latus
268 1582 548 1632 quinquanguli
577 1586 706 1633 potest
735 1581 1057 1621 semidiametrum
1088 1586 1126 1621 et
1156 1582 1239 1632 ejus
1260 1581 1748 1632 proportionaliter.sectae
1769 1586 1915 1634 partem

135 1641 333 1692 majorem.
371 1639 538 1679 Rursum
570 1652 617 1680 ex
646 1640 706 1679 his
736 1641 1000 1692 perfectiores,
1033 1652 1195 1691 quarum
1221 1636 1344 1679 latera
1363 1644 1453 1679 sunt
1475 1642 1614 1693 λογικα,
1644 1639 1685 1680 h.
1706 1651 1738 1680 e.
1762 1644 1916 1689 δυναμει
1951 1675 1954 1689 ,

137 1697 246 1753 ῥητα,
286 1703 518 1749 manentque
551 1700 596 1748 3,
638 1700 683 1748 4,
719 1699 755 1738 6.
828 1698 928 1737 Nam
968 1698 1223 1749 decangulum
1266 1702 1304 1737 et
1341 1699 1470 1738 omnia
1506 1698 1650 1749 rejecta
1677 1698 1800 1738 latera
1829 1710 1916 1738 cum

136 1756 456 1798 subtendentibus
493 1756 721 1808 angulorum
760 1761 850 1796 sunt
880 1755 1014 1810 ἄλογα,
1049 1769 1135 1796 cum
1174 1768 1306 1796 eorum
1346 1756 1535 1807 quadrata
1571 1768 1648 1796 non
1689 1758 1766 1796 sint
1803 1754 1914 1809 ῥητα.

135 1817 257 1856 Latus
286 1820 415 1855 tamen
445 1815 739 1866 quinquanguli·
755 1827 842 1854 cum
871 1814 1125 1855 subtendente
1163 1815 1346 1867 angulum
1377 1815 1420 1855 fit
1450 1814 1733 1866 quodammodo
1765 1819 1918 1863 δυναμει

139 1872 256 1926 ῥητον
297 1878 336 1913 et
375 1875 430 1912 sie
469 1875 626 1925 λογικον,
668 1878 708 1912 at
747 1885 825 1913 non
866 1875 1036 1913 seorsim.
1096 1874 1196 1913 Nam
1236 1875 1270 1913 si
1310 1885 1442 1914 eorum
1482 1872 1670 1924 quadrata
1693 1873 1915 1925 jungantur,

138 1933 233 1973 fiunt
262 1930 313 1971 ad
343 1931 572 1981 quadratum
603 1931 778 1971 diametri
808 1935 852 1971 ut
883 1932 905 1970 5
937 1932 987 1970 ad
1019 1933 1056 1970 4.

279 1990 459 2039 Denique
489 2001 535 2029 ex
558 1991 717 2042 λογικαις
735 1990 979 2041 perfectiores
1001 1993 1089 2029 sunt
1111 1986 1224 2041 ῥηται
1244 1992 1333 2029 actu
1354 1993 1489 2040 estque
1510 2000 1630 2028 unum
1650 1988 1914 2039 sexangulum.

138 2049 238 2090 Nam
275 2047 525 2101 triangulum,
565 2047 874 2099 quadrangulum
912 2060 991 2087 non
1033 2052 1122 2087 sunt
1162 2044 1261 2100 ῥητα
1303 2052 1404 2087 actu.
1463 2048 1664 2087 Diameter
1701 2059 1794 2087 vero
1833 2048 1919 2100 ipsa

139 2108 213 2146 sibi
254 2105 428 2156 aequalis
465 2112 536 2158 est,
576 2106 732 2156 perinde
769 2111 807 2146 et
848 2104 943 2158 ῥητη
985 2110 1023 2146 et
1061 2105 1189 2158 ’λογικη
1220 2109 1258 2145 et
1286 2104 1526 2158 ἀποδεικτικη
1556 2111 1644 2159 etc.,
1684 2109 1817 2158 utpote
1851 2117 1920 2158 per

139 2165 377 2205 identitatem
407 2169 466 2203 est
495 2164 646 2203 sensilis
677 2167 759 2204 sine
791 2164 1125 2204 demonstratione.
1530 2189 1539 2198 ·

281 2222 480 2262 Habemus
523 2234 655 2262 omnes
694 2222 849 2275 ἐκλογας
887 2223 1089 2274 planorum
1125 2221 1377 2274 regularium,
1418 2233 1518 2272 quae
1560 2222 1687 2261 omnia
1724 2223 1840 2262 etiam
1871 2221 1918 2262 de

141 2280 459 2320 subtendentibus
489 2281 641 2331 angulis
672 2286 761 2321 sunt
790 2281 1051 2331 intelligenda.
1118 2281 1216 2319 Nam
1246 2280 1286 2317 in
1314 2281 1507 2331 triangulo
1536 2280 1639 2319 latus
1669 2282 1794 2332 ipsum
1824 2281 1919 2320 sub-

141 2338 263 2378 tendit
291 2339 488 2391 angulum,
519 2341 558 2378 in
589 2338 854 2390 quadrangulo
886 2339 1080 2389 diameter,
1119 2340 1157 2377 in
1188 2339 1478 2389 quinquangulo
1507 2337 1608 2378 latus
1638 2339 1772 2379 stellae
1804 2341 1918 2390 quin-

143 2397 404 2449 quangularis,
434 2398 472 2435 in
494 2398 706 2449 sexangulo
727 2399 830 2438 latus
849 2400 1002 2449 trigoni,
1025 2399 1063 2436 in
1086 2396 1290 2447 octangulo
1311 2396 1413 2437 latus
1433 2396 1656 2448 quadrati,'
1645 2410 1683 2435 m
1706 2397 1916 2447 decangulo

141 2455 244 2495 latus
265 2456 399 2494 stellae
422 2455 710 2506 decangularis:
743 2469 843 2508 quae
862 2458 1051 2508 recipiunt
1072 2456 1229 2496 easdem
1250 2454 1594 2495 demonstrationes
1614 2467 1701 2495 cum
1719 2455 1916 2496 lateribus.

140 2513 241 2553 Nam
271 2513 504 2553 subtendens
526 2512 599 2568 ³s10
620 2521 763 2565 aequat
780 2515 1021 2566 longitudine
1042 2504 1362 2554 semidiametrum
1385 2514 1544 2565 ejusque
1568 2519 1715 2565 partem
1733 2514 1918 2564 majorem

142 2571 476 2623 proportionaliter
505 2577 652 2612 sectae:
685 2574 740 2612 sic
769 2574 886 2623 igitur
913 2574 1059 2613 minore
1089 2578 1195 2624 parte
1215 2572 1490 2623 proportionali
1511 2577 1653 2623 aequat
1672 2584 1783 2612 suum
1802 2572 1917 2621 latus,

141 2631 240 2669 sicut
268 2629 380 2669 stella
411 2631 753 2682 quinquangularis
782 2632 929 2683 majore
958 2636 1065 2684 parte
1096 2631 1370 2683 proportionali
1399 2636 1540 2681 aequat
1571 2643 1684 2671 suum
1711 2631 1831 2681 latus3
1870 2628 1918 2670 de

142 2688 277 2728 ceteris
307 2700 375 2740 per
404 2700 446 2728 se
475 2693 593 2740 patet.

278 2745 371 2786 Jam
411 2752 449 2786 et
490 2746 565 2786 hoc
595 2747 795 2798 probabile
838 2751 909 2800 est,
954 2745 1278 2798 quemadmodum
1320 2747 1343 2785 5
1382 2758 1540 2799 corpora
1579 2757 1655 2785 non
1701 2743 1793 2784 dant
1834 2745 1919 2797 ipsa

141 2803 301 2843 formam
331 2805 470 2858 coelis,
509 2804 578 2844 sed
609 2817 656 2844 ex
684 2806 947 2857 magnitudine
979 2807 1080 2845 orbis
1111 2807 1282 2857 inscripti
1312 2804 1361 2844 ad
1392 2805 1718 2855 circumscriptum
1748 2807 1831 2842 orta
1861 2808 1920 2843 est

142 2862 335 2902 coelorum
366 2864 576 2915 quantitas:
608 2865 663 2902 sic
691 2875 738 2904 ne
769 2864 885 2915 plana
906 2864 1059 2914 quidem
1080 2865 1165 2915 ipsa
1184 2875 1251 2915 per
1272 2875 1312 2903 se
1336 2864 1576 2903 considerata
1593 2862 1723 2912 largiri
1748 2862 1918 2900 motibus

143 2921 339 2970 quaesitos
371 2924 518 2975 λογους,
549 2921 617 2960 sed
649 2924 856 2974 comparati
887 2922 938 2961 ad
968 2921 1169 2971 circulum,
1209 2922 1308 2960 sicut
1338 2922 1463 2962 solida
1492 2921 1542 2961 ad
1571 2920 1831 2972 sphaericum,
1874 2922 1918 2958 ut

141 2977 218 3017 hoc
247 2978 296 3017 sit
328 2981 445 3031 λογος,
476 2981 510 3019 si
540 2992 628 3031 pars
658 2981 789 3032 aliqua
819 2981 949 3020 circuli
979 2992 1045 3032 per
1074 2980 1176 3019 latus
1205 2984 1349 3019 resecta
1379 2980 1428 3019 ad
1449 2978 1631 3019 circulum
1658 2982 1780 3017 totum
1811 2988 1918 3016 com-

147 3040 311 3088 paretur.
352 3036 439 3077 Hoc
468 3039 502 3077 si
531 3038 717 3078 faciamus
747 3040 788 3079 in
816 3039 947 3090 figuris
978 3043 1016 3078 et
1046 3038 1237 3078 subtensis
1266 3038 1381 3078 modo
1412 3039 1590 3085 inventis,
1622 3041 1710 3088 post
1738 3036 1920 3086 reJectam

144 3093 396 3152 infinitatem,
436 3097 531 3136 talia
559 3097 652 3137 fient
682 3098 838 3138 nomina
867 3098 1172 3150 proportionum:
1218 3093 1261 3152 ‘s¹
1299 3094 1358 3150 (in
1389 3095 1531 3138 circulo
1560 3096 1661 3136 enim
1690 3105 1766 3133 non
1794 3092 1919 3133 diviso
