1994 3276
150 90 235 130 416
776 88 998 136 Appendicis
1023 88 1323 128 Harmonicorum

148 207 241 244 time
273 203 508 245 dissolverit.
570 205 631 246 De
662 207 822 259 reliquis
853 208 1013 248 Roberti
1043 209 1342 267 particularibus
1374 210 1734 260 comparationibus
1759 211 1950 262 judicium

149 268 233 302 esto
264 264 420 303 lectoris
463 264 632 314 oculati,
675 267 770 317 quid
802 268 967 318 quisque
1006 273 1181 307 nostrum
1224 267 1271 308 de
1303 280 1376 307 sua
1404 269 1635 308 tractatione
1677 281 1767 309 vere
1798 269 1947 323 dixerit.

147 321 248 361 Nam
279 323 311 361 si
343 322 437 374 quid
469 334 542 373 ego
573 335 703 364 meum
733 327 880 364 instruo
913 326 1096 365 lectorem
1126 338 1242 378 super
1270 331 1379 366 textu
1409 338 1519 376 meo,
1545 338 1631 377 par
1668 327 1848 378 equidem
1876 334 1949 378 est,

146 385 189 418 ut
220 381 323 420 idem
355 386 393 420 et
423 381 596 421 Roberto
627 382 745 424 liceat
775 386 814 422 in
845 395 931 423 suo.
995 385 1126 435 Atque
1157 396 1260 432 ecce,
1294 384 1388 436 quid
1407 384 1602 424 Robertus
1635 385 1757 435 dicat,
1788 386 1836 425 de
1866 399 1949 426 sec-

146 439 320 478 tionibus
350 440 522 478 chordae
550 453 613 479 me
642 443 762 492 eyisse
791 443 919 481 verbis
948 444 1071 481 nimis
1102 445 1269 493 copiosis
1275 457 1291 493 ,-
1323 455 1410 483 cum
1442 442 1539 482 haec
1570 445 1696 483 omnis
1727 446 1842 495 copia
1870 457 1949 484 non

145 499 316 548 potuerit
347 497 523 538 sufficere
554 498 726 539 Roberto
769 500 820 539 ad
850 500 978 540 lucem
1009 500 1183 551 aliquam
1215 503 1316 540 circa
1350 503 1615 542 inventionem
1645 501 1850 555 diapason,
1901 503 1948 543 de

146 568 225 606 qua
261 557 347 607 jam
383 557 637 607 poenitudine
679 558 818 597 ductus
859 561 933 608 ait,
974 571 1035 598 me
1065 561 1220 598 nonnisi
1252 561 1416 599 obscure
1447 561 1585 611 egisse.
1648 561 1702 599 At
1742 561 1836 600 mihi
1875 573 1948 613 ego

147 614 282 654 videor
321 614 487 655 chordae
528 617 781 656 bisectionem
821 628 869 656 ex
906 617 1122 656 rationibus
1161 616 1343 657 diametri
1381 617 1513 657 circuli
1544 618 1755 659 clarissime
1801 619 1947 671 produ-

144 675 267 725 xisse;
300 673 433 713 videat
463 673 597 723 lector,
630 676 664 714 si
696 675 790 726 quid
820 675 918 717 lucis
951 677 1108 726 insuper
1139 676 1245 727 apud
1275 676 1490 716 Robertum
1521 675 1596 716 hac
1625 679 1665 716 in
1684 682 1794 728 parte
1825 679 1946 730 possit

145 733 336 780 invenire,
380 743 458 771 non
497 733 703 782 invidebo,
748 745 971 773 communes
1012 735 1113 773 enim
1155 735 1306 774 tradere
1345 735 1456 774 lubet
1486 746 1624 786 operas
1666 738 1707 774 in
1735 735 1946 776 lectoribus

144 790 374 830 erudiendis.
442 790 582 841 Itaque
620 794 738 831 etiam
779 794 819 830 in
863 797 980 843 caput
1021 804 1150 831 meum
1191 804 1354 842 nonum,
1408 793 1513 844 quod
1557 805 1693 835 censes
1734 795 1946 834 confusiori

143 848 261 888 modo
291 850 498 899 scriptum,
540 849 705 890 libenter
735 852 921 918 majorem
951 863 999 890 ex
1030 856 1067 890 te
1099 851 1293 900 ordinem,
1337 863 1454 902 quam
1486 863 1559 903 ego
1601 855 1791 903 consequi
1821 854 1943 904 potui,

143 909 344 958 recipiam,
385 909 418 946 si
447 907 569 947 lector
604 909 791 959 majorem
831 910 868 946 in
911 911 987 948 tuis
1025 920 1237 959 agnoscere
1275 911 1431 960 poterit.
1490 909 1568 950 Sed
1604 923 1677 950 nec
1715 913 1946 951 inventioni

143 967 321 1005 clavium
352 965 387 1015 b,
417 965 442 1003 h
474 967 701 1006 claritatem
731 979 929 1016 mayorem
960 979 1084 1017 quam
1116 968 1232 1017 apud
1259 981 1342 1019 me,
1375 980 1536 1008 suamve
1569 969 1944 1009 commendationem

144 1024 369 1075 denegabo,
412 1025 604 1075 siquidem
649 1025 783 1065 lectori
822 1037 899 1064 non
933 1026 1126 1064 suffecerit
1167 1026 1217 1065 ad
1247 1026 1322 1066 hoc
1353 1028 1499 1078 (capite
1528 1039 1615 1066 meo
1656 1025 1851 1082 secundo)
1878 1040 1945 1067 as·
1975 1068 1978 1069 γ

142 1084 304 1122 sociatio
336 1084 619 1134 quinquanguli
650 1089 688 1123 et
719 1085 943 1135 sexanguli3
976 1083 1183 1123 dummodo
1214 1085 1400 1134 fateatur,
1444 1097 1487 1126 se
1518 1091 1672 1125 tantum
1700 1087 1739 1124 in
1771 1086 1943 1126 Roberto

144 1141 242 1181 lucis
273 1143 482 1181 invenisse.
971 1152 973 1155 ’

260 1198 375 1250 Quod
415 1201 531 1251 igitur
569 1200 645 1240 fine
677 1200 792 1251 hujus
830 1201 1040 1252 analyseos
1070 1205 1196 1249 tuum,
1238 1200 1427 1249 Roberte,
1470 1201 1663 1241 scribendi
1701 1201 1858 1241 modum
1892 1202 1940 1242 de

141 1258 367 1297 harmonica
398 1260 559 1298 materia
587 1258 737 1309 prolixe
767 1270 943 1308 excusas,
977 1258 1095 1299 velim
1116 1259 1334 1309 recolligas,
1366 1271 1566 1309 nunquam
1588 1259 1697 1299 illum
1727 1273 1752 1300 a
1772 1273 1835 1300 mc
1855 1273 1942 1300 esse

142 1322 390 1367 accusatum3
422 1318 752 1367 comparationem
784 1319 953 1366 institui,
993 1329 1070 1356 non
1102 1319 1411 1366 accusationem,
1444 1318 1494 1356 ad
1525 1316 1778 1358 erudiendum
1809 1318 1942 1370 philo-

76 1416 79 1422 ,
146 1375 307 1427 sophiae
337 1375 578 1424 studiosum,
621 1388 699 1415 non
739 1375 789 1414 ad
820 1375 1104 1426 implorandum
1142 1376 1287 1425 judicis
1318 1377 1500 1415 officium.
1563 1377 1652 1427 Eyo
1691 1377 1814 1427 lonya
1844 1390 1942 1418 ora-

141 1436 247 1473 tione
280 1435 483 1484 cerbisque
512 1435 651 1473 multis
680 1439 794 1482 utor,
837 1434 985 1473 scilicet
1015 1439 1057 1472 ut
1089 1433 1271 1482 doceam,
1310 1439 1355 1473 tu
1386 1437 1431 1473 in
1461 1434 1599 1473 brevia
1630 1436 1855 1486 contrahis,
1899 1441 1942 1474 ut

142 1504 243 1543 quae
275 1493 361 1543 quis
393 1498 483 1531 ante
514 1498 552 1531 te
585 1492 737 1541 docuit,
776 1497 818 1531 tu
848 1494 1057 1532 memoriae
1089 1492 1358 1543 commendes3
1396 1504 1472 1531 non
1505 1494 1681 1543 sequitur
1710 1499 1779 1533 tua
1809 1494 1941 1533 brevi-

141 1555 202 1589 tas
233 1553 306 1589 nisi
338 1553 538 1602 praeviam
570 1551 729 1590 alterius
760 1553 925 1601 copiam,
973 1557 1010 1590 et
1040 1552 1115 1589 nisi
1145 1562 1226 1590 rem
1257 1550 1357 1589 alius
1387 1551 1537 1601 prolixe
1568 1552 1681 1591 sistat
1712 1552 1761 1590 ob
1793 1552 1940 1602 oculos,

142 1608 247 1659 quod
277 1621 351 1660 ego
381 1609 659 1660 praestandum
690 1611 833 1658 sumsi,
875 1621 951 1648 non
985 1615 1028 1648 tu
1058 1610 1113 1648 rei
1148 1609 1326 1659 sz’yuram
1357 1610 1418 1648 vel
1448 1610 1789 1660 hieroylyphicum
1828 1610 1940 1649 effin-

140 1669 254 1707 xeris.
315 1667 428 1706 Alius
460 1668 652 1720 simplicia
683 1674 908 1715 coacervat,
940 1674 982 1706 tu
1014 1667 1183 1707 extrahis
1215 1669 1422 1707 essentiam
1454 1667 1704 1718 colligisque3
1735 1679 1807 1708 nec
1839 1668 1938 1708 adeo

142 1727 324 1774 rejicitur
350 1727 580 1778 faeculenta
610 1726 856 1774 substantia,
898 1731 941 1764 ut
970 1725 1128 1776 plantae
1159 1727 1303 1776 ipsius,
1347 1738 1463 1776 quam
1495 1731 1634 1765 natura
1663 1732 1939 1777 repraesentat,

143 1784 437 1835 obliviscamur3
487 1797 558 1824 nec
597 1784 758 1833 sufficit,
812 1784 919 1835 quod
951 1785 1114 1824 <bonum
1156 1789 1210 1823 est
1250 1786 1294 1822 in
1334 1785 1495 1824 vasculo
1526 1787 1699 1834 proprio
1735 1785 1938 1835 collocare,

140 1844 233 1893 quin
266 1844 382 1882 etiam
414 1842 819 1891 animadvertendum,
852 1842 954 1881 unde
985 1845 1036 1881 sit
1066 1842 1163 1881 illud
1195 1841 1413 1883 collectum.
1474 1843 1559 1892 Ego
1591 1842 1837 1882 collectorem
1877 1845 1939 1893 egi

140 1901 345 1941 herbarum
376 1901 623 1950 idonearum,
656 1901 799 1940 videris
830 1906 891 1950 tu,
925 1901 1066 1951 quibus
1098 1913 1144 1939 ex
1175 1900 1326 1949 herbis,
1358 1913 1382 1939 a
1413 1913 1491 1951 quo
1525 1899 1730 1940 collectore
1761 1903 1935 1948 coe'mtis,

139 1965 228 1998 tuos
260 1962 493 2011 expresseris
532 1960 713 2010 liquores.
774 1959 890 2008 Esto,
933 1959 1056 1998 lateat
1086 1960 1290 2000 occultum
1329 1959 1460 1998 adhuc
1497 1971 1698 1998 arcanum
1734 1961 1937 2009 scientiae,

138 2017 243 2068 quod
274 2019 480 2058 verborum
509 2018 731 2069 prolixitate
763 2016 925 2069 indiget,
967 2028 1039 2056 nec
1067 2017 1348 2067 manifestetur
1378 2023 1544 2065 natura,
1587 2019 1668 2055 nisi
1683 2020 1813 2057 exutis
1844 2030 1938 2057 ora-

139 2077 255 2115 tionis
286 2077 476 2126 vestibus,·
507 2088 583 2116 non
614 2078 690 2114 ista
719 2075 794 2114 soli
825 2075 1012 2127 chymici,
1045 2074 1225 2115 videntur
1255 2075 1388 2113 affinia
1418 2080 1456 2114 et
1486 2074 1600 2113 Plato
1633 2079 1671 2114 et
1702 2075 1935 2116 Aristoteles

138 2134 342 2184 inculcare,
376 2135 532 2185 quando
563 2136 682 2173 menti
713 2145 846 2172 verum
878 2135 1014 2172 scienti
1039 2133 1123 2182 jam
1155 2132 1397 2172 definitiones
1429 2139 1465 2172 et
1487 2133 1704 2184 syllogismi
1734 2140 1776 2173 ut
1796 2146 1936 2186 super-

119 2188 206 2232 Ἠιιί
237 2193 469 2232 adimuntur.
531 2192 584 2232 At
605 2192 744 2240 hercle,
777 2192 871 2230 mihi
902 2191 1109 2231 videbatur
1138 2191 1235 2230 haec
1266 2193 1497 2240 cognitionis
1528 2191 1774 2232 harmonicae
1794 2199 1934 2232 natura

140 2252 259 2302 fugax
289 2252 493 2302 latensque
523 2253 688 2302 primum
721 2252 892 2288 omnium
935 2250 998 2289 vel
1040 2261 1190 2287 summa
1222 2254 1330 2288 veste
1362 2249 1686 2300 apprehendenda
1729 2251 1933 2302 verbisque

140 2309 302 2360 prolixis
333 2310 512 2350 involuta
543 2308 797 2357 continenda,
835 2308 910 2348 hoc
940 2312 999 2347 est
1030 2308 1068 2345 in
1100 2307 1287 2346 lectorum
1317 2308 1456 2346 animis
1495 2308 1744 2358 exprimenda
1785 2313 1824 2348 et
1854 2309 1935 2347 for-

140 2368 304 2414 manda,
345 2369 377 2407 si
414 2369 511 2408 sorte
553 2367 738 2407 succedat
776 2366 871 2405 mihi
909 2366 1050 2416 aliquis
1092 2367 1148 2403 tui
1178 2364 1314 2404 similis
1347 2363 1457 2419 (nam
1498 2371 1579 2406 tute
1610 2367 1694 2417 ipse
1734 2378 1820 2406 mea
1857 2368 1934 2406 ista

139 2427 235 2466 sorte
266 2424 459 2480 respues),
493 2428 558 2477 qui
591 2431 657 2465 tuo
687 2437 792 2464 more
824 2425 992 2463 vestibus
1022 2435 1112 2462 eam
1141 2429 1275 2471 exuet,
1322 2436 1426 2463 auro
1456 2426 1625 2471 inserat,
1660 2436 1747 2464 eum
1778 2426 1815 2462 in
1847 2437 1934 2464 mo-

141 2484 243 2533 dum,
276 2490 319 2524 ut
347 2485 512 2537 posthac
542 2487 672 2524 virtus
701 2485 786 2532 ejus
817 2483 963 2533 absque
992 2482 1120 2521 verbis
1141 2484 1280 2520 animo
1297 2484 1470 2531 conspici
1484 2485 1622 2531 possit.
1682 2482 1805 2522 Nobis
1835 2482 1933 2522 hac-

144 2548 256 2582 tenus
286 2545 325 2581 in
359 2543 533 2583 docendo
564 2541 829 2592 discendoque
860 2552 937 2579 non
967 2539 1077 2579 licuit
1108 2551 1192 2578 esse
1223 2544 1302 2578 tam
1333 2539 1521 2579 felicibus.

255 2601 333 2640 Sed
364 2607 425 2650 tu,
469 2600 575 2652 quod
604 2601 750 2650 passim
780 2604 863 2638 tota
894 2598 967 2636 hac
997 2597 1167 2648 analysi‚
1206 2596 1306 2636 idem
1338 2598 1459 2637 multo
1491 2599 1656 2638 maxime
1685 2598 1932 2637 conclusione

139 2660 214 2698 ista
246 2661 475 2710 comprobas
523 2660 735 2699 rectissime
780 2669 804 2696 a
833 2668 895 2695 me
927 2656 1090 2703 dictum,
1130 2655 1412 2705 quadamtenus
1443 2656 1604 2696 eandem
1635 2656 1706 2695 abs
1737 2661 1775 2695 te
1806 2663 1932 2695 mate-

139 2718 234 2756 riam
267 2730 351 2757 esse
382 2718 574 2757 traditam.
638 2715 786 2766 Quodsi
827 2714 999 2752 nondum
1029 2713 1268 2752 satisfactum
1309 2715 1377 2753 tibi
1410 2721 1541 2766 putas,
1583 2726 1629 2753 en
1663 2725 1754 2764 ergo
1796 2725 1931 2753 vocem

141 2780 248 2814 tuam
279 2776 456 2815 ultimam
487 2775 745 2826 supplementi
776 2772 885 2811 loco:
917 2771 1135 2819 subjectu-m
1168 2773 1334 2811 musices
1364 2778 1458 2811 tuae
1477 2772 1699 2821 artificialis
1727 2774 1932 2822 maryines

139 2844 231 2872 suos
260 2835 383 2873 latius
413 2836 655 2884 exporriyit,
694 2842 810 2883 quam
848 2841 958 2870 meus
988 2828 1086 2868 liber
1116 2830 1263 2868 tertius.
1325 2830 1454 2880 Quare
1485 2832 1602 2869 etiam
1641 2831 1697 2868 sic
1727 2829 1930 2879 quadam-

138 2895 253 2930 tenus
290 2892 388 2930 liber
425 2898 514 2931 tuus
557 2904 644 2930 cum
685 2901 772 2929 meo
804 2888 1014 2935 concurrit,
1055 2887 1242 2926 hactenus
1282 2889 1454 2937 scilicet,
1494 2893 1685 2938 quatenus
1725 2888 1824 2925 intra
1854 2888 1930 2925 mei

140 2948 227 2986 libri
259 2952 458 2999 angustias
490 2950 678 2996 tenditur,
719 2946 881 2986 necdum
917 2945 1036 2984 latius
1068 2947 1244 2984 excurrit
1308 2947 1437 2996 Atque
1476 2946 1540 2985 hic
1574 2957 1665 2986 vere
1706 2945 1783 2983 mei
1821 2945 1929 2983 verbi

140 3016 275 3047 sensus
305 3008 388 3059 fuit,
421 3008 568 3048 scilicet
597 3010 755 3047 innuere
779 3005 970 3053 volebam,
1002 3005 1099 3043 inter
1120 3005 1370 3055 plurimarum
1392 3016 1516 3043 rerum
1543 3002 1929 3055 speculationumque
