1994 3276
858 79 1042 156 Apum
1182 103 1204 168 ,¹
1756 111 1842 149 421

179 228 244 269 Ad
275 229 519 282 Analysiu
547 228 661 269 VIII.
729 227 855 280 Quem
891 227 956 268 hic
995 228 1106 277 teris,
1148 227 1354 269 Roberte?
1385 233 1453 267 aut
1490 228 1578 279 quis
1615 225 1747 266 causa
1772 225 1846 265 tibi

59 290 158 329 tanti
199 287 358 328 motuis?
414 287 512 327 Nam
556 299 628 340 ego
666 287 822 339 quidem
860 286 995 338 procul
1034 299 1059 326 a
1095 287 1174 327 tuis
1214 287 1356 327 ictibus
1393 288 1432 324 iu
1463 285 1648 337 angulum
1690 296 1752 324 me
1781 295 1846 324 re-

65 344 254 396 condidi3·
275 350 318 385 at
351 357 423 385 nec
453 355 611 386 causam
646 347 718 385 tibi
746 350 873 385 textus
902 356 1014 384 meus
1042 346 1240 396 praebuit,
1277 350 1322 383 ut
1350 346 1416 394 qui
1455 349 1608 395 praeter
1636 345 1845 394 ingenuam

59 402 381 515 εξζῦεωὶουοωῶ)
401 408 444 443 ut
482 405 626 473 scirent
662 403 846 451 lectores,
889 415 990 454 quae
1029 414 1055 442 a
1092 414 1180 470 meo
1218 402 1318 442 libro
1356 408 1488 453 petere
1530 413 1608 440 non
1647 400 1843 449 deberent,

119 562 123 565 s
174 519 250 559 Adv
274 520 508 572 Analysin
540 519 615 559 IX.
676 518 725 557 Et
754 520 842 569 quis
873 524 1010 568 negat,
1049 524 1087 558 te
1118 519 1237 558 etiam
1266 519 1306 556 in
1336 518 1488 557 theoria
1518 521 1735 564 versatum,
1770 511 1844 556 'sed

61 580 100 616 iu
130 576 238 617 libris
267 578 490 630 prioribus?
549 577 646 628 Quis
676 576 854 617 dedecori
884 577 955 615 tibi
986 588 1071 616 esse
1100 578 1239 627 praxiu
1267 576 1418 627 garrit?
1441 603 1446 606 -
1478 575 1634 625 Dignus
1653 574 1846 625 equidem,

60 637 298 687 quiscunque
327 638 379 675 sit
409 636 642 683 audaculus,
662 631 756 674 -non
786 641 855 674 tua
884 641 1055 683 tantum,
1091 633 1160 674 sed
1192 640 1233 674 et
1269 646 1356 674 mea
1385 635 1507 684 ipsius
1542 635 1609 672 ira.
1672 631 1774 682 Quin
1805 637 1845 672 et
1909 658 1912 662 -

60 705 192 734 omnes
220 693 375 744 produc
401 694 656 733 excellentiae
685 694 757 732 tihi
776 691 994 744 ,perlubens
1023 694 1074 732 ob
1104 693 1205 731 hanc
1233 694 1369 743 praxin
1400 693 1569 742 assigno.
1629 690 1844 741 Transiga-

59 764 146 792 mus
176 757 215 792 et
244 757 390 792 cetera:
431 752 676 802 Pythagoras
704 751 932 791 malleorum
963 752 1063 790 ictus
1091 749 1352 790 consideravit
1389 756 1480 789 ante
1511 761 1651 788 causas
1679 751 1846 788 musices

59 812 258 855 inventus,
298 816 337 850 et
368 815 494 849 tamen
525 809 719 849 Robertus
749 809 866 848 hodie
897 809 1014 848 tradit
1042 810 1294 848 instrumenta
1324 820 1446 856 nova,
1484 807 1677 859 Keplerus
1707 818 1846 846 causas

60 881 85 907 a
114 868 339 920 Pythagora
368 867 492 907 dictas
524 868 586 907 vel
619 867 804 907 convellit
833 867 1048 906 rationibus
1079 866 1141 905 vel
1172 867 1363 906 emendat.
1422 865 1590 905 Rursum
1627 876 1705 904 non
1736 865 1844 904 solus

59 926 252 966 Robertus
290 928 484 977 experitur
524 938 660 977 manu,
703 923 781 964 non
811 937 938 964 meras
967 925 1159 975 Keplerus
1201 926 1311 964 affert
1346 924 1653 974 speculationes,
1699 922 1847 962 orditur

62 985 163 1024 enim
192 981 232 1023 et
261 985 344 1036 ipse
373 996 398 1022 a
428 985 652 1030 manuaria,
696 983 856 1022 adhibet
880 983 1055 1022 chordae
1078 984 1301 1032 plectrum,
1334 994 1561 1032 campanae
1587 982 1845 1030 marculum5

59 1042 300 1082 chordarum
328 1044 588 1092 proportione
616 1043 899 1080 consonantias
927 1042 1131 1088 enucleat,
1162 1047 1336 1080 motuum
1368 1040 1596 1080 coelestium
1623 1041 1846 1091 proportio-

60 1112 128 1140 nes
157 1101 363 1148 examinat,
393 1101 594 1139 meliorem
628 1102 737 1138 viam
767 1111 850 1138 non
870 1101 1035 1138 invenit.
1097 1099 1206 1138 Haec
1227 1101 1369 1146 omnia,
1401 1098 1582 1147 Roberte,
1611 1103 1701 1136 suut
1721 1099 1845 1136 utrin-

60 1169 136 1209 que
167 1158 436 1207 iu·cou{esso;
469 1164 507 1197 et
536 1164 665 1197 tamen
696 1164 739 1196 ut
769 1157 815 1196 de
844 1159 994 1207 potiore
1024 1169 1158 1196 verum
1188 1163 1227 1196 et
1256 1157 1331 1197 hoc
1356 1164 1425 1204 est,
1457 1168 1518 1195 me
1547 1167 1618 1207 pro
1649 1168 1707 1204 eo,
1740 1155 1845 1206 quod

56 1218 141 1255 >tuis
160 1218 423 1255 inmmentis
444 1216 541 1255 liber
559 1228 666 1255 meus
687 1222 827 1262 careat,
860 1218 1197 1254 consonantiarum
1219 1227 1358 1254 causas
1381 1217 1456 1254 mei
1479 1215 1614 1254 lectori
1633 1219 1845 1264 praestare.

175 1273 386 1325 Pergamus
417 1273 604 1313 ulterius:
652 1279 691 1313 et
729 1284 866 1312 causas
907 1285 1053 1323 quaero
1091 1275 1429 1312 consonantiarum
1475 1278 1514 1312 et
1551 1272 1846 1311 mathematicas

64 1332 411 1372 demonstrationes
452 1334 661 1379 concinn03
699 1331 762 1370 hic
802 1333 903 1370 enim
947 1343 1038 1369 usus
1078 1331 1156 1370 illis
1185 1333 1325 1382 potior.
1388 1331 1620 1382 Demonstro
1664 1330 1846 1381 equidem

61 1388 106 1428 in*
132 1390 349 1439 abstracto,
390 1391 463 1428 nisi
496 1389 600 1440 quod
631 1401 747 1440 super
777 1389 930 1437 charta,
971 1389 1040 1428 sed
1071 1389 1226 1441 applico
1257 1389 1520 1429 demonstrata
1550 1390 1763 1436 concretis,
1806 1388 1846 1426 id

65 1452 126 1487 est
161 1447 347 1498 subiectis
383 1448 574 1499 physicis,
613 1448 781 1487 motibus
821 1447 968 1486 scilicet
1008 1459 1223 1499 corporum.
1283 1448 1334 1486 Et
1363 1452 1491 1486 tamen
1533 1447 1729 1486 abstracta
1758 1458 1847 1486 mea

61 1510 152 1560 sunt
179 1505 320 1546 similia
348 1506 426 1544 illis
457 1508 666 1553 concretis,
708 1505 803 1544 nihil
835 1506 936 1543 enim
965 1508 1090 1555 magis
1121 1511 1179 1544 est
1216 1505 1283 1544 alii
1312 1506 1460 1551 simile,
1500 1517 1616 1555 quam
1647 1507 1846 1556 antitypus

62 1567 134 1603 suo
166 1569 272 1616 typo.
333 1564 524 1603 Convenit
555 1571 593 1602 et
632 1564 678 1602 de
708 1563 782 1602 his.
842 1563 944 1601 Illud
975 1564 1102 1601 solum
1138 1570 1268 1602 manet
1306 1566 1345 1602 in
1376 1575 1514 1603 causa:
1551 1563 1735 1614 physicos
1764 1565 1847 1601 sine

62 1621 248 1663 mathesis
287 1633 360 1672 ope
402 1633 602 1660 causarum
640 1623 697 1660 ais
739 1623 1028 1671 inquisitionem
1066 1623 1205 1661 secisse
1242 1633 1312 1672 per
1357 1623 1548 1672 principia
1583 1623 1730 1671 priora;
1772 1632 1847 1671 ego

63 1682 102 1718 iu
141 1678 256 1718 nudis
292 1681 541 1727 substantiis,
583 1681 666 1718 sine
705 1679 961 1718 accidentium
1002 1681 1272 1727 inremunciis‚
1303 1681 1491 1729 negotiari
1522 1690 1622 1728 nego
1659 1679 1846 1729 possibile

65 1736 260 1788 cuiquam,
291 1722 390 1777 infer
419 1737 634 1776 accidentia
667 1749 757 1775 vero
787 1739 951 1786 primum
981 1748 1105 1786 genus
1136 1739 1394 1786 quantitatum
1415 1749 1460 1775 ex
1486 1736 1694 1775 Aristotele
1715 1736 1845 1784 didici,

62 1795 213 1845 reliqua
242 1797 373 1834 omnia
401 1797 629 1846 posteriora.
688 1795 829 1844 Negas,
863 1800 1013 1832 veteres
1044 1795 1094 1833 ab
1125 1801 1207 1833 arte
1237 1796 1276 1832 in
1306 1801 1427 1833 artem
1458 1796 1739 1841 transcurrisse,
1772 1806 1845 1844 ego

64 1864 89 1892 a
116 1852 282 1892 Platone
314 1853 442 1901 didici,
472 1855 645 1902 geminas
677 1865 761 1891 esse
791 1853 874 1890 alas
895 1854 1164 1899 astronomiae,
1197 1854 1448 1901 geometriam
1479 1859 1517 1891 et
1543 1852 1845 1902 arithmeticam;

65 1912 244 1962 quamvis
271 1910 340 1950 illa
381 1911 428 1950 de
458 1911 665 1950 sensilibus
695 1917 807 1960 agat,
847 1912 945 1948 istae
977 1910 1023 1949 de
1054 1910 1271 1950 abstractis.
1332 1909 1419 1960 Quo
1449 1913 1574 1959 magis
1613 1917 1719 1948 tuam
1750 1922 1847 1950 con-

65 1969 274 2008 elusionem
306 1971 432 2017 miror,
463 1975 518 2007 utv
535 1980 635 2018 quae
667 1968 1005 2007 contradictorium
1036 1970 1332 2018 praemissarum
1353 1970 1555 2017 subsumit‚
1586 1969 1846 2008 harmoniam

65 2033 102 2066 et
129 2027 417 2066 mathematicis
442 2028 621 2076 indiyere
650 2032 687 2065 et
713 2027 885 2076 physicis
913 2026 969 2064 ad
987 2038 1205 2065 causarum
1228 2022 1511 2074 inventionem,
1544 2026 1738 2065 addideris
1759 2037 1845 2065 rec-

68 2086 213 2125 tissime
243 2085 527 2136 metaphysicis.
590 2086 638 2123 Et
669 2084 778 2122 addis
809 2083 987 2133 quidem:
1020 2086 1077 2122 ais
1106 2086 1220 2131 enim,
1253 2091 1378 2122 ortum
1408 2085 1698 2123 intervallorum
1731 2095 1845 2134 spec·

65 2148 148 2182 tare
176 2144 300 2192 magis
329 2142 378 2181 ad
408 2143 547 2194 physin
579 2145 727 2181 ratione
757 2154 851 2180 suae
880 2148 1042 2180 naturae
1074 2143 1270 2194 occultae,
1312 2155 1429 2192 quam
1468 2142 1518 2180 ad
1557 2142 1770 2189 mathesin,
1811 2143 1845 2179 si

67 2202 254 2240 internum
284 2200 367 2249 ejus
397 2202 627 2252 principium
658 2202 919 2250 inspiciamus.
980 2200 1127 2250 Physin
1158 2200 1289 2249 procul
1323 2201 1441 2239 dubio
1473 2200 1589 2247 dicis,
1622 2211 1738 2249 quam
1770 2211 1844 2248 ego

66 2258 381 2309 metaphysicam.
439 2258 537 2297 Nam
569 2259 781 2308 subjungis,
813 2270 994 2296 arcanum
1027 2259 1109 2307 ejus
1152 2260 1361 2297 consistere
1402 2260 1440 2295 in
1471 2257 1684 2308 spiritualis
1715 2263 1843 2295 mate-

2 2336 4 2338 *
67 2318 149 2355 riae
178 2315 389 2364 divisione,
429 2317 537 2366 cujus
569 2317 716 2354 divisor
744 2318 794 2354 sit
822 2317 971 2363 anima,
1017 2320 1126 2354 actus
1157 2318 1330 2355 canentis
1360 2316 1423 2354 vel
1453 2315 1653 2365 pulsantis.
1712 2314 1841 2353 Multo

69 2373 172 2428 malo
201 2373 400 2413 commode
429 2380 497 2412 tua
527 2376 785 2424 interpretari,
816 2386 931 2423 quam
973 2375 1214 2412 occasionem
1245 2373 1431 2422 arguendi
1461 2384 1658 2422 quaerere.
1718 2373 1843 2422 Igitur

0 2477 2 2480 y
70 2443 250 2470 arcanum
281 2431 455 2481 intelligo
483 2432 643 2484 formam
683 2439 722 2470 et
752 2433 956 2470 essentiam
987 2433 1348 2481 contemperationis
1391 2431 1636 2469 harmonicae
1675 2431 1713 2467 in
1742 2428 1842 2469 Ter-

0 2490 5 2525 4‘
70 2501 162 2528 ram.
220 2489 267 2526 Id
297 2489 403 2528 disco
441 2501 525 2528 esse
554 2491 805 2538 spiritualem
834 2490 1069 2537 mater-iam3
1108 2500 1201 2527 sane
1231 2489 1452 2526 harmonias
1490 2495 1527 2527 et
1568 2499 1640 2537 ego
1671 2499 1840 2538 agnosco

0 2540 2 2574 ἶ
38 2587 45 2596 ,
71 2558 138 2585 ens
166 2548 339 2594 rationis,
371 2548 467 2585 ratio
498 2559 590 2585 vero
618 2547 817 2597 spirituale
848 2548 1044 2597 quippiam
1077 2551 1146 2585 est.
1204 2547 1299 2596 Ejus
1318 2546 1554 2585 divisionem
1572 2545 1748 2596 intelligo
1768 2557 1842 2596 ego

0 2603 8 2615 ”
71 2604 336 2643 discretionem
366 2605 468 2654 ejus,
511 2604 615 2652 quod
652 2610 710 2644 est
739 2605 1024 2650 harmonicum,
1063 2616 1087 2642 a
1116 2615 1193 2642 non
1223 2605 1457 2642 harmonico.
1519 2604 1746 2642 Diviserem
1784 2606 1842 2642 ais

0 2696 5 2702 ,
71 2662 284 2700 animam?
346 2661 395 2700 Et
434 2663 517 2710 ipse
553 2661 650 2700 libro
690 2674 775 2700 meo
804 2662 874 2700 IV.
911 2664 1017 2712 prius
1058 2663 1225 2700 animam
1265 2662 1353 2700 inde
1397 2674 1421 2699 a
1461 2664 1521 2698 sui
1559 2663 1751 2699 creatione
1791 2661 1841 2699 ad
1887 2658 1895 2663 ”

0 2730 20 2771 3'
72 2718 288 2768 exemplum
319 2719 412 2766 Dei,
458 2719 517 2756 sui
556 2719 776 2769 archetypi,
818 2720 918 2758 facio
958 2725 1175 2770 compotem
1212 2721 1451 2758 formationis
1493 2721 1656 2757 arcanae
1685 2719 1843 2757 harmo-

71 2778 199 2823 nicae,
235 2778 440 2826 impressas
471 2776 526 2812 illi
558 2776 703 2814 scilicet
731 2777 840 2815 ideas
869 2777 1179 2829 harmoniarum,
1217 2789 1377 2827 quarum
1408 2776 1666 2826 applicatione
1703 2776 1751 2815 ad
1783 2789 1840 2824 ea,

0 2831 6 2886 ᾗ
41 2868 49 2871 .
78 2830 176 2883 quae
204 2846 274 2883 per
301 2845 436 2872 sensus
468 2833 693 2879 offeruntur,
723 2834 983 2873 harmonicum
1013 2847 1038 2872 a
1066 2847 1144 2873 non
1174 2835 1394 2873 harmonico
1425 2833 1673 2872 discernatur.
1732 2833 1841 2873 Hac-

18 2904 23 2913 *
73 2895 184 2930 tenus
210 2893 329 2941 igitur
357 2891 472 2929 infers
504 2893 541 2927 in
571 2890 828 2938 conclusione,
860 2892 963 2941 quod
993 2895 1030 2929 in
1061 2894 1281 2943 praemissis
1303 2896 1485 2940 negatum
1501 2892 1605 2937 ibas,
1637 2902 1707 2929 nec
1726 2891 1840 2932 facile

15 2962 17 2965 ¹
75 2952 124 2994 te,
153 2960 202 2986 ne
231 2960 278 2987 ex
308 2949 555 2997 sequentibus
586 2947 742 2997 quidem
773 2949 1136 2988 contradictionibus
1167 2949 1347 2996 exsolvo,
1395 2950 1468 2986 nisi
1491 2955 1530 2986 tu
1566 2960 1628 2986 me
1658 2949 1833 2998 adjuves.

77 3005 236 3044 Dixeras
269 3011 412 3045 veteres
440 3006 492 3044 ab
523 3011 609 3044 arte
637 3008 681 3043 in
712 3010 840 3044 artem
869 3018 954 3045 non
980 3007 1220 3055 discurrisse,
1250 3007 1332 3055 jam
1348 3009 1501 3053 asseris,
1533 3007 1620 3045 illos
1646 3012 1843 3047 naturam
