<?xml version="1.0" encoding="UTF-8"?>
<!DOCTYPE html PUBLIC "-//W3C//DTD XHTML 1.0 Transitional//EN"
    "http://www.w3.org/TR/xhtml1/DTD/xhtml1-transitional.dtd">
<html xmlns="http://www.w3.org/1999/xhtml" xml:lang="en" lang="en">
 <head>
  <title>
</title>
<meta http-equiv="Content-Type" content="text/html;charset=utf-8" />
  <meta name='ocr-system' content='tesseract 3.04.00' />
  <meta name='ocr-capabilities' content='ocr_page ocr_carea ocr_par ocr_line ocrx_word'/>
</head>
<body>
  <div class='ocr_page' id='page_1' title='image "./operaomniaedidit05kepluoft_0238.png"; bbox 0 0 1994 3276; ppageno 0'>
   <div class='ocr_carea' id='block_1_1' title="bbox 150 82 1390 130">
    <p class='ocr_par' dir='ltr' id='par_1_1' title="bbox 150 82 1390 130">
     <span class='ocr_line' id='line_1_1' title="bbox 150 82 1390 130; baseline 0.002 -12"><span class='ocrx_word' id='word_1_1' title='bbox 150 84 234 123; x_wconf 82' lang='grc'><strong>220</strong></span> <span class='ocrx_word' id='word_1_2' title='bbox 695 82 750 118; x_wconf 93' lang='lat' dir='ltr'><strong>De</strong></span> <span class='ocrx_word' id='word_1_3' title='bbox 776 82 1126 130; x_wconf 76' lang='lat' dir='ltr'><strong>configurationibus</strong></span> <span class='ocrx_word' id='word_1_4' title='bbox 1153 83 1390 122; x_wconf 86' lang='lat' dir='ltr'><strong>Harmonicis.</strong></span> 
     </span>
    </p>
   </div>
   <div class='ocr_carea' id='block_1_2' title="bbox 148 198 1945 567">
    <p class='ocr_par' dir='ltr' id='par_1_2' title="bbox 148 198 1945 567">
     <span class='ocr_line' id='line_1_2' title="bbox 148 198 1943 253; baseline 0.002 -19"><span class='ocrx_word' id='word_1_5' title='bbox 148 198 467 236; x_wconf 82' lang='lat' dir='ltr'><strong>monstrationibus</strong></span> <span class='ocrx_word' id='word_1_6' title='bbox 492 199 786 236; x_wconf 80' lang='lat' dir='ltr'><strong>universaliorum</strong></span> <span class='ocrx_word' id='word_1_7' title='bbox 811 206 848 237; x_wconf 91' lang='lat' dir='ltr'><strong>et</strong></span> <span class='ocrx_word' id='word_1_8' title='bbox 871 201 1127 253; x_wconf 82' lang='lat' dir='ltr'><strong>simpliciorum</strong></span> <span class='ocrx_word' id='word_1_9' title='bbox 1151 202 1373 248; x_wconf 79' lang='lat' dir='ltr'><strong>specierum?</strong></span> <span class='ocrx_word' id='word_1_10' title='bbox 1421 202 1583 239; x_wconf 82' lang='lat' dir='ltr'><strong>Dicimus</strong></span> <span class='ocrx_word' id='word_1_11' title='bbox 1618 202 1730 247; x_wconf 87' lang='lat' dir='ltr'><strong>enim,</strong></span> <span class='ocrx_word' id='word_1_12' title='bbox 1766 202 1814 239; x_wconf 86' lang='lat' dir='ltr'><strong>ad</strong></span> <span class='ocrx_word' id='word_1_13' title='bbox 1835 212 1943 248; x_wconf 86' lang='lat' dir='ltr'><strong>quae-</strong></span> 
     </span>
     <span class='ocr_line' id='line_1_3' title="bbox 150 251 1945 302; baseline 0.003 -16"><span class='ocrx_word' id='word_1_14' title='bbox 150 252 240 286; x_wconf 83' lang='lat' dir='ltr'><strong>sitae</strong></span> <span class='ocrx_word' id='word_1_15' title='bbox 263 251 315 287; x_wconf 89' lang='lat' dir='ltr'><strong>rei</strong></span> <span class='ocrx_word' id='word_1_16' title='bbox 339 251 648 298; x_wconf 75' lang='lat' dir='ltr'><strong>investigationem</strong></span> <span class='ocrx_word' id='word_1_17' title='bbox 675 253 808 299; x_wconf 91' lang='lat' dir='ltr'><strong>ubique</strong></span> <span class='ocrx_word' id='word_1_18' title='bbox 831 255 1008 302; x_wconf 87' lang='lat' dir='ltr'><strong>principia</strong></span> <span class='ocrx_word' id='word_1_19' title='bbox 1031 260 1067 292; x_wconf 90' lang='lat' dir='ltr'><strong>et</strong></span> <span class='ocrx_word' id='word_1_20' title='bbox 1089 255 1356 302; x_wconf 84' lang='lat' dir='ltr'><strong>propositiones</strong></span> <span class='ocrx_word' id='word_1_21' title='bbox 1385 265 1466 295; x_wconf 86' lang='lat' dir='ltr'><strong>esse</strong></span> <span class='ocrx_word' id='word_1_22' title='bbox 1489 254 1856 293; x_wconf 76' lang='lat' dir='ltr'><strong>demonstrationibus</strong></span> <span class='ocrx_word' id='word_1_23' title='bbox 1881 266 1945 292; x_wconf 90' lang='lat' dir='ltr'><strong>seu</strong></span> 
     </span>
     <span class='ocr_line' id='line_1_4' title="bbox 149 303 1944 355; baseline 0.003 -18"><span class='ocrx_word' id='word_1_24' title='bbox 149 303 438 341; x_wconf 81' lang='lat' dir='ltr'><strong>conclusionibus</strong></span> <span class='ocrx_word' id='word_1_25' title='bbox 469 310 650 350; x_wconf 85' lang='lat' dir='ltr'><strong>cognatas.</strong></span> <span class='ocrx_word' id='word_1_26' title='bbox 702 306 739 343; x_wconf 89' lang='lat' dir='ltr'><strong>Si</strong></span> <span class='ocrx_word' id='word_1_27' title='bbox 770 307 878 353; x_wconf 81' lang='lat' dir='ltr'><strong>igitur</strong></span> <span class='ocrx_word' id='word_1_28' title='bbox 908 309 1105 355; x_wconf 84' lang='lat' dir='ltr'><strong>singularia</strong></span> <span class='ocrx_word' id='word_1_29' title='bbox 1138 308 1417 354; x_wconf 89' lang='lat' dir='ltr'><strong>universalibus,</strong></span> <span class='ocrx_word' id='word_1_30' title='bbox 1453 307 1483 344; x_wconf 90' lang='lat' dir='ltr'><strong>si</strong></span> <span class='ocrx_word' id='word_1_31' title='bbox 1513 307 1660 344; x_wconf 82' lang='lat' dir='ltr'><strong>sensilia</strong></span> <span class='ocrx_word' id='word_1_32' title='bbox 1689 306 1944 345; x_wconf 77' lang='lat' dir='ltr'><strong>ratiocinativis</strong></span> 
     </span>
     <span class='ocr_line' id='line_1_5' title="bbox 150 337 1944 410; baseline 0.003 -19"><span class='ocrx_word' id='word_1_33' title='bbox 150 361 235 392; x_wconf 89' lang='lat' dir='ltr'><strong>sunt</strong></span> <span class='ocrx_word' id='word_1_34' title='bbox 260 367 405 402; x_wconf 78' lang='lat' dir='ltr'><strong>causae,</strong></span> <span class='ocrx_word' id='word_1_35' title='bbox 433 360 610 405; x_wconf 89' lang='lat' dir='ltr'><strong>quomodo</strong></span> <span class='ocrx_word' id='word_1_36' title='bbox 635 359 713 396; x_wconf 90' lang='lat' dir='ltr'><strong>fieri</strong></span> <span class='ocrx_word' id='word_1_37' title='bbox 736 366 874 407; x_wconf 87' lang='lat' dir='ltr'><strong>potest,</strong></span> <span class='ocrx_word' id='word_1_38' title='bbox 907 367 947 398; x_wconf 91' lang='lat' dir='ltr'><strong>ut</strong></span> <span class='ocrx_word' id='word_1_39' title='bbox 972 362 1286 399; x_wconf 78' lang='lat' dir='ltr'><strong>demonstrationis</strong></span> <span class='ocrx_word' id='word_1_40' title='bbox 1311 337 1486 396; x_wconf 81' lang='lat' dir='ltr'><strong>terminus</strong></span> <span class='ocrx_word' id='word_1_41' title='bbox 1504 359 1556 396; x_wconf 82' lang='lat' dir='ltr'><strong>ad</strong></span> <span class='ocrx_word' id='word_1_42' title='bbox 1578 359 1693 410; x_wconf 79' lang='lat' dir='ltr'><strong>magis</strong></span> <span class='ocrx_word' id='word_1_43' title='bbox 1716 359 1944 406; x_wconf 81' lang='lat' dir='ltr'><strong>universalia,</strong></span> 
     </span>
     <span class='ocr_line' id='line_1_6' title="bbox 148 410 1945 461; baseline 0.002 -16"><span class='ocrx_word' id='word_1_44' title='bbox 148 419 220 445; x_wconf 92' lang='lat' dir='ltr'><strong>non</strong></span> <span class='ocrx_word' id='word_1_45' title='bbox 245 410 290 446; x_wconf 89' lang='lat' dir='ltr'><strong>ad</strong></span> <span class='ocrx_word' id='word_1_46' title='bbox 315 411 482 455; x_wconf 88' lang='lat' dir='ltr'><strong>partialia</strong></span> <span class='ocrx_word' id='word_1_47' title='bbox 505 412 683 448; x_wconf 90' lang='lat' dir='ltr'><strong>referatur</strong></span> <span class='ocrx_word' id='word_1_48' title='bbox 707 418 816 458; x_wconf 88' lang='lat' dir='ltr'><strong>utque</strong></span> <span class='ocrx_word' id='word_1_49' title='bbox 839 415 1135 451; x_wconf 82' lang='lat' dir='ltr'><strong>intellectualium</strong></span> <span class='ocrx_word' id='word_1_50' title='bbox 1161 424 1268 461; x_wconf 84' lang='lat' dir='ltr'><strong>quam</strong></span> <span class='ocrx_word' id='word_1_51' title='bbox 1285 413 1468 450; x_wconf 87' lang='lat' dir='ltr'><strong>sensilium</strong></span> <span class='ocrx_word' id='word_1_52' title='bbox 1486 413 1679 450; x_wconf 82' lang='lat' dir='ltr'><strong>essentiam</strong></span> <span class='ocrx_word' id='word_1_53' title='bbox 1702 412 1945 460; x_wconf 81' lang='lat' dir='ltr'><strong>cognatiorem</strong></span> 
     </span>
     <span class='ocr_line' id='line_1_7' title="bbox 149 461 1945 513; baseline 0.002 -17"><span class='ocrx_word' id='word_1_54' title='bbox 149 461 515 499; x_wconf 87' lang='lat' dir='ltr'><strong>demonstrationibus</strong></span> <span class='ocrx_word' id='word_1_55' title='bbox 539 466 757 509; x_wconf 81' lang='lat' dir='ltr'><strong>probemus?</strong></span> <span class='ocrx_word' id='word_1_56' title='bbox 807 468 865 504; x_wconf 88' lang='lat' dir='ltr'><strong>Sic</strong></span> <span class='ocrx_word' id='word_1_57' title='bbox 899 469 990 504; x_wconf 90' lang='lat' dir='ltr'><strong>enim</strong></span> <span class='ocrx_word' id='word_1_58' title='bbox 1016 469 1234 513; x_wconf 90' lang='lat' dir='ltr'><strong>loquuntur:</strong></span> <span class='ocrx_word' id='word_1_59' title='bbox 1270 479 1341 503; x_wconf 91' lang='lat' dir='ltr'><strong>non</strong></span> <span class='ocrx_word' id='word_1_60' title='bbox 1376 468 1405 502; x_wconf 89' lang='lat' dir='ltr'><strong>si</strong></span> <span class='ocrx_word' id='word_1_61' title='bbox 1437 467 1518 513; x_wconf 89' lang='lat' dir='ltr'><strong>quis</strong></span> <span class='ocrx_word' id='word_1_62' title='bbox 1550 467 1788 511; x_wconf 83' lang='lat' dir='ltr'><strong>demonstrat,</strong></span> <span class='ocrx_word' id='word_1_63' title='bbox 1824 465 1945 511; x_wconf 86' lang='lat' dir='ltr'><strong>aequi-</strong></span> 
     </span>
     <span class='ocr_line' id='line_1_8' title="bbox 150 515 1944 567; baseline 0.002 -17"><span class='ocrx_word' id='word_1_64' title='bbox 150 527 294 551; x_wconf 88' lang='lat' dir='ltr'><strong>crurum</strong></span> <span class='ocrx_word' id='word_1_65' title='bbox 327 515 460 551; x_wconf 86' lang='lat' dir='ltr'><strong>habere</strong></span> <span class='ocrx_word' id='word_1_66' title='bbox 493 517 642 560; x_wconf 83' lang='lat' dir='ltr'><strong>angulos</strong></span> <span class='ocrx_word' id='word_1_67' title='bbox 667 518 807 556; x_wconf 91' lang='lat' dir='ltr'><strong>duobus</strong></span> <span class='ocrx_word' id='word_1_68' title='bbox 831 521 938 557; x_wconf 88' lang='lat' dir='ltr'><strong>rectis</strong></span> <span class='ocrx_word' id='word_1_69' title='bbox 963 521 1151 567; x_wconf 81' lang='lat' dir='ltr'><strong>aequales,</strong></span> <span class='ocrx_word' id='word_1_70' title='bbox 1188 521 1283 557; x_wconf 90' lang='lat' dir='ltr'><strong>idem</strong></span> <span class='ocrx_word' id='word_1_71' title='bbox 1315 520 1594 565; x_wconf 89' lang='lat' dir='ltr'><strong>aequilaterum,</strong></span> <span class='ocrx_word' id='word_1_72' title='bbox 1630 520 1725 556; x_wconf 88' lang='lat' dir='ltr'><strong>idem</strong></span> <span class='ocrx_word' id='word_1_73' title='bbox 1750 519 1944 562; x_wconf 86' lang='lat' dir='ltr'><strong>scalenum,</strong></span> 
     </span>
    </p>
   </div>
   <div class='ocr_carea' id='block_1_3' title="bbox 149 568 1946 662">
    <p class='ocr_par' dir='ltr' id='par_1_3' title="bbox 149 568 1944 662">
     <span class='ocr_line' id='line_1_9' title="bbox 149 568 1944 619; baseline 0.002 -16"><span class='ocrx_word' id='word_1_74' title='bbox 149 568 219 604; x_wconf 92' lang='lat' dir='ltr'><strong>hoc</strong></span> <span class='ocrx_word' id='word_1_75' title='bbox 243 569 335 604; x_wconf 89' lang='lat' dir='ltr'><strong>scire</strong></span> <span class='ocrx_word' id='word_1_76' title='bbox 361 574 416 605; x_wconf 90' lang='lat' dir='ltr'><strong>est</strong></span> <span class='ocrx_word' id='word_1_77' title='bbox 438 569 655 616; x_wconf 88' lang='lat' dir='ltr'><strong>legitimum,</strong></span> <span class='ocrx_word' id='word_1_78' title='bbox 689 572 753 607; x_wconf 88' lang='lat' dir='ltr'><strong>sed</strong></span> <span class='ocrx_word' id='word_1_79' title='bbox 776 573 808 608; x_wconf 90' lang='lat' dir='ltr'><strong>is</strong></span> <span class='ocrx_word' id='word_1_80' title='bbox 829 573 1015 609; x_wconf 82' lang='lat' dir='ltr'><strong>scientiam</strong></span> <span class='ocrx_word' id='word_1_81' title='bbox 1039 573 1185 619; x_wconf 86' lang='lat' dir='ltr'><strong>proprie</strong></span> <span class='ocrx_word' id='word_1_82' title='bbox 1209 573 1341 608; x_wconf 88' lang='lat' dir='ltr'><strong>dictam</strong></span> <span class='ocrx_word' id='word_1_83' title='bbox 1365 572 1531 616; x_wconf 89' lang='lat' dir='ltr'><strong>habebit,</strong></span> <span class='ocrx_word' id='word_1_84' title='bbox 1557 571 1620 616; x_wconf 88' lang='lat' dir='ltr'><strong>qui</strong></span> <span class='ocrx_word' id='word_1_85' title='bbox 1644 571 1689 608; x_wconf 87' lang='lat' dir='ltr'><strong>de</strong></span> <span class='ocrx_word' id='word_1_86' title='bbox 1714 571 1810 607; x_wconf 90' lang='lat' dir='ltr'><strong>omni</strong></span> <span class='ocrx_word' id='word_1_87' title='bbox 1833 572 1944 607; x_wconf 84' lang='lat' dir='ltr'><strong>trian-</strong></span> 
     </span>
     <span class='ocr_line' id='line_1_10' title="bbox 150 615 1946 662; baseline 0.002 -12"><span class='ocrx_word' id='word_1_88' title='bbox 150 615 234 659; x_wconf 83' lang='lat' dir='ltr'><strong>gulo</strong></span> <span class='ocrx_word' id='word_1_89' title='bbox 262 616 471 662; x_wconf 87' lang='lat' dir='ltr'><strong>simpliciter</strong></span> <span class='ocrx_word' id='word_1_90' title='bbox 494 616 565 652; x_wconf 80' lang='lat' dir='ltr'><strong>hoc</strong></span> <span class='ocrx_word' id='word_1_91' title='bbox 589 618 897 658; x_wconf 85' lang='lat' dir='ltr'><strong>demonstraverit.</strong></span> <span class='ocrx_word' id='word_1_92' title='bbox 946 622 1054 657; x_wconf 84' lang='lat' dir='ltr'><strong>It-:em</strong></span> <span class='ocrx_word' id='word_1_93' title='bbox 1083 620 1300 656; x_wconf 87' lang='lat' dir='ltr'><strong>universalia</strong></span> <span class='ocrx_word' id='word_1_94' title='bbox 1323 619 1472 655; x_wconf 85' lang='lat' dir='ltr'><strong>meliora</strong></span> <span class='ocrx_word' id='word_1_95' title='bbox 1497 629 1577 655; x_wconf 85' lang='lat' dir='ltr'><strong>esse</strong></span> <span class='ocrx_word' id='word_1_96' title='bbox 1601 618 1647 655; x_wconf 90' lang='lat' dir='ltr'><strong>ad</strong></span> <span class='ocrx_word' id='word_1_97' title='bbox 1673 618 1946 656; x_wconf 86' lang='lat' dir='ltr'><strong>demonstratio-</strong></span> 
     </span>
    </p>
   </div>
   <div class='ocr_carea' id='block_1_4' title="bbox 146 670 1993 1405">
    <p class='ocr_par' dir='ltr' id='par_1_4' title="bbox 146 670 1993 1405">
     <span class='ocr_line' id='line_1_11' title="bbox 150 670 1946 718; baseline 0.002 -14"><span class='ocrx_word' id='word_1_98' title='bbox 150 678 242 712; x_wconf 88' lang='lat' dir='ltr'><strong>nem,</strong></span> <span class='ocrx_word' id='word_1_99' title='bbox 268 680 375 713; x_wconf 89' lang='lat' dir='ltr'><strong>quam</strong></span> <span class='ocrx_word' id='word_1_100' title='bbox 398 670 640 715; x_wconf 79' lang='lat' dir='ltr'><strong>particulaiia.</strong></span> <span class='ocrx_word' id='word_1_101' title='bbox 691 673 874 718; x_wconf 87' lang='lat' dir='ltr'><strong>Amplius:</strong></span> <span class='ocrx_word' id='word_1_102' title='bbox 902 673 1014 716; x_wconf 79' lang='lat' dir='ltr'><strong>magis</strong></span> <span class='ocrx_word' id='word_1_103' title='bbox 1040 672 1294 708; x_wconf 90' lang='lat' dir='ltr'><strong>universalium</strong></span> <span class='ocrx_word' id='word_1_104' title='bbox 1320 682 1400 708; x_wconf 87' lang='lat' dir='ltr'><strong>esse</strong></span> <span class='ocrx_word' id='word_1_105' title='bbox 1425 671 1765 713; x_wconf 81' lang='lat' dir='ltr'><strong>demonstrationes.</strong></span> <span class='ocrx_word' id='word_1_106' title='bbox 1797 682 1843 708; x_wconf 80' lang='lat' dir='ltr'><strong>ex</strong></span> <span class='ocrx_word' id='word_1_107' title='bbox 1866 671 1946 717; x_wconf 90' lang='lat' dir='ltr'><strong>qui-</strong></span> 
     </span>
     <span class='ocr_line' id='line_1_12' title="bbox 150 721 1948 772; baseline 0.002 -16"><span class='ocrx_word' id='word_1_108' title='bbox 150 721 217 756; x_wconf 90' lang='lat' dir='ltr'><strong>bus</strong></span> <span class='ocrx_word' id='word_1_109' title='bbox 242 731 327 755; x_wconf 86' lang='lat' dir='ltr'><strong>vero</strong></span> <span class='ocrx_word' id='word_1_110' title='bbox 360 727 527 758; x_wconf 87' lang='lat' dir='ltr'><strong>constant</strong></span> <span class='ocrx_word' id='word_1_111' title='bbox 551 723 893 769; x_wconf 77' lang='lat' dir='ltr'><strong>demonstrationes,</strong></span> <span class='ocrx_word' id='word_1_112' title='bbox 932 727 993 762; x_wconf 89' lang='lat' dir='ltr'><strong>illa</strong></span> <span class='ocrx_word' id='word_1_113' title='bbox 1027 728 1149 772; x_wconf 87' lang='lat' dir='ltr'><strong>priora</strong></span> <span class='ocrx_word' id='word_1_114' title='bbox 1174 737 1253 762; x_wconf 90' lang='lat' dir='ltr'><strong>esse</strong></span> <span class='ocrx_word' id='word_1_115' title='bbox 1287 730 1323 760; x_wconf 87' lang='lat' dir='ltr'><strong>et</strong></span> <span class='ocrx_word' id='word_1_116' title='bbox 1353 729 1483 761; x_wconf 87' lang='lat' dir='ltr'><strong>natura</strong></span> <span class='ocrx_word' id='word_1_117' title='bbox 1513 724 1730 769; x_wconf 87' lang='lat' dir='ltr'><strong>praecedere</strong></span> <span class='ocrx_word' id='word_1_118' title='bbox 1753 723 1948 769; x_wconf 82' lang='lat' dir='ltr'><strong>singularia</strong></span> 
     </span>
     <span class='ocr_line' id='line_1_13' title="bbox 148 774 1961 825; baseline 0.001 -15"><span class='ocrx_word' id='word_1_119' title='bbox 148 779 184 811; x_wconf 90' lang='lat' dir='ltr'><strong>et</strong></span> <span class='ocrx_word' id='word_1_120' title='bbox 208 785 336 810; x_wconf 88' lang='lat' dir='ltr'><strong>causas</strong></span> <span class='ocrx_word' id='word_1_121' title='bbox 362 786 442 811; x_wconf 90' lang='lat' dir='ltr'><strong>esse</strong></span> <span class='ocrx_word' id='word_1_122' title='bbox 468 786 601 822; x_wconf 90' lang='lat' dir='ltr'><strong>eorum,</strong></span> <span class='ocrx_word' id='word_1_123' title='bbox 627 788 719 822; x_wconf 89' lang='lat' dir='ltr'><strong>quae</strong></span> <span class='ocrx_word' id='word_1_124' title='bbox 745 780 952 824; x_wconf 82' lang='lat' dir='ltr'><strong>probantur.</strong></span> <span class='ocrx_word' id='word_1_125' title='bbox 1002 779 1156 815; x_wconf 88' lang='lat' dir='ltr'><strong>Multum</strong></span> <span class='ocrx_word' id='word_1_126' title='bbox 1175 778 1286 823; x_wconf 86' lang='lat' dir='ltr'><strong>igitur</strong></span> <span class='ocrx_word' id='word_1_127' title='bbox 1309 780 1442 815; x_wconf 87' lang='lat' dir='ltr'><strong>absunt</strong></span> <span class='ocrx_word' id='word_1_128' title='bbox 1460 778 1631 814; x_wconf 86' lang='lat' dir='ltr'><strong>scientiae</strong></span> <span class='ocrx_word' id='word_1_129' title='bbox 1656 779 1878 825; x_wconf 82' lang='lat' dir='ltr'><strong>apodicticae</strong></span> <span class='ocrx_word' id='word_1_130' title='bbox 1901 774 1961 814; x_wconf 63' lang='lat' dir='ltr'><strong>ab‘</strong></span> 
     </span>
     <span class='ocr_line' id='line_1_14' title="bbox 148 827 1946 877; baseline 0.003 -15"><span class='ocrx_word' id='word_1_131' title='bbox 148 827 228 871; x_wconf 91' lang='lat' dir='ltr'><strong>hoc,</strong></span> <span class='ocrx_word' id='word_1_132' title='bbox 254 829 295 862; x_wconf 86' lang='lat' dir='ltr'><strong>ut</strong></span> <span class='ocrx_word' id='word_1_133' title='bbox 319 827 413 863; x_wconf 87' lang='lat' dir='ltr'><strong>circa</strong></span> <span class='ocrx_word' id='word_1_134' title='bbox 436 829 639 874; x_wconf 88' lang='lat' dir='ltr'><strong>posteriora</strong></span> <span class='ocrx_word' id='word_1_135' title='bbox 665 835 746 866; x_wconf 93' lang='lat' dir='ltr'><strong>ortu</strong></span> <span class='ocrx_word' id='word_1_136' title='bbox 770 836 806 867; x_wconf 89' lang='lat' dir='ltr'><strong>et</strong></span> <span class='ocrx_word' id='word_1_137' title='bbox 831 832 1039 868; x_wconf 84' lang='lat' dir='ltr'><strong>obscuriora</strong></span> <span class='ocrx_word' id='word_1_138' title='bbox 1065 831 1210 867; x_wconf 89' lang='lat' dir='ltr'><strong>sensilia</strong></span> <span class='ocrx_word' id='word_1_139' title='bbox 1233 831 1501 877; x_wconf 88' lang='lat' dir='ltr'><strong>propositiones</strong></span> <span class='ocrx_word' id='word_1_140' title='bbox 1527 842 1611 868; x_wconf 84' lang='lat' dir='ltr'><strong>suas</strong></span> <span class='ocrx_word' id='word_1_141' title='bbox 1644 831 1846 868; x_wconf 86' lang='lat' dir='ltr'><strong>mendicato</strong></span> <span class='ocrx_word' id='word_1_142' title='bbox 1872 831 1946 867; x_wconf 90' lang='lat' dir='ltr'><strong>col-</strong></span> 
     </span>
     <span class='ocr_line' id='line_1_15' title="bbox 149 880 1947 931; baseline 0.003 -16"><span class='ocrx_word' id='word_1_143' title='bbox 149 880 276 925; x_wconf 73' lang='lat' dir='ltr'><strong>ligant.</strong></span> <span class='ocrx_word' id='word_1_144' title='bbox 325 881 452 916; x_wconf 89' lang='lat' dir='ltr'><strong>Dicam</strong></span> <span class='ocrx_word' id='word_1_145' title='bbox 476 881 624 927; x_wconf 83' lang='lat' dir='ltr'><strong>insuper</strong></span> <span class='ocrx_word' id='word_1_146' title='bbox 650 887 685 918; x_wconf 86' lang='lat' dir='ltr'><strong>et</strong></span> <span class='ocrx_word' id='word_1_147' title='bbox 709 883 778 919; x_wconf 86' lang='lat' dir='ltr'><strong>hoc</strong></span> <span class='ocrx_word' id='word_1_148' title='bbox 803 884 966 920; x_wconf 88' lang='lat' dir='ltr'><strong>tertium:</strong></span> <span class='ocrx_word' id='word_1_149' title='bbox 997 884 1078 919; x_wconf 90' lang='lat' dir='ltr'><strong>illos</strong></span> <span class='ocrx_word' id='word_1_150' title='bbox 1104 884 1257 919; x_wconf 86' lang='lat' dir='ltr'><strong>animam</strong></span> <span class='ocrx_word' id='word_1_151' title='bbox 1292 884 1451 920; x_wconf 88' lang='lat' dir='ltr'><strong>viliorem</strong></span> <span class='ocrx_word' id='word_1_152' title='bbox 1477 885 1605 922; x_wconf 72' lang='lat' dir='ltr'><strong>facerev</strong></span> <span class='ocrx_word' id='word_1_153' title='bbox 1627 880 1715 931; x_wconf 83' lang='lat' dir='ltr'><strong>ipsis</strong></span> <span class='ocrx_word' id='word_1_154' title='bbox 1746 884 1947 931; x_wconf 82' lang='lat' dir='ltr'><strong>speciebus,</strong></span> 
     </span>
     <span class='ocr_line' id='line_1_16' title="bbox 150 932 1945 983; baseline 0.003 -16"><span class='ocrx_word' id='word_1_155' title='bbox 150 932 211 978; x_wconf 86' lang='lat' dir='ltr'><strong>qui</strong></span> <span class='ocrx_word' id='word_1_156' title='bbox 235 933 326 970; x_wconf 85' lang='lat' dir='ltr'><strong>haec</strong></span> <span class='ocrx_word' id='word_1_157' title='bbox 351 933 486 970; x_wconf 82' lang='lat' dir='ltr'><strong>dicunt.</strong></span> <span class='ocrx_word' id='word_1_158' title='bbox 536 935 628 971; x_wconf 85' lang='lat' dir='ltr'><strong>Nam</strong></span> <span class='ocrx_word' id='word_1_159' title='bbox 655 936 684 971; x_wconf 88' lang='lat' dir='ltr'><strong>si</strong></span> <span class='ocrx_word' id='word_1_160' title='bbox 708 938 856 973; x_wconf 85' lang='lat' dir='ltr'><strong>materia</strong></span> <span class='ocrx_word' id='word_1_161' title='bbox 882 938 1029 983; x_wconf 81' lang='lat' dir='ltr'><strong>suscipit</strong></span> <span class='ocrx_word' id='word_1_162' title='bbox 1055 949 1076 974; x_wconf 89' lang='lat' dir='ltr'><strong>a</strong></span> <span class='ocrx_word' id='word_1_163' title='bbox 1099 942 1230 974; x_wconf 88' lang='lat' dir='ltr'><strong>natura</strong></span> <span class='ocrx_word' id='word_1_164' title='bbox 1254 937 1332 981; x_wconf 86' lang='lat' dir='ltr'><strong>illa,</strong></span> <span class='ocrx_word' id='word_1_165' title='bbox 1358 949 1451 983; x_wconf 90' lang='lat' dir='ltr'><strong>quae</strong></span> <span class='ocrx_word' id='word_1_166' title='bbox 1477 941 1560 973; x_wconf 86' lang='lat' dir='ltr'><strong>sunt</strong></span> <span class='ocrx_word' id='word_1_167' title='bbox 1585 937 1791 973; x_wconf 84' lang='lat' dir='ltr'><strong>essentialia</strong></span> <span class='ocrx_word' id='word_1_168' title='bbox 1813 942 1850 973; x_wconf 87' lang='lat' dir='ltr'><strong>et</strong></span> <span class='ocrx_word' id='word_1_169' title='bbox 1873 946 1945 972; x_wconf 85' lang='lat' dir='ltr'><strong>ma-</strong></span> 
     </span>
     <span class='ocr_line' id='line_1_17' title="bbox 150 986 1946 1036; baseline 0.001 -15"><span class='ocrx_word' id='word_1_170' title='bbox 150 986 205 1032; x_wconf 89' lang='lat' dir='ltr'><strong>gis</strong></span> <span class='ocrx_word' id='word_1_171' title='bbox 231 987 328 1022; x_wconf 87' lang='lat' dir='ltr'><strong>entia</strong></span> <span class='ocrx_word' id='word_1_172' title='bbox 353 992 389 1023; x_wconf 90' lang='lat' dir='ltr'><strong>et</strong></span> <span class='ocrx_word' id='word_1_173' title='bbox 413 988 644 1032; x_wconf 80' lang='lat' dir='ltr'><strong>evidentiora,</strong></span> <span class='ocrx_word' id='word_1_174' title='bbox 670 989 786 1025; x_wconf 86' lang='lat' dir='ltr'><strong>anima</strong></span> <span class='ocrx_word' id='word_1_175' title='bbox 811 1001 894 1025; x_wconf 81' lang='lat' dir='ltr'><strong>vero</strong></span> <span class='ocrx_word' id='word_1_176' title='bbox 918 991 1110 1036; x_wconf 86' lang='lat' dir='ltr'><strong>posteriori</strong></span> <span class='ocrx_word' id='word_1_177' title='bbox 1127 995 1210 1026; x_wconf 88' lang='lat' dir='ltr'><strong>actu</strong></span> <span class='ocrx_word' id='word_1_178' title='bbox 1237 990 1369 1036; x_wconf 90' lang='lat' dir='ltr'><strong>accipit</strong></span> <span class='ocrx_word' id='word_1_179' title='bbox 1394 989 1524 1025; x_wconf 89' lang='lat' dir='ltr'><strong>abillis</strong></span> <span class='ocrx_word' id='word_1_180' title='bbox 1542 989 1778 1036; x_wconf 84' lang='lat' dir='ltr'><strong>exemplaque</strong></span> <span class='ocrx_word' id='word_1_181' title='bbox 1802 994 1839 1026; x_wconf 85' lang='lat' dir='ltr'><strong>et</strong></span> <span class='ocrx_word' id='word_1_182' title='bbox 1861 988 1946 1024; x_wconf 87' lang='lat' dir='ltr'><strong>ima-</strong></span> 
     </span>
     <span class='ocr_line' id='line_1_18' title="bbox 147 1037 1947 1089; baseline 0.002 -15"><span class='ocrx_word' id='word_1_183' title='bbox 147 1037 248 1082; x_wconf 83' lang='lat' dir='ltr'><strong>gines</strong></span> <span class='ocrx_word' id='word_1_184' title='bbox 274 1044 356 1075; x_wconf 89' lang='lat' dir='ltr'><strong>ortu</strong></span> <span class='ocrx_word' id='word_1_185' title='bbox 381 1042 573 1086; x_wconf 88' lang='lat' dir='ltr'><strong>posteriori</strong></span> <span class='ocrx_word' id='word_1_186' title='bbox 602 1042 705 1086; x_wconf 84' lang='lat' dir='ltr'><strong>fingit</strong></span> <span class='ocrx_word' id='word_1_187' title='bbox 736 1043 771 1078; x_wconf 91' lang='lat' dir='ltr'><strong>in</strong></span> <span class='ocrx_word' id='word_1_188' title='bbox 798 1054 836 1078; x_wconf 88' lang='lat' dir='ltr'><strong>se</strong></span> <span class='ocrx_word' id='word_1_189' title='bbox 860 1045 956 1089; x_wconf 83' lang='lat' dir='ltr'><strong>ipsa,</strong></span> <span class='ocrx_word' id='word_1_190' title='bbox 994 1044 1190 1089; x_wconf 87' lang='lat' dir='ltr'><strong>respiciens</strong></span> <span class='ocrx_word' id='word_1_191' title='bbox 1215 1043 1261 1080; x_wconf 90' lang='lat' dir='ltr'><strong>ad</strong></span> <span class='ocrx_word' id='word_1_192' title='bbox 1288 1043 1464 1079; x_wconf 78' lang='lat' dir='ltr'><strong>essentias</strong></span> <span class='ocrx_word' id='word_1_193' title='bbox 1498 1041 1641 1078; x_wconf 85' lang='lat' dir='ltr'><strong>viliores</strong></span> <span class='ocrx_word' id='word_1_194' title='bbox 1673 1047 1710 1079; x_wconf 87' lang='lat' dir='ltr'><strong>et</strong></span> <span class='ocrx_word' id='word_1_195' title='bbox 1734 1042 1947 1079; x_wconf 88' lang='lat' dir='ltr'><strong>abstrahens</strong></span> 
     </span>
     <span class='ocr_line' id='line_1_19' title="bbox 146 1093 1946 1142; baseline 0.002 -16"><span class='ocrx_word' id='word_1_196' title='bbox 146 1103 167 1127; x_wconf 89' lang='lat' dir='ltr'><strong>a</strong></span> <span class='ocrx_word' id='word_1_197' title='bbox 192 1093 351 1138; x_wconf 85' lang='lat' dir='ltr'><strong>materia,</strong></span> <span class='ocrx_word' id='word_1_198' title='bbox 377 1104 469 1139; x_wconf 88' lang='lat' dir='ltr'><strong>quae</strong></span> <span class='ocrx_word' id='word_1_199' title='bbox 496 1096 692 1132; x_wconf 83' lang='lat' dir='ltr'><strong>secundum</strong></span> <span class='ocrx_word' id='word_1_200' title='bbox 716 1096 829 1141; x_wconf 87' lang='lat' dir='ltr'><strong>ipsius</strong></span> <span class='ocrx_word' id='word_1_201' title='bbox 855 1102 1020 1132; x_wconf 88' lang='lat' dir='ltr'><strong>naturam</strong></span> <span class='ocrx_word' id='word_1_202' title='bbox 1045 1100 1130 1132; x_wconf 90' lang='lat' dir='ltr'><strong>sunt</strong></span> <span class='ocrx_word' id='word_1_203' title='bbox 1154 1096 1422 1142; x_wconf 87' lang='lat' dir='ltr'><strong>inseparabilia,</strong></span> <span class='ocrx_word' id='word_1_204' title='bbox 1449 1106 1569 1132; x_wconf 90' lang='lat' dir='ltr'><strong>nonne</strong></span> <span class='ocrx_word' id='word_1_205' title='bbox 1587 1095 1742 1132; x_wconf 88' lang='lat' dir='ltr'><strong>animam</strong></span> <span class='ocrx_word' id='word_1_206' title='bbox 1766 1095 1847 1141; x_wconf 80' lang='lat' dir='ltr'><strong>ipsa</strong></span> <span class='ocrx_word' id='word_1_207' title='bbox 1870 1106 1946 1131; x_wconf 83' lang='lat' dir='ltr'><strong>ma·</strong></span> 
     </span>
     <span class='ocr_line' id='line_1_20' title="bbox 146 1145 1944 1193; baseline 0.002 -14"><span class='ocrx_word' id='word_1_208' title='bbox 146 1145 237 1180; x_wconf 91' lang='lat' dir='ltr'><strong>teria</strong></span> <span class='ocrx_word' id='word_1_209' title='bbox 262 1145 504 1182; x_wconf 90' lang='lat' dir='ltr'><strong>obscuriorem</strong></span> <span class='ocrx_word' id='word_1_210' title='bbox 529 1147 874 1193; x_wconf 86' lang='lat' dir='ltr'><strong>indigentioremquc</strong></span> <span class='ocrx_word' id='word_1_211' title='bbox 898 1149 1057 1185; x_wconf 78' lang='lat' dir='ltr'><strong>faciunt?</strong></span> <span class='ocrx_word' id='word_1_212' title='bbox 1106 1150 1199 1185; x_wconf 85' lang='lat' dir='ltr'><strong>Nam</strong></span> <span class='ocrx_word' id='word_1_213' title='bbox 1224 1154 1261 1185; x_wconf 90' lang='lat' dir='ltr'><strong>et</strong></span> <span class='ocrx_word' id='word_1_214' title='bbox 1283 1149 1435 1185; x_wconf 85' lang='lat' dir='ltr'><strong>materia</strong></span> <span class='ocrx_word' id='word_1_215' title='bbox 1458 1149 1560 1185; x_wconf 88' lang='lat' dir='ltr'><strong>locus</strong></span> <span class='ocrx_word' id='word_1_216' title='bbox 1587 1152 1642 1184; x_wconf 88' lang='lat' dir='ltr'><strong>est</strong></span> <span class='ocrx_word' id='word_1_217' title='bbox 1666 1148 1863 1184; x_wconf 85' lang='lat' dir='ltr'><strong>materiatis</strong></span> <span class='ocrx_word' id='word_1_218' title='bbox 1890 1158 1944 1183; x_wconf 87' lang='lat' dir='ltr'><strong>ra-</strong></span> 
     </span>
     <span class='ocr_line' id='line_1_21' title="bbox 146 1198 1946 1246; baseline 0.002 -13"><span class='ocrx_word' id='word_1_219' title='bbox 146 1198 319 1244; x_wconf 87' lang='lat' dir='ltr'><strong>tionibus,</strong></span> <span class='ocrx_word' id='word_1_220' title='bbox 358 1199 453 1235; x_wconf 87' lang='lat' dir='ltr'><strong>sicut</strong></span> <span class='ocrx_word' id='word_1_221' title='bbox 483 1201 600 1236; x_wconf 89' lang='lat' dir='ltr'><strong>anima</strong></span> <span class='ocrx_word' id='word_1_222' title='bbox 632 1201 819 1246; x_wconf 89' lang='lat' dir='ltr'><strong>speciebus</strong></span> <span class='ocrx_word' id='word_1_223' title='bbox 845 1203 1123 1244; x_wconf 77' lang='lat' dir='ltr'><strong>(immateriatis).</strong></span> <span class='ocrx_word' id='word_1_224' title='bbox 1173 1203 1282 1238; x_wconf 88' lang='lat' dir='ltr'><strong>Esset</strong></span> <span class='ocrx_word' id='word_1_225' title='bbox 1306 1212 1390 1237; x_wconf 91' lang='lat' dir='ltr'><strong>vero</strong></span> <span class='ocrx_word' id='word_1_226' title='bbox 1423 1200 1484 1236; x_wconf 84' lang='lat' dir='ltr'><strong>illa</strong></span> <span class='ocrx_word' id='word_1_227' title='bbox 1509 1201 1610 1237; x_wconf 91' lang='lat' dir='ltr'><strong>locus</strong></span> <span class='ocrx_word' id='word_1_228' title='bbox 1643 1200 1839 1246; x_wconf 81' lang='lat' dir='ltr'><strong>prioribus.</strong></span> <span class='ocrx_word' id='word_1_229' title='bbox 1874 1199 1946 1236; x_wconf 87' lang='lat' dir='ltr'><strong>ista</strong></span> 
     </span>
     <span class='ocr_line' id='line_1_22' title="bbox 148 1251 1993 1298; baseline 0.001 -12"><span class='ocrx_word' id='word_1_230' title='bbox 148 1251 380 1296; x_wconf 87' lang='lat' dir='ltr'><strong>secundariis,</strong></span> <span class='ocrx_word' id='word_1_231' title='bbox 407 1259 442 1287; x_wconf 85' lang='lat' dir='ltr'><strong>et</strong></span> <span class='ocrx_word' id='word_1_232' title='bbox 467 1253 530 1288; x_wconf 88' lang='lat' dir='ltr'><strong>illa</strong></span> <span class='ocrx_word' id='word_1_233' title='bbox 555 1253 722 1290; x_wconf 85' lang='lat' dir='ltr'><strong>ducatum</strong></span> <span class='ocrx_word' id='word_1_234' title='bbox 749 1254 991 1291; x_wconf 88' lang='lat' dir='ltr'><strong>obtinentibus</strong></span> <span class='ocrx_word' id='word_1_235' title='bbox 1016 1256 1052 1290; x_wconf 92' lang='lat' dir='ltr'><strong>in</strong></span> <span class='ocrx_word' id='word_1_236' title='bbox 1079 1255 1242 1298; x_wconf 86' lang='lat' dir='ltr'><strong>essendo,</strong></span> <span class='ocrx_word' id='word_1_237' title='bbox 1271 1254 1342 1290; x_wconf 88' lang='lat' dir='ltr'><strong>ista</strong></span> <span class='ocrx_word' id='word_1_238' title='bbox 1366 1253 1637 1290; x_wconf 87' lang='lat' dir='ltr'><strong>subsistentiam</strong></span> <span class='ocrx_word' id='word_1_239' title='bbox 1660 1252 1876 1289; x_wconf 87' lang='lat' dir='ltr'><strong>habentibus</strong></span> <span class='ocrx_word' id='word_1_240' title='bbox 1901 1252 1945 1288; x_wconf 85' lang='lat' dir='ltr'><strong>ab</strong></span> <span class='ocrx_word' id='word_1_241' title='bbox 1988 1254 1993 1263; x_wconf 92' lang='lat'><strong><em>¹</em></strong></span> 
     </span>
     <span class='ocr_line' id='line_1_23' title="bbox 146 1303 1943 1352; baseline 0.001 -15"><span class='ocrx_word' id='word_1_242' title='bbox 146 1303 235 1348; x_wconf 89' lang='lat' dir='ltr'><strong>illis;</strong></span> <span class='ocrx_word' id='word_1_243' title='bbox 270 1304 424 1349; x_wconf 70' lang='lat' dir='ltr'><strong>denique</strong></span> <span class='ocrx_word' id='word_1_244' title='bbox 450 1305 513 1342; x_wconf 90' lang='lat' dir='ltr'><strong>illa</strong></span> <span class='ocrx_word' id='word_1_245' title='bbox 537 1306 645 1342; x_wconf 85' lang='lat' dir='ltr'><strong>factis</strong></span> <span class='ocrx_word' id='word_1_246' title='bbox 670 1307 864 1342; x_wconf 90' lang='lat' dir='ltr'><strong>secundum</strong></span> <span class='ocrx_word' id='word_1_247' title='bbox 890 1308 1096 1352; x_wconf 84' lang='lat' dir='ltr'><strong>essentiam,</strong></span> <span class='ocrx_word' id='word_1_248' title='bbox 1134 1308 1206 1343; x_wconf 90' lang='lat' dir='ltr'><strong>ista</strong></span> <span class='ocrx_word' id='word_1_249' title='bbox 1229 1306 1446 1352; x_wconf 87' lang='lat' dir='ltr'><strong>nuncupatis</strong></span> <span class='ocrx_word' id='word_1_250' title='bbox 1478 1306 1675 1342; x_wconf 86' lang='lat' dir='ltr'><strong>secundum</strong></span> <span class='ocrx_word' id='word_1_251' title='bbox 1697 1305 1943 1342; x_wconf 85' lang='lat' dir='ltr'><strong>intentionem.</strong></span> 
     </span>
     <span class='ocr_line' id='line_1_24' title="bbox 148 1354 1947 1405; baseline 0.002 -14"><span class='ocrx_word' id='word_1_252' title='bbox 148 1354 337 1399; x_wconf 80' lang='lat' dir='ltr'><strong>Quomodo</strong></span> <span class='ocrx_word' id='word_1_253' title='bbox 372 1358 481 1403; x_wconf 87' lang='lat' dir='ltr'><strong>igitur</strong></span> <span class='ocrx_word' id='word_1_254' title='bbox 516 1360 649 1404; x_wconf 86' lang='lat' dir='ltr'><strong>anima,</strong></span> <span class='ocrx_word' id='word_1_255' title='bbox 686 1359 815 1394; x_wconf 85' lang='lat' dir='ltr'><strong>mentis</strong></span> <span class='ocrx_word' id='word_1_256' title='bbox 849 1363 885 1395; x_wconf 92' lang='lat' dir='ltr'><strong>et</strong></span> <span class='ocrx_word' id='word_1_257' title='bbox 916 1360 1171 1396; x_wconf 83' lang='lat' dir='ltr'><strong>intellectualis</strong></span> <span class='ocrx_word' id='word_1_258' title='bbox 1201 1359 1338 1405; x_wconf 86' lang='lat' dir='ltr'><strong>primae</strong></span> <span class='ocrx_word' id='word_1_259' title='bbox 1368 1359 1546 1395; x_wconf 90' lang='lat' dir='ltr'><strong>essentiae</strong></span> <span class='ocrx_word' id='word_1_260' title='bbox 1573 1358 1756 1405; x_wconf 86' lang='lat' dir='ltr'><strong>particeps</strong></span> <span class='ocrx_word' id='word_1_261' title='bbox 1787 1363 1824 1394; x_wconf 90' lang='lat' dir='ltr'><strong>et</strong></span> <span class='ocrx_word' id='word_1_262' title='bbox 1855 1368 1947 1404; x_wconf 85' lang='lat' dir='ltr'><strong>quae</strong></span> 
     </span>
    </p>
   </div>
   <div class='ocr_carea' id='block_1_5' title="bbox 89 1408 1947 1459">
    <p class='ocr_par' dir='ltr' id='par_1_5' title="bbox 89 1408 1947 1459">
     <span class='ocr_line' id='line_1_25' title="bbox 89 1408 1947 1459; baseline -0.001 -12"><span class='ocrx_word' id='word_1_263' title='bbox 89 1434 98 1447; x_wconf 77' lang='lat'>.</span> <span class='ocrx_word' id='word_1_264' title='bbox 147 1409 386 1454; x_wconf 84' lang='lat' dir='ltr'><strong>cognitionem</strong></span> <span class='ocrx_word' id='word_1_265' title='bbox 410 1411 493 1447; x_wconf 90' lang='lat' dir='ltr'><strong>inde</strong></span> <span class='ocrx_word' id='word_1_266' title='bbox 519 1418 801 1448; x_wconf 86' lang='lat' dir='ltr'><strong>consummatam</strong></span> <span class='ocrx_word' id='word_1_267' title='bbox 826 1412 945 1457; x_wconf 89' lang='lat' dir='ltr'><strong>habet,</strong></span> <span class='ocrx_word' id='word_1_268' title='bbox 971 1414 1149 1459; x_wconf 85' lang='lat' dir='ltr'><strong>quomodo</strong></span> <span class='ocrx_word' id='word_1_269' title='bbox 1174 1413 1320 1458; x_wconf 88' lang='lat' dir='ltr'><strong>inquam</strong></span> <span class='ocrx_word' id='word_1_270' title='bbox 1345 1411 1453 1448; x_wconf 88' lang='lat' dir='ltr'><strong>etiam</strong></span> <span class='ocrx_word' id='word_1_271' title='bbox 1478 1408 1812 1447; x_wconf 81' lang='lat' dir='ltr'><strong>obscurissimarum</strong></span> <span class='ocrx_word' id='word_1_272' title='bbox 1829 1410 1947 1448; x_wconf 75' lang='lat' dir='ltr'><strong>&#39;totius</strong></span> 
     </span>
    </p>
   </div>
   <div class='ocr_carea' id='block_1_6' title="bbox 146 1462 1976 2828">
    <p class='ocr_par' dir='ltr' id='par_1_6' title="bbox 146 1462 1948 1616">
     <span class='ocr_line' id='line_1_26' title="bbox 150 1462 1947 1511; baseline 0.001 -14"><span class='ocrx_word' id='word_1_273' title='bbox 150 1462 243 1498; x_wconf 77' lang='lat' dir='ltr'><strong>vitae</strong></span> <span class='ocrx_word' id='word_1_274' title='bbox 268 1465 469 1508; x_wconf 88' lang='lat' dir='ltr'><strong>specierum</strong></span> <span class='ocrx_word' id='word_1_275' title='bbox 494 1465 562 1501; x_wconf 88' lang='lat' dir='ltr'><strong>erit</strong></span> <span class='ocrx_word' id='word_1_276' title='bbox 586 1464 873 1511; x_wconf 71' lang='lat' dir='ltr'><strong>receptaculum,</strong></span> <span class='ocrx_word' id='word_1_277' title='bbox 903 1465 1012 1501; x_wconf 89' lang='lat' dir='ltr'><strong>infimi</strong></span> <span class='ocrx_word' id='word_1_278' title='bbox 1039 1465 1177 1501; x_wconf 83' lang='lat' dir='ltr'><strong>scilicet</strong></span> <span class='ocrx_word' id='word_1_279' title='bbox 1200 1465 1238 1500; x_wconf 92' lang='lat' dir='ltr'><strong>in</strong></span> <span class='ocrx_word' id='word_1_280' title='bbox 1261 1464 1370 1500; x_wconf 88' lang='lat' dir='ltr'><strong>rebus</strong></span> <span class='ocrx_word' id='word_1_281' title='bbox 1394 1465 1527 1509; x_wconf 89' lang='lat' dir='ltr'><strong>gradus</strong></span> <span class='ocrx_word' id='word_1_282' title='bbox 1559 1464 1786 1510; x_wconf 80' lang='lat' dir='ltr'><strong>omniumque</strong></span> <span class='ocrx_word' id='word_1_283' title='bbox 1818 1464 1947 1510; x_wconf 89' lang='lat' dir='ltr'><strong>imper-</strong></span> 
     </span>
     <span class='ocr_line' id='line_1_27' title="bbox 148 1512 1948 1564; baseline 0.003 -16"><span class='ocrx_word' id='word_1_284' title='bbox 148 1512 337 1550; x_wconf 88' lang='lat' dir='ltr'><strong>fectissimi</strong></span> <span class='ocrx_word' id='word_1_285' title='bbox 361 1515 407 1551; x_wconf 91' lang='lat' dir='ltr'><strong>ad</strong></span> <span class='ocrx_word' id='word_1_286' title='bbox 432 1517 651 1553; x_wconf 80' lang='lat' dir='ltr'><strong>essendum‘?</strong></span> <span class='ocrx_word' id='word_1_287' title='bbox 699 1518 834 1553; x_wconf 89' lang='lat' dir='ltr'><strong>Verum</strong></span> <span class='ocrx_word' id='word_1_288' title='bbox 859 1518 952 1553; x_wconf 90' lang='lat' dir='ltr'><strong>hanc</strong></span> <span class='ocrx_word' id='word_1_289' title='bbox 978 1518 1182 1563; x_wconf 70' lang='lat' dir='ltr'><strong>opinionem</strong></span> <span class='ocrx_word' id='word_1_290' title='bbox 1207 1528 1417 1563; x_wconf 83' lang='lat' dir='ltr'><strong>oppugnare</strong></span> <span class='ocrx_word' id='word_1_291' title='bbox 1441 1517 1625 1564; x_wconf 84' lang='lat' dir='ltr'><strong>pluribus,</strong></span> <span class='ocrx_word' id='word_1_292' title='bbox 1651 1527 1743 1563; x_wconf 87' lang='lat' dir='ltr'><strong>quae</strong></span> <span class='ocrx_word' id='word_1_293' title='bbox 1768 1516 1902 1554; x_wconf 91' lang='lat' dir='ltr'><strong>dudum</strong></span> <span class='ocrx_word' id='word_1_294' title='bbox 1927 1529 1948 1553; x_wconf 91' lang='lat' dir='ltr'><strong>a</strong></span> 
     </span>
     <span class='ocr_line' id='line_1_28' title="bbox 146 1565 1280 1616; baseline 0.004 -16"><span class='ocrx_word' id='word_1_295' title='bbox 146 1565 267 1602; x_wconf 89' lang='lat' dir='ltr'><strong>multis</strong></span> <span class='ocrx_word' id='word_1_296' title='bbox 293 1573 348 1604; x_wconf 89' lang='lat' dir='ltr'><strong>est</strong></span> <span class='ocrx_word' id='word_1_297' title='bbox 372 1569 556 1615; x_wconf 89' lang='lat' dir='ltr'><strong>flagellata</strong></span> <span class='ocrx_word' id='word_1_298' title='bbox 581 1582 625 1606; x_wconf 88' lang='lat' dir='ltr'><strong>ex</strong></span> <span class='ocrx_word' id='word_1_299' title='bbox 650 1571 792 1614; x_wconf 80' lang='lat' dir='ltr'><strong>merito,</strong></span> <span class='ocrx_word' id='word_1_300' title='bbox 818 1581 1078 1616; x_wconf 85' lang='lat' dir='ltr'><strong>supervacuum</strong></span> <span class='ocrx_word' id='word_1_301' title='bbox 1105 1571 1280 1605; x_wconf 83' lang='lat' dir='ltr'><strong>existimo.</strong></span> 
     </span>
    </p>

    <p class='ocr_par' dir='ltr' id='par_1_7' title="bbox 147 1612 1976 2249">
     <span class='ocr_line' id='line_1_29' title="bbox 242 1612 1950 1671; baseline 0.002 -15"><span class='ocrx_word' id='word_1_302' title='bbox 242 1619 378 1664; x_wconf 76' lang='lat' dir='ltr'><strong>Quodsi</strong></span> <span class='ocrx_word' id='word_1_303' title='bbox 403 1634 473 1658; x_wconf 92' lang='lat' dir='ltr'><strong>non</strong></span> <span class='ocrx_word' id='word_1_304' title='bbox 499 1624 660 1661; x_wconf 86' lang='lat' dir='ltr'><strong>existunt</strong></span> <span class='ocrx_word' id='word_1_305' title='bbox 683 1625 956 1661; x_wconf 85' lang='lat' dir='ltr'><strong>mathematicae</strong></span> <span class='ocrx_word' id='word_1_306' title='bbox 982 1624 1123 1670; x_wconf 88' lang='lat' dir='ltr'><strong>species</strong></span> <span class='ocrx_word' id='word_1_307' title='bbox 1147 1634 1213 1668; x_wconf 90' lang='lat' dir='ltr'><strong>per</strong></span> <span class='ocrx_word' id='word_1_308' title='bbox 1233 1624 1509 1661; x_wconf 87' lang='lat' dir='ltr'><strong>abstractionem</strong></span> <span class='ocrx_word' id='word_1_309' title='bbox 1527 1612 1808 1670; x_wconf 75' lang='lat' dir='ltr'><strong>materiatarum,</strong></span> <span class='ocrx_word' id='word_1_310' title='bbox 1831 1635 1950 1671; x_wconf 89' lang='lat' dir='ltr'><strong>neque</strong></span> 
     </span>
     <span class='ocr_line' id='line_1_30' title="bbox 147 1673 1949 1723; baseline 0.004 -16"><span class='ocrx_word' id='word_1_311' title='bbox 147 1683 212 1718; x_wconf 85' lang='lat' dir='ltr'><strong>per</strong></span> <span class='ocrx_word' id='word_1_312' title='bbox 236 1673 485 1711; x_wconf 87' lang='lat' dir='ltr'><strong>collectionem</strong></span> <span class='ocrx_word' id='word_1_313' title='bbox 511 1686 652 1722; x_wconf 91' lang='lat' dir='ltr'><strong>eorum,</strong></span> <span class='ocrx_word' id='word_1_314' title='bbox 688 1688 781 1723; x_wconf 88' lang='lat' dir='ltr'><strong>quae</strong></span> <span class='ocrx_word' id='word_1_315' title='bbox 805 1679 928 1713; x_wconf 87' lang='lat' dir='ltr'><strong>insunt</strong></span> <span class='ocrx_word' id='word_1_316' title='bbox 951 1677 987 1712; x_wconf 91' lang='lat' dir='ltr'><strong>in</strong></span> <span class='ocrx_word' id='word_1_317' title='bbox 1013 1675 1257 1722; x_wconf 86' lang='lat' dir='ltr'><strong>singularibus</strong></span> <span class='ocrx_word' id='word_1_318' title='bbox 1283 1678 1506 1722; x_wconf 89' lang='lat' dir='ltr'><strong>communia,</strong></span> <span class='ocrx_word' id='word_1_319' title='bbox 1541 1688 1659 1723; x_wconf 86' lang='lat' dir='ltr'><strong>neque</strong></span> <span class='ocrx_word' id='word_1_320' title='bbox 1696 1678 1839 1714; x_wconf 90' lang='lat' dir='ltr'><strong>omnino</strong></span> <span class='ocrx_word' id='word_1_321' title='bbox 1863 1683 1949 1715; x_wconf 88' lang='lat' dir='ltr'><strong>sunt</strong></span> 
     </span>
     <span class='ocr_line' id='line_1_31' title="bbox 148 1728 1949 1776; baseline 0.003 -14"><span class='ocrx_word' id='word_1_322' title='bbox 148 1732 228 1764; x_wconf 92' lang='lat' dir='ltr'><strong>ortu</strong></span> <span class='ocrx_word' id='word_1_323' title='bbox 251 1728 471 1772; x_wconf 84' lang='lat' dir='ltr'><strong>posteriores</strong></span> <span class='ocrx_word' id='word_1_324' title='bbox 497 1734 560 1766; x_wconf 91' lang='lat' dir='ltr'><strong>aut</strong></span> <span class='ocrx_word' id='word_1_325' title='bbox 584 1741 627 1766; x_wconf 86' lang='lat' dir='ltr'><strong>ex</strong></span> <span class='ocrx_word' id='word_1_326' title='bbox 654 1731 865 1775; x_wconf 87' lang='lat' dir='ltr'><strong>sensilibus,</strong></span> <span class='ocrx_word' id='word_1_327' title='bbox 906 1741 1054 1766; x_wconf 88' lang='lat' dir='ltr'><strong>necesse</strong></span> <span class='ocrx_word' id='word_1_328' title='bbox 1079 1730 1203 1775; x_wconf 87' lang='lat' dir='ltr'><strong>utique</strong></span> <span class='ocrx_word' id='word_1_329' title='bbox 1228 1728 1353 1772; x_wconf 86' lang='lat' dir='ltr'><strong>fuerit,</strong></span> <span class='ocrx_word' id='word_1_330' title='bbox 1390 1734 1430 1766; x_wconf 89' lang='lat' dir='ltr'><strong>ut</strong></span> <span class='ocrx_word' id='word_1_331' title='bbox 1454 1731 1574 1766; x_wconf 89' lang='lat' dir='ltr'><strong>anima</strong></span> <span class='ocrx_word' id='word_1_332' title='bbox 1598 1730 1654 1766; x_wconf 92' lang='lat' dir='ltr'><strong>vel</strong></span> <span class='ocrx_word' id='word_1_333' title='bbox 1679 1741 1701 1766; x_wconf 83' lang='lat' dir='ltr'><strong>a</strong></span> <span class='ocrx_word' id='word_1_334' title='bbox 1725 1741 1763 1766; x_wconf 89' lang='lat' dir='ltr'><strong>se</strong></span> <span class='ocrx_word' id='word_1_335' title='bbox 1787 1731 1868 1776; x_wconf 87' lang='lat' dir='ltr'><strong>ipsa</strong></span> <span class='ocrx_word' id='word_1_336' title='bbox 1892 1731 1949 1767; x_wconf 90' lang='lat' dir='ltr'><strong>vel</strong></span> 
     </span>
     <span class='ocr_line' id='line_1_32' title="bbox 149 1782 1949 1828; baseline 0.001 -13"><span class='ocrx_word' id='word_1_337' title='bbox 149 1791 170 1815; x_wconf 90' lang='lat' dir='ltr'><strong>a</strong></span> <span class='ocrx_word' id='word_1_338' title='bbox 193 1788 312 1820; x_wconf 90' lang='lat' dir='ltr'><strong>mente</strong></span> <span class='ocrx_word' id='word_1_339' title='bbox 337 1786 556 1818; x_wconf 85' lang='lat' dir='ltr'><strong>transsumat</strong></span> <span class='ocrx_word' id='word_1_340' title='bbox 580 1783 680 1828; x_wconf 84' lang='lat' dir='ltr'><strong>illas,</strong></span> <span class='ocrx_word' id='word_1_341' title='bbox 718 1784 774 1819; x_wconf 90' lang='lat' dir='ltr'><strong>vel</strong></span> <span class='ocrx_word' id='word_1_342' title='bbox 801 1783 955 1828; x_wconf 88' lang='lat' dir='ltr'><strong>denique</strong></span> <span class='ocrx_word' id='word_1_343' title='bbox 990 1787 1026 1820; x_wconf 89' lang='lat' dir='ltr'><strong>et</strong></span> <span class='ocrx_word' id='word_1_344' title='bbox 1052 1794 1073 1818; x_wconf 92' lang='lat' dir='ltr'><strong>a</strong></span> <span class='ocrx_word' id='word_1_345' title='bbox 1098 1793 1136 1818; x_wconf 92' lang='lat' dir='ltr'><strong>se</strong></span> <span class='ocrx_word' id='word_1_346' title='bbox 1171 1786 1206 1818; x_wconf 90' lang='lat' dir='ltr'><strong>et</strong></span> <span class='ocrx_word' id='word_1_347' title='bbox 1234 1794 1255 1818; x_wconf 91' lang='lat' dir='ltr'><strong>a</strong></span> <span class='ocrx_word' id='word_1_348' title='bbox 1278 1787 1398 1819; x_wconf 91' lang='lat' dir='ltr'><strong>mente</strong></span> <span class='ocrx_word' id='word_1_349' title='bbox 1435 1782 1592 1828; x_wconf 82' lang='lat' dir='ltr'><strong>simul.*)</strong></span> <span class='ocrx_word' id='word_1_350' title='bbox 1639 1783 1773 1819; x_wconf 90' lang='lat' dir='ltr'><strong>Verum</strong></span> <span class='ocrx_word' id='word_1_351' title='bbox 1797 1783 1828 1819; x_wconf 92' lang='lat' dir='ltr'><strong>si</strong></span> <span class='ocrx_word' id='word_1_352' title='bbox 1863 1792 1884 1817; x_wconf 87' lang='lat' dir='ltr'><strong>a</strong></span> <span class='ocrx_word' id='word_1_353' title='bbox 1910 1792 1949 1817; x_wconf 89' lang='lat' dir='ltr'><strong>se</strong></span> 
     </span>
     <span class='ocr_line' id='line_1_33' title="bbox 149 1831 1951 1882; baseline -0.001 -12"><span class='ocrx_word' id='word_1_354' title='bbox 149 1836 237 1881; x_wconf 85' lang='lat' dir='ltr'><strong>sola,</strong></span> <span class='ocrx_word' id='word_1_355' title='bbox 263 1837 441 1882; x_wconf 89' lang='lat' dir='ltr'><strong>quomodo</strong></span> <span class='ocrx_word' id='word_1_356' title='bbox 468 1842 573 1872; x_wconf 86' lang='lat' dir='ltr'><strong>erunt</strong></span> <span class='ocrx_word' id='word_1_357' title='bbox 597 1837 769 1881; x_wconf 84' lang='lat' dir='ltr'><strong>imagines</strong></span> <span class='ocrx_word' id='word_1_358' title='bbox 793 1836 1089 1873; x_wconf 83' lang='lat' dir='ltr'><strong>intellectualium</strong></span> <span class='ocrx_word' id='word_1_359' title='bbox 1116 1836 1333 1881; x_wconf 88' lang='lat' dir='ltr'><strong>specierum,</strong></span> <span class='ocrx_word' id='word_1_360' title='bbox 1363 1831 1542 1881; x_wconf 78' lang='lat' dir='ltr'><strong>quomodo</strong></span> <span class='ocrx_word' id='word_1_361' title='bbox 1567 1839 1672 1871; x_wconf 88' lang='lat' dir='ltr'><strong>erunt</strong></span> <span class='ocrx_word' id='word_1_362' title='bbox 1696 1834 1834 1872; x_wconf 87' lang='lat' dir='ltr'><strong>mediae</strong></span> <span class='ocrx_word' id='word_1_363' title='bbox 1857 1834 1951 1870; x_wconf 90' lang='lat' dir='ltr'><strong>inter</strong></span> 
     </span>
     <span class='ocr_line' id='line_1_34' title="bbox 151 1887 1950 1935; baseline -0.002 -10"><span class='ocrx_word' id='word_1_364' title='bbox 151 1890 353 1935; x_wconf 88' lang='lat' dir='ltr'><strong>partibilem</strong></span> <span class='ocrx_word' id='word_1_365' title='bbox 380 1893 416 1924; x_wconf 83' lang='lat' dir='ltr'><strong>et</strong></span> <span class='ocrx_word' id='word_1_366' title='bbox 439 1888 694 1933; x_wconf 84' lang='lat' dir='ltr'><strong>impartibilem</strong></span> <span class='ocrx_word' id='word_1_367' title='bbox 721 1893 897 1933; x_wconf 88' lang='lat' dir='ltr'><strong>naturam,</strong></span> <span class='ocrx_word' id='word_1_368' title='bbox 922 1901 1001 1925; x_wconf 91' lang='lat' dir='ltr'><strong>cum</strong></span> <span class='ocrx_word' id='word_1_369' title='bbox 1026 1889 1160 1925; x_wconf 88' lang='lat' dir='ltr'><strong>nullam</strong></span> <span class='ocrx_word' id='word_1_370' title='bbox 1184 1899 1205 1924; x_wconf 93' lang='lat' dir='ltr'><strong>a</strong></span> <span class='ocrx_word' id='word_1_371' title='bbox 1227 1888 1351 1934; x_wconf 89' lang='lat' dir='ltr'><strong>primis</strong></span> <span class='ocrx_word' id='word_1_372' title='bbox 1382 1888 1727 1924; x_wconf 87' lang='lat' dir='ltr'><strong>consummationem</strong></span> <span class='ocrx_word' id='word_1_373' title='bbox 1759 1887 1805 1923; x_wconf 90' lang='lat' dir='ltr'><strong>ad</strong></span> <span class='ocrx_word' id='word_1_374' title='bbox 1829 1897 1950 1935; x_wconf 82' lang='lat' dir='ltr'><strong>essen·</strong></span> 
     </span>
     <span class='ocr_line' id='line_1_35' title="bbox 151 1940 1950 1987; baseline -0.002 -8"><span class='ocrx_word' id='word_1_375' title='bbox 151 1943 232 1979; x_wconf 87' lang='lat' dir='ltr'><strong>dum</strong></span> <span class='ocrx_word' id='word_1_376' title='bbox 260 1942 483 1978; x_wconf 78' lang='lat' dir='ltr'><strong>sortiantur?</strong></span> <span class='ocrx_word' id='word_1_377' title='bbox 509 1941 687 1986; x_wconf 88' lang='lat' dir='ltr'><strong>quomodo</strong></span> <span class='ocrx_word' id='word_1_378' title='bbox 714 1941 871 1986; x_wconf 85' lang='lat' dir='ltr'><strong>denique</strong></span> <span class='ocrx_word' id='word_1_379' title='bbox 894 1943 1010 1987; x_wconf 86' lang='lat' dir='ltr'><strong>prima</strong></span> <span class='ocrx_word' id='word_1_380' title='bbox 1037 1941 1211 1987; x_wconf 84' lang='lat' dir='ltr'><strong>exempla,</strong></span> <span class='ocrx_word' id='word_1_381' title='bbox 1235 1940 1484 1986; x_wconf 86' lang='lat' dir='ltr'><strong>paradigmata</strong></span> <span class='ocrx_word' id='word_1_382' title='bbox 1511 1940 1567 1976; x_wconf 91' lang='lat' dir='ltr'><strong>vel</strong></span> <span class='ocrx_word' id='word_1_383' title='bbox 1590 1940 1712 1987; x_wconf 87' lang='lat' dir='ltr'><strong>ideae,</strong></span> <span class='ocrx_word' id='word_1_384' title='bbox 1748 1948 1844 1987; x_wconf 86' lang='lat' dir='ltr'><strong>quae</strong></span> <span class='ocrx_word' id='word_1_385' title='bbox 1865 1945 1950 1976; x_wconf 87' lang='lat' dir='ltr'><strong>sunt</strong></span> 
     </span>
     <span class='ocr_line' id='line_1_36' title="bbox 149 1993 1950 2040; baseline 0 -11"><span class='ocrx_word' id='word_1_386' title='bbox 149 1995 184 2029; x_wconf 88' lang='lat' dir='ltr'><strong>in</strong></span> <span class='ocrx_word' id='word_1_387' title='bbox 210 1998 342 2040; x_wconf 85' lang='lat' dir='ltr'><strong>mente,</strong></span> <span class='ocrx_word' id='word_1_388' title='bbox 371 1998 456 2029; x_wconf 90' lang='lat' dir='ltr'><strong>sunt</strong></span> <span class='ocrx_word' id='word_1_389' title='bbox 481 1994 726 2028; x_wconf 85' lang='lat' dir='ltr'><strong>universorum</strong></span> <span class='ocrx_word' id='word_1_390' title='bbox 753 1994 959 2039; x_wconf 78' lang='lat' dir='ltr'><strong>principes?</strong></span> <span class='ocrx_word' id='word_1_391' title='bbox 1008 1993 1069 2029; x_wconf 90' lang='lat' dir='ltr'><strong>Sin</strong></span> <span class='ocrx_word' id='word_1_392' title='bbox 1094 2004 1178 2029; x_wconf 85' lang='lat' dir='ltr'><strong>vero</strong></span> <span class='ocrx_word' id='word_1_393' title='bbox 1204 2005 1225 2028; x_wconf 91' lang='lat' dir='ltr'><strong>a</strong></span> <span class='ocrx_word' id='word_1_394' title='bbox 1248 1997 1367 2028; x_wconf 89' lang='lat' dir='ltr'><strong>mente</strong></span> <span class='ocrx_word' id='word_1_395' title='bbox 1391 1993 1469 2028; x_wconf 88' lang='lat' dir='ltr'><strong>sola</strong></span> <span class='ocrx_word' id='word_1_396' title='bbox 1493 1997 1784 2029; x_wconf 87' lang='lat' dir='ltr'><strong>transsumuntur</strong></span> <span class='ocrx_word' id='word_1_397' title='bbox 1815 1993 1852 2029; x_wconf 92' lang='lat' dir='ltr'><strong>in</strong></span> <span class='ocrx_word' id='word_1_398' title='bbox 1876 1993 1950 2029; x_wconf 90' lang='lat' dir='ltr'><strong>ani-</strong></span> 
     </span>
     <span class='ocr_line' id='line_1_37' title="bbox 152 2045 1950 2093; baseline -0.001 -10"><span class='ocrx_word' id='word_1_399' title='bbox 152 2059 256 2093; x_wconf 84' lang='lat' dir='ltr'><strong>mam,</strong></span> <span class='ocrx_word' id='word_1_400' title='bbox 282 2046 459 2092; x_wconf 87' lang='lat' dir='ltr'><strong>quomodo</strong></span> <span class='ocrx_word' id='word_1_401' title='bbox 487 2047 605 2081; x_wconf 84' lang='lat' dir='ltr'><strong>anima</strong></span> <span class='ocrx_word' id='word_1_402' title='bbox 629 2046 788 2081; x_wconf 86' lang='lat' dir='ltr'><strong>manebit</strong></span> <span class='ocrx_word' id='word_1_403' title='bbox 812 2046 891 2090; x_wconf 89' lang='lat' dir='ltr'><strong>ipsa</strong></span> <span class='ocrx_word' id='word_1_404' title='bbox 917 2056 955 2081; x_wconf 91' lang='lat' dir='ltr'><strong>se</strong></span> <span class='ocrx_word' id='word_1_405' title='bbox 980 2046 1061 2091; x_wconf 88' lang='lat' dir='ltr'><strong>ipsa</strong></span> <span class='ocrx_word' id='word_1_406' title='bbox 1087 2056 1242 2091; x_wconf 89' lang='lat' dir='ltr'><strong>operans</strong></span> <span class='ocrx_word' id='word_1_407' title='bbox 1268 2056 1379 2090; x_wconf 87' lang='lat' dir='ltr'><strong>seque</strong></span> <span class='ocrx_word' id='word_1_408' title='bbox 1403 2045 1518 2091; x_wconf 86' lang='lat' dir='ltr'><strong>ipsam</strong></span> <span class='ocrx_word' id='word_1_409' title='bbox 1543 2057 1699 2090; x_wconf 86' lang='lat' dir='ltr'><strong>movens,</strong></span> <span class='ocrx_word' id='word_1_410' title='bbox 1725 2046 1756 2082; x_wconf 91' lang='lat' dir='ltr'><strong>si</strong></span> <span class='ocrx_word' id='word_1_411' title='bbox 1779 2045 1950 2083; x_wconf 81' lang='lat' dir='ltr'><strong>rationes,</strong></span> 
     </span>
     <span class='ocr_line' id='line_1_38' title="bbox 151 2098 1948 2145; baseline -0.001 -10"><span class='ocrx_word' id='word_1_412' title='bbox 151 2111 241 2145; x_wconf 86' lang='lat' dir='ltr'><strong>quae</strong></span> <span class='ocrx_word' id='word_1_413' title='bbox 267 2105 350 2135; x_wconf 88' lang='lat' dir='ltr'><strong>sunt</strong></span> <span class='ocrx_word' id='word_1_414' title='bbox 373 2100 410 2134; x_wconf 91' lang='lat' dir='ltr'><strong>in</strong></span> <span class='ocrx_word' id='word_1_415' title='bbox 435 2100 525 2144; x_wconf 74' lang='lat' dir='ltr'><strong>ipsa,</strong></span> <span class='ocrx_word' id='word_1_416' title='bbox 551 2099 598 2134; x_wconf 90' lang='lat' dir='ltr'><strong>ad</strong></span> <span class='ocrx_word' id='word_1_417' title='bbox 622 2109 783 2133; x_wconf 88' lang='lat' dir='ltr'><strong>normam</strong></span> <span class='ocrx_word' id='word_1_418' title='bbox 808 2098 1063 2134; x_wconf 86' lang='lat' dir='ltr'><strong>subsistentiae</strong></span> <span class='ocrx_word' id='word_1_419' title='bbox 1089 2098 1231 2134; x_wconf 91' lang='lat' dir='ltr'><strong>illarum</strong></span> <span class='ocrx_word' id='word_1_420' title='bbox 1256 2108 1391 2141; x_wconf 88' lang='lat' dir='ltr'><strong>rerum,</strong></span> <span class='ocrx_word' id='word_1_421' title='bbox 1431 2109 1523 2142; x_wconf 89' lang='lat' dir='ltr'><strong>quae</strong></span> <span class='ocrx_word' id='word_1_422' title='bbox 1549 2100 1594 2135; x_wconf 90' lang='lat' dir='ltr'><strong>ab</strong></span> <span class='ocrx_word' id='word_1_423' title='bbox 1619 2098 1688 2134; x_wconf 90' lang='lat' dir='ltr'><strong>alio</strong></span> <span class='ocrx_word' id='word_1_424' title='bbox 1715 2098 1872 2143; x_wconf 88' lang='lat' dir='ltr'><strong>cientur,</strong></span> <span class='ocrx_word' id='word_1_425' title='bbox 1897 2099 1948 2134; x_wconf 93' lang='lat' dir='ltr'><strong>in—</strong></span> 
     </span>
     <span class='ocr_line' id='line_1_39' title="bbox 147 2150 1976 2197; baseline -0.001 -8"><span class='ocrx_word' id='word_1_426' title='bbox 147 2154 332 2190; x_wconf 84' lang='lat' dir='ltr'><strong>fluxerunt</strong></span> <span class='ocrx_word' id='word_1_427' title='bbox 356 2153 391 2188; x_wconf 90' lang='lat' dir='ltr'><strong>in</strong></span> <span class='ocrx_word' id='word_1_428' title='bbox 416 2153 530 2197; x_wconf 87' lang='lat' dir='ltr'><strong>ipsam</strong></span> <span class='ocrx_word' id='word_1_429' title='bbox 557 2151 726 2187; x_wconf 78' lang='lat' dir='ltr'><strong>aliunde?</strong></span> <span class='ocrx_word' id='word_1_430' title='bbox 773 2151 822 2185; x_wconf 86' lang='lat' dir='ltr'><strong>Et</strong></span> <span class='ocrx_word' id='word_1_431' title='bbox 847 2151 931 2195; x_wconf 89' lang='lat' dir='ltr'><strong>quid</strong></span> <span class='ocrx_word' id='word_1_432' title='bbox 957 2151 1100 2187; x_wconf 85' lang='lat' dir='ltr'><strong>differet</strong></span> <span class='ocrx_word' id='word_1_433' title='bbox 1126 2152 1244 2187; x_wconf 88' lang='lat' dir='ltr'><strong>anima</strong></span> <span class='ocrx_word' id='word_1_434' title='bbox 1269 2161 1290 2185; x_wconf 90' lang='lat' dir='ltr'><strong>a</strong></span> <span class='ocrx_word' id='word_1_435' title='bbox 1313 2150 1481 2195; x_wconf 86' lang='lat' dir='ltr'><strong>materia,</strong></span> <span class='ocrx_word' id='word_1_436' title='bbox 1509 2161 1600 2195; x_wconf 91' lang='lat' dir='ltr'><strong>quae</strong></span> <span class='ocrx_word' id='word_1_437' title='bbox 1618 2151 1742 2186; x_wconf 71' lang='lat' dir='ltr'><strong>solum</strong></span> <span class='ocrx_word' id='word_1_438' title='bbox 1767 2155 1949 2196; x_wconf 83' lang='lat' dir='ltr'><strong>potestate</strong></span> <span class='ocrx_word' id='word_1_439' title='bbox 1971 2183 1976 2188; x_wconf 85' lang='lat'>.</span> 
     </span>
     <span class='ocr_line' id='line_1_40' title="bbox 149 2203 1289 2262; baseline -0.004 -20"><span class='ocrx_word' id='word_1_440' title='bbox 149 2211 203 2242; x_wconf 88' lang='lat' dir='ltr'><strong>est</strong></span> <span class='ocrx_word' id='word_1_441' title='bbox 229 2206 363 2249; x_wconf 87' lang='lat' dir='ltr'><strong>omnia,</strong></span> <span class='ocrx_word' id='word_1_442' title='bbox 388 2204 478 2239; x_wconf 91' lang='lat' dir='ltr'><strong>nihil</strong></span> <span class='ocrx_word' id='word_1_443' title='bbox 502 2215 587 2239; x_wconf 88' lang='lat' dir='ltr'><strong>vero</strong></span> <span class='ocrx_word' id='word_1_444' title='bbox 613 2204 656 2239; x_wconf 91' lang='lat' dir='ltr'><strong>de</strong></span> <span class='ocrx_word' id='word_1_445' title='bbox 682 2203 880 2238; x_wconf 87' lang='lat' dir='ltr'><strong>materiatis</strong></span> <span class='ocrx_word' id='word_1_446' title='bbox 902 2205 1092 2262; x_wconf 91' lang='lat' dir='ltr'><strong>speciebus</strong></span> <span class='ocrx_word' id='word_1_447' title='bbox 1117 2204 1289 2248; x_wconf 78' lang='lat' dir='ltr'><strong>generat?</strong></span> 
     </span>
    </p>

    <p class='ocr_par' dir='ltr' id='par_1_8' title="bbox 148 2254 1951 2828">
     <span class='ocr_line' id='line_1_41' title="bbox 261 2254 1951 2302; baseline -0.002 -9"><span class='ocrx_word' id='word_1_448' title='bbox 261 2259 391 2294; x_wconf 87' lang='lat' dir='ltr'><strong>Restat</strong></span> <span class='ocrx_word' id='word_1_449' title='bbox 414 2257 539 2301; x_wconf 84' lang='lat' dir='ltr'><strong>igitur,</strong></span> <span class='ocrx_word' id='word_1_450' title='bbox 578 2260 617 2290; x_wconf 92' lang='lat' dir='ltr'><strong>ut</strong></span> <span class='ocrx_word' id='word_1_451' title='bbox 645 2255 762 2290; x_wconf 86' lang='lat' dir='ltr'><strong>anima</strong></span> <span class='ocrx_word' id='word_1_452' title='bbox 786 2260 821 2289; x_wconf 87' lang='lat' dir='ltr'><strong>et</strong></span> <span class='ocrx_word' id='word_1_453' title='bbox 846 2266 867 2289; x_wconf 85' lang='lat' dir='ltr'><strong>a</strong></span> <span class='ocrx_word' id='word_1_454' title='bbox 893 2266 930 2290; x_wconf 88' lang='lat' dir='ltr'><strong>se</strong></span> <span class='ocrx_word' id='word_1_455' title='bbox 954 2256 1033 2300; x_wconf 89' lang='lat' dir='ltr'><strong>ipsa</strong></span> <span class='ocrx_word' id='word_1_456' title='bbox 1066 2260 1101 2291; x_wconf 89' lang='lat' dir='ltr'><strong>et</strong></span> <span class='ocrx_word' id='word_1_457' title='bbox 1126 2266 1147 2291; x_wconf 92' lang='lat' dir='ltr'><strong>a</strong></span> <span class='ocrx_word' id='word_1_458' title='bbox 1171 2261 1292 2290; x_wconf 86' lang='lat' dir='ltr'><strong>mente</strong></span> <span class='ocrx_word' id='word_1_459' title='bbox 1317 2259 1539 2291; x_wconf 88' lang='lat' dir='ltr'><strong>transsumat</strong></span> <span class='ocrx_word' id='word_1_460' title='bbox 1561 2255 1633 2291; x_wconf 89' lang='lat' dir='ltr'><strong>ista</strong></span> <span class='ocrx_word' id='word_1_461' title='bbox 1667 2260 1703 2291; x_wconf 84' lang='lat' dir='ltr'><strong>et</strong></span> <span class='ocrx_word' id='word_1_462' title='bbox 1737 2260 1777 2292; x_wconf 92' lang='lat' dir='ltr'><strong>ut</strong></span> <span class='ocrx_word' id='word_1_463' title='bbox 1799 2256 1880 2302; x_wconf 83' lang='lat' dir='ltr'><strong>ipsa</strong></span> <span class='ocrx_word' id='word_1_464' title='bbox 1904 2254 1951 2291; x_wconf 87' lang='lat' dir='ltr'><strong>sit</strong></span> 
     </span>
     <span class='ocr_line' id='line_1_42' title="bbox 149 2307 1949 2354; baseline -0.001 -7"><span class='ocrx_word' id='word_1_465' title='bbox 149 2311 316 2348; x_wconf 87' lang='lat' dir='ltr'><strong>absoluta</strong></span> <span class='ocrx_word' id='word_1_466' title='bbox 341 2309 599 2346; x_wconf 88' lang='lat' dir='ltr'><strong>consummatio</strong></span> <span class='ocrx_word' id='word_1_467' title='bbox 626 2308 844 2354; x_wconf 86' lang='lat' dir='ltr'><strong>specierum,</strong></span> <span class='ocrx_word' id='word_1_468' title='bbox 882 2319 974 2352; x_wconf 85' lang='lat' dir='ltr'><strong>quae</strong></span> <span class='ocrx_word' id='word_1_469' title='bbox 1000 2307 1043 2342; x_wconf 84' lang='lat' dir='ltr'><strong>ab</strong></span> <span class='ocrx_word' id='word_1_470' title='bbox 1068 2307 1374 2343; x_wconf 89' lang='lat' dir='ltr'><strong>intellectualibus</strong></span> <span class='ocrx_word' id='word_1_471' title='bbox 1406 2309 1531 2353; x_wconf 90' lang='lat' dir='ltr'><strong>primis</strong></span> <span class='ocrx_word' id='word_1_472' title='bbox 1557 2309 1732 2354; x_wconf 84' lang='lat' dir='ltr'><strong>exemplis</strong></span> <span class='ocrx_word' id='word_1_473' title='bbox 1757 2319 1822 2345; x_wconf 88' lang='lat' dir='ltr'><strong>seu</strong></span> <span class='ocrx_word' id='word_1_474' title='bbox 1845 2318 1949 2354; x_wconf 81' lang='lat' dir='ltr'><strong>para-</strong></span> 
     </span>
     <span class='ocr_line' id='line_1_43' title="bbox 148 2360 1948 2409; baseline -0.002 -9"><span class='ocrx_word' id='word_1_475' title='bbox 148 2364 362 2409; x_wconf 85' lang='lat' dir='ltr'><strong>digmatibus</strong></span> <span class='ocrx_word' id='word_1_476' title='bbox 388 2374 408 2398; x_wconf 84' lang='lat' dir='ltr'><strong>a</strong></span> <span class='ocrx_word' id='word_1_477' title='bbox 434 2374 471 2398; x_wconf 91' lang='lat' dir='ltr'><strong>se</strong></span> <span class='ocrx_word' id='word_1_478' title='bbox 496 2362 740 2407; x_wconf 85' lang='lat' dir='ltr'><strong>ipsisgenitis</strong></span> <span class='ocrx_word' id='word_1_479' title='bbox 766 2361 1035 2396; x_wconf 83' lang='lat' dir='ltr'><strong>subsistentiam</strong></span> <span class='ocrx_word' id='word_1_480' title='bbox 1061 2362 1196 2397; x_wconf 87' lang='lat' dir='ltr'><strong>habent</strong></span> <span class='ocrx_word' id='word_1_481' title='bbox 1228 2366 1264 2395; x_wconf 91' lang='lat' dir='ltr'><strong>et</strong></span> <span class='ocrx_word' id='word_1_482' title='bbox 1290 2368 1474 2396; x_wconf 84' lang='lat' dir='ltr'><strong>accessum</strong></span> <span class='ocrx_word' id='word_1_483' title='bbox 1512 2360 1558 2396; x_wconf 89' lang='lat' dir='ltr'><strong>ad</strong></span> <span class='ocrx_word' id='word_1_484' title='bbox 1582 2360 1701 2406; x_wconf 90' lang='lat' dir='ltr'><strong>ipsum</strong></span> <span class='ocrx_word' id='word_1_485' title='bbox 1736 2371 1837 2396; x_wconf 86' lang='lat' dir='ltr'><strong>esse</strong></span> <span class='ocrx_word' id='word_1_486' title='bbox 1874 2372 1948 2401; x_wconf 83' lang='lat' dir='ltr'><strong>sor-</strong></span> 
     </span>
     <span class='ocr_line' id='line_1_44' title="bbox 148 2412 1949 2461; baseline -0.001 -12"><span class='ocrx_word' id='word_1_487' title='bbox 148 2417 295 2452; x_wconf 88' lang='lat' dir='ltr'><strong>tiuntur.</strong></span> <span class='ocrx_word' id='word_1_488' title='bbox 342 2417 470 2461; x_wconf 89' lang='lat' dir='ltr'><strong>Itaque</strong></span> <span class='ocrx_word' id='word_1_489' title='bbox 494 2425 721 2461; x_wconf 87' lang='lat' dir='ltr'><strong>nequaquam</strong></span> <span class='ocrx_word' id='word_1_490' title='bbox 746 2419 801 2449; x_wconf 79' lang='lat' dir='ltr'><strong>cst</strong></span> <span class='ocrx_word' id='word_1_491' title='bbox 827 2414 944 2449; x_wconf 84' lang='lat' dir='ltr'><strong>anima</strong></span> <span class='ocrx_word' id='word_1_492' title='bbox 968 2413 1094 2449; x_wconf 87' lang='lat' dir='ltr'><strong>tabula</strong></span> <span class='ocrx_word' id='word_1_493' title='bbox 1114 2424 1213 2456; x_wconf 87' lang='lat' dir='ltr'><strong>rasa,</strong></span> <span class='ocrx_word' id='word_1_494' title='bbox 1243 2413 1288 2447; x_wconf 88' lang='lat' dir='ltr'><strong>ab</strong></span> <span class='ocrx_word' id='word_1_495' title='bbox 1313 2412 1478 2448; x_wconf 88' lang='lat' dir='ltr'><strong>omnibus</strong></span> <span class='ocrx_word' id='word_1_496' title='bbox 1504 2413 1704 2449; x_wconf 87' lang='lat' dir='ltr'><strong>rationibus</strong></span> <span class='ocrx_word' id='word_1_497' title='bbox 1729 2423 1859 2459; x_wconf 86' lang='lat' dir='ltr'><strong>vacua,</strong></span> <span class='ocrx_word' id='word_1_498' title='bbox 1885 2413 1949 2449; x_wconf 83' lang='lat' dir='ltr'><strong>sed</strong></span> 
     </span>
     <span class='ocr_line' id='line_1_45' title="bbox 150 2466 1947 2514; baseline -0.002 -10"><span class='ocrx_word' id='word_1_499' title='bbox 150 2474 204 2504; x_wconf 88' lang='lat' dir='ltr'><strong>est</strong></span> <span class='ocrx_word' id='word_1_500' title='bbox 228 2469 362 2514; x_wconf 88' lang='lat' dir='ltr'><strong>scripta</strong></span> <span class='ocrx_word' id='word_1_501' title='bbox 387 2479 528 2513; x_wconf 84' lang='lat' dir='ltr'><strong>semper</strong></span> <span class='ocrx_word' id='word_1_502' title='bbox 552 2467 678 2503; x_wconf 88' lang='lat' dir='ltr'><strong>tabula</strong></span> <span class='ocrx_word' id='word_1_503' title='bbox 702 2467 898 2511; x_wconf 87' lang='lat' dir='ltr'><strong>scribitque</strong></span> <span class='ocrx_word' id='word_1_504' title='bbox 925 2471 960 2501; x_wconf 90' lang='lat' dir='ltr'><strong>et</strong></span> <span class='ocrx_word' id='word_1_505' title='bbox 983 2466 1062 2512; x_wconf 85' lang='lat' dir='ltr'><strong>ipsa</strong></span> <span class='ocrx_word' id='word_1_506' title='bbox 1086 2467 1120 2501; x_wconf 86' lang='lat' dir='ltr'><strong>iu</strong></span> <span class='ocrx_word' id='word_1_507' title='bbox 1140 2466 1310 2511; x_wconf 86' lang='lat' dir='ltr'><strong>seipsam</strong></span> <span class='ocrx_word' id='word_1_508' title='bbox 1337 2470 1373 2500; x_wconf 91' lang='lat' dir='ltr'><strong>et</strong></span> <span class='ocrx_word' id='word_1_509' title='bbox 1387 2466 1574 2510; x_wconf 88' lang='lat' dir='ltr'><strong>scripturis</strong></span> <span class='ocrx_word' id='word_1_510' title='bbox 1594 2466 1764 2511; x_wconf 89' lang='lat' dir='ltr'><strong>impletur</strong></span> <span class='ocrx_word' id='word_1_511' title='bbox 1780 2477 1801 2501; x_wconf 93' lang='lat' dir='ltr'><strong>a</strong></span> <span class='ocrx_word' id='word_1_512' title='bbox 1818 2469 1947 2501; x_wconf 88' lang='lat' dir='ltr'><strong>mente.</strong></span> 
     </span>
     <span class='ocr_line' id='line_1_46' title="bbox 151 2517 1949 2564; baseline -0.003 -7"><span class='ocrx_word' id='word_1_513' title='bbox 151 2522 219 2557; x_wconf 88' lang='lat' dir='ltr'><strong>Est</strong></span> <span class='ocrx_word' id='word_1_514' title='bbox 252 2521 346 2556; x_wconf 91' lang='lat' dir='ltr'><strong>enim</strong></span> <span class='ocrx_word' id='word_1_515' title='bbox 383 2521 501 2555; x_wconf 71' lang='lat' dir='ltr'><strong>anima</strong></span> <span class='ocrx_word' id='word_1_516' title='bbox 536 2530 637 2554; x_wconf 90' lang='lat' dir='ltr'><strong>mens</strong></span> <span class='ocrx_word' id='word_1_517' title='bbox 675 2530 739 2554; x_wconf 89' lang='lat' dir='ltr'><strong>seu</strong></span> <span class='ocrx_word' id='word_1_518' title='bbox 767 2519 977 2560; x_wconf 81' lang='lat' dir='ltr'><strong>¹intellectus</strong></span> <span class='ocrx_word' id='word_1_519' title='bbox 1016 2518 1178 2563; x_wconf 88' lang='lat' dir='ltr'><strong>quidam,</strong></span> <span class='ocrx_word' id='word_1_520' title='bbox 1214 2517 1274 2563; x_wconf 91' lang='lat' dir='ltr'><strong>qui</strong></span> <span class='ocrx_word' id='word_1_521' title='bbox 1301 2528 1338 2551; x_wconf 87' lang='lat' dir='ltr'><strong>se</strong></span> <span class='ocrx_word' id='word_1_522' title='bbox 1363 2517 1481 2562; x_wconf 88' lang='lat' dir='ltr'><strong>ipsum</strong></span> <span class='ocrx_word' id='word_1_523' title='bbox 1509 2518 1706 2555; x_wconf 88' lang='lat' dir='ltr'><strong>secundum</strong></span> <span class='ocrx_word' id='word_1_524' title='bbox 1728 2518 1884 2564; x_wconf 88' lang='lat' dir='ltr'><strong>priorem</strong></span> <span class='ocrx_word' id='word_1_525' title='bbox 1909 2528 1949 2554; x_wconf 87' lang='lat' dir='ltr'><strong>se</strong></span> 
     </span>
     <span class='ocr_line' id='line_1_47' title="bbox 150 2568 1948 2616; baseline -0.002 -8"><span class='ocrx_word' id='word_1_526' title='bbox 150 2574 371 2610; x_wconf 90' lang='lat' dir='ltr'><strong>intellectum</strong></span> <span class='ocrx_word' id='word_1_527' title='bbox 399 2572 566 2616; x_wconf 88' lang='lat' dir='ltr'><strong>revolvit,</strong></span> <span class='ocrx_word' id='word_1_528' title='bbox 603 2572 721 2616; x_wconf 85' lang='lat' dir='ltr'><strong>imago</strong></span> <span class='ocrx_word' id='word_1_529' title='bbox 747 2570 842 2606; x_wconf 89' lang='lat' dir='ltr'><strong>illius</strong></span> <span class='ocrx_word' id='word_1_530' title='bbox 877 2574 913 2604; x_wconf 90' lang='lat' dir='ltr'><strong>et</strong></span> <span class='ocrx_word' id='word_1_531' title='bbox 937 2571 1052 2616; x_wconf 85' lang='lat' dir='ltr'><strong>figura</strong></span> <span class='ocrx_word' id='word_1_532' title='bbox 1082 2581 1146 2605; x_wconf 89' lang='lat' dir='ltr'><strong>seu</strong></span> <span class='ocrx_word' id='word_1_533' title='bbox 1178 2574 1285 2615; x_wconf 80' lang='lat' dir='ltr'><strong>typus</strong></span> <span class='ocrx_word' id='word_1_534' title='bbox 1318 2569 1404 2604; x_wconf 88' lang='lat' dir='ltr'><strong>foris</strong></span> <span class='ocrx_word' id='word_1_535' title='bbox 1433 2569 1629 2616; x_wconf 86' lang='lat' dir='ltr'><strong>factuS.**)</strong></span> <span class='ocrx_word' id='word_1_536' title='bbox 1678 2570 1717 2606; x_wconf 90' lang='lat' dir='ltr'><strong>Si</strong></span> <span class='ocrx_word' id='word_1_537' title='bbox 1748 2569 1857 2614; x_wconf 84' lang='lat' dir='ltr'><strong>igitur</strong></span> <span class='ocrx_word' id='word_1_538' title='bbox 1887 2568 1948 2604; x_wconf 89' lang='lat' dir='ltr'><strong>ille</strong></span> 
     </span>
     <span class='ocr_line' id='line_1_48' title="bbox 150 2621 1949 2668; baseline -0.004 -5"><span class='ocrx_word' id='word_1_539' title='bbox 150 2627 268 2662; x_wconf 89' lang='lat' dir='ltr'><strong>omnia</strong></span> <span class='ocrx_word' id='word_1_540' title='bbox 290 2623 585 2661; x_wconf 87' lang='lat' dir='ltr'><strong>intellectualiter</strong></span> <span class='ocrx_word' id='word_1_541' title='bbox 609 2627 674 2668; x_wconf 90' lang='lat' dir='ltr'><strong>est,</strong></span> <span class='ocrx_word' id='word_1_542' title='bbox 701 2622 768 2657; x_wconf 89' lang='lat' dir='ltr'><strong>erit</strong></span> <span class='ocrx_word' id='word_1_543' title='bbox 794 2627 830 2657; x_wconf 90' lang='lat' dir='ltr'><strong>et</strong></span> <span class='ocrx_word' id='word_1_544' title='bbox 847 2623 965 2657; x_wconf 86' lang='lat' dir='ltr'><strong>anima</strong></span> <span class='ocrx_word' id='word_1_545' title='bbox 983 2623 1099 2658; x_wconf 88' lang='lat' dir='ltr'><strong>omnia</strong></span> <span class='ocrx_word' id='word_1_546' title='bbox 1118 2621 1334 2666; x_wconf 75' lang='lat' dir='ltr'><strong>animaliter,</strong></span> <span class='ocrx_word' id='word_1_547' title='bbox 1362 2627 1398 2656; x_wconf 89' lang='lat' dir='ltr'><strong>et</strong></span> <span class='ocrx_word' id='word_1_548' title='bbox 1417 2623 1447 2657; x_wconf 90' lang='lat' dir='ltr'><strong>si</strong></span> <span class='ocrx_word' id='word_1_549' title='bbox 1464 2623 1523 2657; x_wconf 91' lang='lat' dir='ltr'><strong>ille</strong></span> <span class='ocrx_word' id='word_1_550' title='bbox 1542 2622 1804 2668; x_wconf 85' lang='lat' dir='ltr'><strong>exemplariter,</strong></span> <span class='ocrx_word' id='word_1_551' title='bbox 1830 2621 1949 2657; x_wconf 83' lang='lat' dir='ltr'><strong>anima</strong></span> 
     </span>
     <span class='ocr_line' id='line_1_49' title="bbox 149 2674 1947 2724; baseline -0.003 -9"><span class='ocrx_word' id='word_1_552' title='bbox 149 2679 311 2724; x_wconf 87' lang='lat' dir='ltr'><strong>imaginis</strong></span> <span class='ocrx_word' id='word_1_553' title='bbox 336 2679 372 2714; x_wconf 91' lang='lat' dir='ltr'><strong>in</strong></span> <span class='ocrx_word' id='word_1_554' title='bbox 398 2677 558 2719; x_wconf 82' lang='lat' dir='ltr'><strong>modum3</strong></span> <span class='ocrx_word' id='word_1_555' title='bbox 586 2680 622 2711; x_wconf 90' lang='lat' dir='ltr'><strong>et</strong></span> <span class='ocrx_word' id='word_1_556' title='bbox 646 2675 675 2711; x_wconf 91' lang='lat' dir='ltr'><strong>si</strong></span> <span class='ocrx_word' id='word_1_557' title='bbox 700 2675 760 2710; x_wconf 86' lang='lat' dir='ltr'><strong>ille</strong></span> <span class='ocrx_word' id='word_1_558' title='bbox 787 2675 996 2711; x_wconf 82' lang='lat' dir='ltr'><strong>contractim</strong></span> <span class='ocrx_word' id='word_1_559' title='bbox 1023 2680 1058 2710; x_wconf 91' lang='lat' dir='ltr'><strong>et</strong></span> <span class='ocrx_word' id='word_1_560' title='bbox 1075 2675 1211 2712; x_wconf 84' lang='lat' dir='ltr'><strong>unitim,</strong></span> <span class='ocrx_word' id='word_1_561' title='bbox 1237 2675 1355 2709; x_wconf 87' lang='lat' dir='ltr'><strong>anima</strong></span> <span class='ocrx_word' id='word_1_562' title='bbox 1373 2675 1521 2711; x_wconf 88' lang='lat' dir='ltr'><strong>divisim.</strong></span> <span class='ocrx_word' id='word_1_563' title='bbox 1571 2674 1675 2720; x_wconf 77' lang='lat' dir='ltr'><strong>Quod</strong></span> <span class='ocrx_word' id='word_1_564' title='bbox 1695 2686 1775 2711; x_wconf 89' lang='lat' dir='ltr'><strong>cum</strong></span> <span class='ocrx_word' id='word_1_565' title='bbox 1793 2679 1828 2711; x_wconf 87' lang='lat' dir='ltr'><strong>et</strong></span> <span class='ocrx_word' id='word_1_566' title='bbox 1844 2674 1947 2710; x_wconf 86' lang='lat' dir='ltr'><strong>Plato</strong></span> 
     </span>
     <span class='ocr_line' id='line_1_50' title="bbox 148 2726 1948 2775; baseline -0.003 -8"><span class='ocrx_word' id='word_1_567' title='bbox 148 2731 396 2775; x_wconf 82' lang='lat' dir='ltr'><strong>intellexisset,</strong></span> <span class='ocrx_word' id='word_1_568' title='bbox 406 2730 479 2773; x_wconf 80' lang='grc'>***)</span> <span class='ocrx_word' id='word_1_569' title='bbox 504 2729 657 2765; x_wconf 84' lang='lat' dir='ltr'><strong>animam</strong></span> <span class='ocrx_word' id='word_1_570' title='bbox 675 2738 719 2763; x_wconf 85' lang='lat' dir='ltr'><strong>ex</strong></span> <span class='ocrx_word' id='word_1_571' title='bbox 734 2728 897 2762; x_wconf 88' lang='lat' dir='ltr'><strong>omnibus</strong></span> <span class='ocrx_word' id='word_1_572' title='bbox 917 2728 1101 2763; x_wconf 89' lang='lat' dir='ltr'><strong>constituit</strong></span> <span class='ocrx_word' id='word_1_573' title='bbox 1119 2727 1307 2773; x_wconf 86' lang='lat' dir='ltr'><strong>divisitque</strong></span> <span class='ocrx_word' id='word_1_574' title='bbox 1328 2727 1524 2763; x_wconf 90' lang='lat' dir='ltr'><strong>secundum</strong></span> <span class='ocrx_word' id='word_1_575' title='bbox 1541 2737 1707 2762; x_wconf 88' lang='lat' dir='ltr'><strong>numeros</strong></span> <span class='ocrx_word' id='word_1_576' title='bbox 1723 2726 1948 2773; x_wconf 77' lang='lat' dir='ltr'><strong>revinxitque</strong></span> 
     </span>
     <span class='ocr_line' id='line_1_51' title="bbox 150 2778 1947 2828; baseline -0.003 -9"><span class='ocrx_word' id='word_1_577' title='bbox 150 2784 325 2828; x_wconf 87' lang='lat' dir='ltr'><strong>analogiis</strong></span> <span class='ocrx_word' id='word_1_578' title='bbox 351 2788 386 2819; x_wconf 90' lang='lat' dir='ltr'><strong>et</strong></span> <span class='ocrx_word' id='word_1_579' title='bbox 410 2781 612 2818; x_wconf 87' lang='lat' dir='ltr'><strong>rat-ionibus</strong></span> <span class='ocrx_word' id='word_1_580' title='bbox 636 2780 864 2822; x_wconf 90' lang='lat' dir='ltr'><strong>harmonicis</strong></span> <span class='ocrx_word' id='word_1_581' title='bbox 891 2780 997 2824; x_wconf 84' lang='lat' dir='ltr'><strong>inque</strong></span> <span class='ocrx_word' id='word_1_582' title='bbox 1022 2780 1137 2824; x_wconf 86' lang='lat' dir='ltr'><strong>ipsam</strong></span> <span class='ocrx_word' id='word_1_583' title='bbox 1162 2780 1314 2815; x_wconf 90' lang='lat' dir='ltr'><strong>contulit</strong></span> <span class='ocrx_word' id='word_1_584' title='bbox 1339 2780 1516 2825; x_wconf 89' lang='lat' dir='ltr'><strong>principia</strong></span> <span class='ocrx_word' id='word_1_585' title='bbox 1538 2779 1654 2824; x_wconf 89' lang='lat' dir='ltr'><strong>prima</strong></span> <span class='ocrx_word' id='word_1_586' title='bbox 1677 2778 1872 2824; x_wconf 86' lang='lat' dir='ltr'><strong>figurarum</strong></span> <span class='ocrx_word' id='word_1_587' title='bbox 1898 2779 1947 2815; x_wconf 89' lang='lat' dir='ltr'><strong>ef-</strong></span> 
     </span>
    </p>
   </div>
   <div class='ocr_carea' id='block_1_7' title="bbox 151 2872 1948 3118">
    <p class='ocr_par' dir='ltr' id='par_1_9' title="bbox 151 2872 1944 2943">
     <span class='ocr_line' id='line_1_52' title="bbox 250 2872 1944 2908; baseline -0.002 -6"><span class='ocrx_word' id='word_1_588' title='bbox 250 2876 284 2908; x_wconf 69' lang='grc'><strong>411’)</strong></span> <span class='ocrx_word' id='word_1_589' title='bbox 305 2876 440 2902; x_wconf 75' lang='lat' dir='ltr'><strong>Animam</strong></span> <span class='ocrx_word' id='word_1_590' title='bbox 451 2876 499 2902; x_wconf 79' lang='lat' dir='ltr'><strong>hic</strong></span> <span class='ocrx_word' id='word_1_591' title='bbox 509 2875 653 2906; x_wconf 78' lang='lat' dir='ltr'><strong>intelligit</strong></span> <span class='ocrx_word' id='word_1_592' title='bbox 663 2873 763 2899; x_wconf 80' lang='lat' dir='ltr'><strong>mundi</strong></span> <span class='ocrx_word' id='word_1_593' title='bbox 773 2873 942 2905; x_wconf 72' lang='lat' dir='ltr'><strong>praecipue</strong></span> <span class='ocrx_word' id='word_1_594' title='bbox 965 2873 1057 2898; x_wconf 82' lang='lat' dir='ltr'><strong>Deum</strong></span> <span class='ocrx_word' id='word_1_595' title='bbox 1072 2874 1202 2898; x_wconf 85' lang='lat' dir='ltr'><strong>creatum</strong></span> <span class='ocrx_word' id='word_1_596' title='bbox 1211 2873 1363 2906; x_wconf 73' lang='lat' dir='ltr'><strong>Platonis3</strong></span> <span class='ocrx_word' id='word_1_597' title='bbox 1382 2874 1510 2899; x_wconf 82' lang='lat' dir='ltr'><strong>mentem</strong></span> <span class='ocrx_word' id='word_1_598' title='bbox 1522 2880 1605 2904; x_wconf 84' lang='lat' dir='ltr'><strong>vero,</strong></span> <span class='ocrx_word' id='word_1_599' title='bbox 1627 2880 1713 2905; x_wconf 82' lang='lat' dir='ltr'><strong>quam</strong></span> <span class='ocrx_word' id='word_1_600' title='bbox 1727 2872 1890 2899; x_wconf 82' lang='lat' dir='ltr'><strong>Christiani</strong></span> <span class='ocrx_word' id='word_1_601' title='bbox 1902 2872 1944 2898; x_wconf 79' lang='lat' dir='ltr'><strong>‹n-</strong></span> 
     </span>
     <span class='ocr_line' id='line_1_53' title="bbox 151 2907 1946 2951; baseline -0.001 -15"><span class='ocrx_word' id='word_1_602' title='bbox 151 2913 269 2937; x_wconf 83' lang='lat' dir='ltr'><strong>cerent&#39;</strong></span> <span class='ocrx_word' id='word_1_603' title='bbox 262 2919 360 2943; x_wconf 84' lang='lat' dir='ltr'><strong>ipsum</strong></span> <span class='ocrx_word' id='word_1_604' title='bbox 370 2912 465 2936; x_wconf 83' lang='lat' dir='ltr'><strong>Deum</strong></span> <span class='ocrx_word' id='word_1_605' title='bbox 477 2911 656 2941; x_wconf 83' lang='lat' dir='ltr'><strong>Creatorem,</strong></span> <span class='ocrx_word' id='word_1_606' title='bbox 669 2910 751 2951; x_wconf 65' lang='lat' dir='ltr'><strong>enjus</strong></span> <span class='ocrx_word' id='word_1_607' title='bbox 765 2910 931 2939; x_wconf 64' lang='lat' dir='ltr'><strong>imagineas</strong></span> <span class='ocrx_word' id='word_1_608' title='bbox 919 2910 988 2933; x_wconf 68' lang='lat' dir='ltr'><strong>suut</strong></span> <span class='ocrx_word' id='word_1_609' title='bbox 999 2915 1098 2933; x_wconf 83' lang='lat' dir='ltr'><strong>omnes</strong></span> <span class='ocrx_word' id='word_1_610' title='bbox 1113 2909 1225 2934; x_wconf 78' lang='lat' dir='ltr'><strong>animae</strong></span> <span class='ocrx_word' id='word_1_611' title='bbox 1237 2911 1363 2939; x_wconf 79' lang='lat' dir='ltr'><strong>creatae,</strong></span> <span class='ocrx_word' id='word_1_612' title='bbox 1377 2908 1550 2940; x_wconf 82' lang='lat' dir='ltr'><strong>corporibus</strong></span> <span class='ocrx_word' id='word_1_613' title='bbox 1562 2908 1748 2934; x_wconf 80' lang='lat' dir='ltr'><strong>vivificandis</strong></span> <span class='ocrx_word' id='word_1_614' title='bbox 1765 2907 1946 2940; x_wconf 18' lang='lat' dir='ltr'><strong>plwnetectne</strong></span> 
     </span>
    </p>

    <p class='ocr_par' dir='ltr' id='par_1_10' title="bbox 155 2942 1944 3009">
     <span class='ocr_line' id='line_1_54' title="bbox 253 2942 1944 2977; baseline -0.002 -5"><span class='ocrx_word' id='word_1_615' title='bbox 253 2946 304 2977; x_wconf 63' lang='grc' dir='ltr'><strong>Μ)</strong></span> <span class='ocrx_word' id='word_1_616' title='bbox 325 2946 503 2972; x_wconf 78' lang='lat' dir='ltr'><strong>Christianis</strong></span> <span class='ocrx_word' id='word_1_617' title='bbox 524 2948 553 2971; x_wconf 88' lang='lat' dir='ltr'><strong>et</strong></span> <span class='ocrx_word' id='word_1_618' title='bbox 575 2947 644 2970; x_wconf 75' lang='lat' dir='ltr'><strong>sunt</strong></span> <span class='ocrx_word' id='word_1_619' title='bbox 664 2945 776 2969; x_wconf 75' lang='lat' dir='ltr'><strong>animae</strong></span> <span class='ocrx_word' id='word_1_620' title='bbox 801 2943 980 2974; x_wconf 61' lang='lat' dir='ltr'><strong>exempl-iria</strong></span> <span class='ocrx_word' id='word_1_621' title='bbox 1000 2942 1165 2973; x_wconf 78' lang='lat' dir='ltr'><strong>Creatoris,</strong></span> <span class='ocrx_word' id='word_1_622' title='bbox 1194 2946 1224 2969; x_wconf 85' lang='lat' dir='ltr'><strong>et</strong></span> <span class='ocrx_word' id='word_1_623' title='bbox 1251 2945 1460 2970; x_wconf 80' lang='lat' dir='ltr'><strong>sustentantur</strong></span> <span class='ocrx_word' id='word_1_624' title='bbox 1478 2944 1637 2968; x_wconf 77' lang='lat' dir='ltr'><strong>etiamnum</strong></span> <span class='ocrx_word' id='word_1_625' title='bbox 1656 2943 1692 2968; x_wconf 77' lang='lat' dir='ltr'><strong>ab</strong></span> <span class='ocrx_word' id='word_1_626' title='bbox 1711 2943 1762 2967; x_wconf 84' lang='lat' dir='ltr'><strong>ille</strong></span> <span class='ocrx_word' id='word_1_627' title='bbox 1784 2950 1836 2974; x_wconf 78' lang='lat' dir='ltr'><strong>pe!</strong></span> <span class='ocrx_word' id='word_1_628' title='bbox 1855 2950 1944 2975; x_wconf 76' lang='lat' dir='ltr'><strong>quan-</strong></span> 
     </span>
     <span class='ocr_line' id='line_1_55' title="bbox 155 2979 954 3009; baseline -0.005 -4"><span class='ocrx_word' id='word_1_629' title='bbox 155 2980 219 3005; x_wconf 78' lang='lat' dir='ltr'><strong>dam</strong></span> <span class='ocrx_word' id='word_1_630' title='bbox 238 2982 322 3006; x_wconf 87' lang='lat' dir='ltr'><strong>velut</strong></span> <span class='ocrx_word' id='word_1_631' title='bbox 340 2981 560 3006; x_wconf 80' lang='lat' dir='ltr'><strong>irradiationem</strong></span> <span class='ocrx_word' id='word_1_632' title='bbox 580 2982 682 3006; x_wconf 76' lang='lat' dir='ltr'><strong>vultus</strong></span> <span class='ocrx_word' id='word_1_633' title='bbox 702 2979 794 3004; x_wconf 85' lang='lat' dir='ltr'><strong>divini</strong></span> <span class='ocrx_word' id='word_1_634' title='bbox 813 2979 841 3003; x_wconf 91' lang='lat' dir='ltr'><strong>in</strong></span> <span class='ocrx_word' id='word_1_635' title='bbox 862 2979 954 3009; x_wconf 74' lang='lat' dir='ltr'><strong>ipsas</strong></span> 
     </span>
    </p>

    <p class='ocr_par' dir='ltr' id='par_1_11' title="bbox 152 3011 1948 3118">
     <span class='ocr_line' id='line_1_56' title="bbox 254 3011 1948 3047; baseline -0.002 -6"><span class='ocrx_word' id='word_1_636' title='bbox 254 3016 326 3046; x_wconf 54' lang='grc' dir='ltr'><strong>ΜΗ(Ἴ</strong></span> <span class='ocrx_word' id='word_1_637' title='bbox 344 3017 378 3041; x_wconf 91' lang='lat' dir='ltr'><strong>In</strong></span> <span class='ocrx_word' id='word_1_638' title='bbox 399 3016 538 3043; x_wconf 83' lang='lat' dir='ltr'><strong>Timaeo</strong></span> <span class='ocrx_word' id='word_1_639' title='bbox 569 3016 619 3047; x_wconf 84' lang='lat' dir='ltr'><strong>qui</strong></span> <span class='ocrx_word' id='word_1_640' title='bbox 639 3017 684 3040; x_wconf 86' lang='lat' dir='ltr'><strong>est</strong></span> <span class='ocrx_word' id='word_1_641' title='bbox 704 3014 778 3039; x_wconf 83' lang='lat' dir='ltr'><strong>citra</strong></span> <span class='ocrx_word' id='word_1_642' title='bbox 797 3020 908 3038; x_wconf 79' lang='lat' dir='ltr'><strong>omnem</strong></span> <span class='ocrx_word' id='word_1_643' title='bbox 929 3012 1121 3038; x_wconf 81' lang='lat' dir='ltr'><strong>dubitationis</strong></span> <span class='ocrx_word' id='word_1_644' title='bbox 1154 3014 1247 3039; x_wconf 82' lang='lat' dir='ltr'><strong>aleam</strong></span> <span class='ocrx_word' id='word_1_645' title='bbox 1271 3014 1498 3040; x_wconf 78' lang='lat' dir='ltr'><strong>commentarius</strong></span> <span class='ocrx_word' id='word_1_646' title='bbox 1523 3011 1640 3044; x_wconf 80' lang='lat' dir='ltr'><strong>quidam</strong></span> <span class='ocrx_word' id='word_1_647' title='bbox 1668 3013 1696 3037; x_wconf 88' lang='lat' dir='ltr'><strong>in</strong></span> <span class='ocrx_word' id='word_1_648' title='bbox 1716 3013 1838 3044; x_wconf 79' lang='lat' dir='ltr'><strong>primum</strong></span> <span class='ocrx_word' id='word_1_649' title='bbox 1857 3014 1948 3044; x_wconf 74' lang='lat' dir='ltr'><strong>caput</strong></span> 
     </span>
     <span class='ocr_line' id='line_1_57' title="bbox 152 3047 1946 3081; baseline -0.002 -5"><span class='ocrx_word' id='word_1_650' title='bbox 152 3049 305 3075; x_wconf 83' lang='lat' dir='ltr'><strong>Geneseos</strong></span> <span class='ocrx_word' id='word_1_651' title='bbox 326 3058 379 3076; x_wconf 83' lang='lat' dir='ltr'><strong>seu</strong></span> <span class='ocrx_word' id='word_1_652' title='bbox 399 3051 465 3076; x_wconf 87' lang='lat' dir='ltr'><strong>libri</strong></span> <span class='ocrx_word' id='word_1_653' title='bbox 485 3051 508 3075; x_wconf 88' lang='lat'><strong>1.</strong></span> <span class='ocrx_word' id='word_1_654' title='bbox 530 3050 641 3081; x_wconf 75' lang='lat' dir='ltr'><strong>Mosis,</strong></span> <span class='ocrx_word' id='word_1_655' title='bbox 672 3048 882 3074; x_wconf 77' lang='lat' dir='ltr'><strong>transformans</strong></span> <span class='ocrx_word' id='word_1_656' title='bbox 903 3048 985 3072; x_wconf 88' lang='lat' dir='ltr'><strong>illum</strong></span> <span class='ocrx_word' id='word_1_657' title='bbox 1003 3047 1033 3072; x_wconf 88' lang='lat' dir='ltr'><strong>in</strong></span> <span class='ocrx_word' id='word_1_658' title='bbox 1052 3048 1268 3080; x_wconf 85' lang='lat' dir='ltr'><strong>philosophiam</strong></span> <span class='ocrx_word' id='word_1_659' title='bbox 1287 3049 1530 3081; x_wconf 75' lang='lat' dir='ltr'><strong>Pythagoricum,</strong></span> <span class='ocrx_word' id='word_1_660' title='bbox 1563 3048 1594 3071; x_wconf 86' lang='lat' dir='ltr'><strong>nt</strong></span> <span class='ocrx_word' id='word_1_661' title='bbox 1614 3047 1700 3073; x_wconf 82' lang='lat' dir='ltr'><strong>facile</strong></span> <span class='ocrx_word' id='word_1_662' title='bbox 1727 3049 1812 3080; x_wconf 75' lang='lat' dir='ltr'><strong>patet</strong></span> <span class='ocrx_word' id='word_1_663' title='bbox 1830 3049 1946 3073; x_wconf 68' lang='lat' dir='ltr'><strong>attente</strong></span> 
     </span>
     <span class='ocr_line' id='line_1_58' title="bbox 152 3082 994 3118; baseline -0.002 -8"><span class='ocrx_word' id='word_1_664' title='bbox 152 3085 267 3117; x_wconf 81' lang='lat' dir='ltr'><strong>legenti</strong></span> <span class='ocrx_word' id='word_1_665' title='bbox 287 3087 317 3110; x_wconf 79' lang='lat' dir='ltr'><strong>et</strong></span> <span class='ocrx_word' id='word_1_666' title='bbox 336 3086 426 3111; x_wconf 80' lang='lat' dir='ltr'><strong>verba</strong></span> <span class='ocrx_word' id='word_1_667' title='bbox 444 3086 510 3118; x_wconf 80' lang='lat' dir='ltr'><strong>ipsa</strong></span> <span class='ocrx_word' id='word_1_668' title='bbox 527 3085 620 3110; x_wconf 77' lang='lat' dir='ltr'><strong>mosis</strong></span> <span class='ocrx_word' id='word_1_669' title='bbox 640 3083 799 3111; x_wconf 83' lang='lat' dir='ltr'><strong>identidem</strong></span> <span class='ocrx_word' id='word_1_670' title='bbox 820 3082 994 3110; x_wconf 79' lang='lat' dir='ltr'><strong>conferenti·</strong></span> 
     </span>
    </p>
   </div>
  </div>
 </body>
</html>
