1994 3276
125 51 207 92 362
699 106 707 118 ι
805 48 1007 88 Ptolemaei
1027 49 1235 88 Harmonia.

1458 131 1469 151 Ι

112 163 323 213 sonantias)
347 175 446 213 esse,
481 169 519 202 et
541 166 734 204 coelestem
759 169 932 214 animam,
967 172 1039 213 qua
1063 168 1241 205 animatur
1265 167 1496 215 universitas,
1521 169 1695 215 originem
1718 180 1764 207 ex
1786 169 1924 209 mimica

119 220 302 256 sumsisse.

235 273 294 310 Ita
319 274 427 310 etiam
452 273 599 309 Timaeo
622 274 830 311 harmoniae
854 280 891 311 et
915 275 1033 311 anima
1057 275 1181 310 mundi
1207 284 1251 310 ex
1276 274 1403 310 eadem
1420 254 1651 312 numerorum
1668 275 1804 320 origine
1828 281 1922 314 sunt.

120 326 175 361 De
207 327 334 363 animis
364 338 448 363 vero
475 327 604 363 ceteris
629 327 798 363 Timaeus
828 328 898 364 iste
922 339 995 363 non
1021 327 1137 363 minus
1164 338 1244 362 cum
1269 327 1439 362 Hermete
1472 328 1614 364 videtur
1637 328 1792 374 sentire,
1826 328 1924 374 quod

119 376 315 415 creatorem
340 380 457 415 Deum
480 379 696 426 introduxit,
732 381 894 417 infinitos
920 381 1118 417 animarum
1144 380 1340 424 exercituS‚
1371 391 1417 416 ex
1440 380 1504 417 illa
1529 391 1759 423 numerorum
1781 381 1922 417 harmo-

119 430 282 467 nicorum
305 442 424 468 massa
447 431 582 477 factos,
615 432 891 469 distribuentem
914 434 1007 468 inter
1031 428 1197 478 planetas
1232 438 1268 468 et
1293 432 1418 469 stellas
1441 434 1552 479 fixas,
1583 434 1683 471 velut
1704 435 1743 471 in
1767 435 1924 480 quodam

115 484 376 530 reconditorio,
414 484 510 520 unde
533 484 617 519 illae
654 484 729 520 suis
754 485 920 532 singulae
945 485 1169 530 temporibus
1193 485 1230 520 in
1256 496 1410 531 corpora
1434 488 1669 524 animantium
1694 488 1922 527 demitteren-

116 542 186 574 tur.
236 539 308 574 Cur
331 539 383 573 ita
408 547 584 582 censeam,
609 538 701 573 haec
725 549 807 574 cum
830 539 1046 575 Hermeticis
1071 539 1275 584 convenire,
1301 549 1411 576 causa
1436 545 1502 585 est,
1527 541 1624 586 quod
1648 552 1729 577 cum
1752 540 1923 586 planetae

118 594 257 636 septem
282 591 570 638 celebrarentur,
604 591 759 626 fixarum
784 592 939 636 sphaera
964 596 1109 631 octava.
1139 591 1308 629 Timaeus
1338 591 1449 637 igitur
1482 593 1706 628 octonarium
1732 592 1922 636 quendam,

116 653 189 678 non
214 644 448 690 abstractum,
474 644 539 680 sed
563 647 772 679 concretum
797 645 962 690 sphaeris
990 644 1181 680 mundanis
1208 643 1373 689 designat
1390 644 1589 680 animarum
1603 644 1820 680 habitaculis
1838 649 1922 680 ante

116 696 379 732 immersionem
405 707 527 732 earum
550 697 586 731 in
613 706 786 742 corpora3
808 698 884 742 jam
910 708 994 732 vero
1021 701 1057 732 et
1080 695 1261 731 Hermetis
1287 694 1487 740 discipulus
1510 695 1718 742 profitetur,
1744 706 1783 731 se
1806 696 1922 741 prius-

123 758 230 792 quam
265 753 478 785 nasceretur
512 749 624 786 fuisse
661 752 698 787 in
733 750 929 785 octonario.
978 749 1187 784 Macrobius
1223 749 1386 794 quidem,
1423 748 1608 794 explicans
1632 749 1722 785 illud
1747 749 1923 795 Scipionis

118 801 342 837 Ciceroniani
377 802 482 838 »hinc
514 804 688 850 profecti,
724 803 798 839 huc
827 806 1101 846 revertuntur«,
1138 801 1230 836 haec
1263 800 1383 837 omnia
1416 800 1549 838 clarius
1587 806 1625 838 et
1656 801 1773 838 fusius
1808 801 1922 847 expli-

116 859 185 890 cat.
232 854 283 890 Et
313 855 438 891 mundi
471 856 614 900 quidem
649 858 803 893 animam
833 855 971 892 fontem
1004 854 1165 900 appellat
1200 853 1399 889 animarum
1432 857 1468 888 et
1501 853 1682 899 quomodo
1716 854 1764 889 sit
1794 852 1921 888 animis

75 945 77 950 ,
115 907 361 943 habitaculum
390 908 426 943 in
452 909 510 944 via
534 910 668 955 lactea,
701 914 895 954 antequam
928 908 966 942 in
998 917 1152 952 corpora
1186 906 1278 942 velle
1309 906 1443 942 reverti
1466 906 1661 953 incipiant,
1693 906 1852 953 explicat
1875 916 1921 941 ex

115 959 338 1006 Pythagora,
360 966 400 996 et
423 972 516 1006 quae
541 963 654 998 series
681 963 728 998 sit
757 961 958 997 descensus
984 970 1107 994 earum
1131 969 1197 1004 per
1222 957 1340 1003 signa,
1364 958 1465 994 initio
1489 958 1587 995 facto
1613 969 1635 995 a
1659 959 1815 1005 Cancro,
1840 969 1920 1004 per-

116 1012 185 1055 q1'1e
218 1012 394 1056 sphaeras
427 1023 568 1060 omnes,
604 1019 641 1050 et
672 1012 852 1059 quomodo
884 1022 949 1057 per
979 1022 1146 1047 numeros
1179 1009 1408 1046 harmonicos
1438 1011 1593 1047 innexae
1618 1011 1847 1057 corporibus,
1878 1012 1922 1048 iis

116 1064 273 1100 numeris
305 1065 517 1103 disturbatis
551 1068 737 1104 solvantur
768 1065 968 1109 eodemque
992 1065 1158 1109 redeant,
1188 1063 1285 1099 unde
1315 1063 1501 1108 profectae
1526 1069 1621 1100 sunt.
1669 1064 1772 1101 Idem
1801 1068 1923 1101 tamen

114 1115 296 1153 Hermetis
319 1128 393 1153 non
416 1120 587 1164 meminit,
614 1131 695 1156 cum
719 1118 855 1155 Plotini
880 1123 915 1153 et
939 1118 1108 1155 Numenii
1132 1122 1169 1153 et
1189 1116 1381 1163 Porphyrii
1406 1121 1683 1163 ceterorumque
1706 1117 1923 1160 meminerit;

115 1167 285 1205 videntur
307 1170 416 1214 igitur
441 1173 628 1208 coaetanei
652 1173 776 1208 fuisse.
825 1172 906 1217 Ego
923 1171 992 1206 nisi
1008 1176 1135 1207 auctor
1160 1181 1278 1207 essem
1300 1171 1379 1216 ipse
1397 1171 1526 1216 capitis
1545 1172 1600 1216 10,
1626 1171 1723 1216 quod
1741 1171 1923 1218 epilogum

114 1221 201 1258 facit
224 1223 307 1259 libri
330 1225 401 1259 mei
424 1225 467 1261 V.
493 1226 804 1269 Harmon5corum,
831 1230 867 1259 et
892 1224 961 1259 nisi
985 1234 1042 1259 me
1068 1224 1169 1268 prius
1187 1223 1277 1258 illud
1294 1223 1482 1268 scripsisse
1495 1223 1634 1268 liquido
1650 1223 1792 1269 scirem,
1815 1235 1923 1270 quarn

113 1274 220 1310 istam
243 1275 543 1322 philosophorum
567 1279 661 1314 inter
687 1289 726 1314 se
751 1276 982 1314 collationem
1005 1275 1244 1320 instituerem,
1265 1275 1449 1321 jurassim,
1474 1276 1526 1314 ibi
1542 1276 1673 1321 corrigi
1695 1276 1790 1311 hanc
1805 1275 1922 1321 philo·
1945 1278 1949 1286 ’

115 1327 278 1372 sophiam
311 1330 521 1375 animasque
552 1343 624 1367 non
651 1329 935 1367 disseminandas
970 1330 1064 1364 inter
1096 1329 1262 1374 planetas
1293 1332 1330 1364 et
1355 1329 1478 1365 stellas
1508 1329 1618 1374 fixas,
1649 1328 1715 1371 sed
1739 1330 1921 1373 cogendas

113 1380 151 1415 in
174 1380 288 1416 fixum
312 1382 349 1417 in
373 1384 508 1427 gremio
531 1385 656 1420 mundi
682 1384 775 1420 Solis
801 1382 966 1427 globum,
998 1381 1214 1426 interimque
1240 1382 1323 1417 dum
1339 1387 1588 1429 ,corporentur
1611 1381 1813 1428 pascendas
1837 1382 1921 1418 har-

113 1432 242 1468 moniis
265 1439 438 1481 motuum,
471 1447 515 1471 ex
549 1437 705 1482 planetis
739 1435 904 1472 omuibus
937 1435 974 1470 in
999 1435 1130 1471 Solem.
1149 1434 1393 1479 illabentium,
1431 1435 1572 1471 occulte
1602 1434 1788 1472 insinuari.
1839 1434 1921 1474 Huc

115 1485 209 1520 enim
233 1486 337 1522 valde
359 1488 601 1533 plausibiliter
626 1490 831 1526 traheretur
855 1487 1095 1534 hymnus,ille
1118 1487 1250 1531 Procli,
1277 1498 1322 1522 ex
1347 1487 1474 1523 eodem
1501 1499 1550 1524 sc.
1576 1500 1674 1535 penu
1697 1491 1920 1538 depromtus,

116 1550 197 1574 cum
221 1539 428 1575 Platonicus
462 1546 497 1576 et
522 1541 784 1588 Pythagoricus
810 1540 921 1576 fuerit
946 1540 1202 1586 philosophus,
1236 1539 1273 1574 in
1299 1551 1370 1584 quo
1394 1541 1544 1586 hymno,
1580 1546 1774 1590 postquam
1800 1543 1919 1580 Solem

115 1591 354 1637 philosophus
380 1593 575 1629 salutasset
599 1605 722 1641 regem
745 1596 842 1642 ignis
866 1595 1033 1630 mentalis
1058 1598 1093 1628 et
1119 1593 1302 1628 dominum
1326 1594 1460 1638 vivifici
1480 1595 1612 1640 fontis,
1638 1595 1826 1643 eidemque
1851 1596 1920 1632 cla-

116 1656 178 1681 ves
203 1645 249 1681 ad
273 1645 426 1680 mundos
451 1646 675 1691 materiales,
712 1647 807 1683 vitae
833 1659 882 1683 sc.
909 1648 1062 1692 indigos,
1089 1646 1322 1689 credidisset,
1359 1645 1480 1681 subdit
1505 1646 1602 1683 hunc
1631 1658 1791 1684 versum:
1823 1649 1922 1693 Τψο-
1982 1642 1994 1675 —s'

113 1703 180 1734 θεν
197 1699 364 1741 ἁρμονὼις
389 1699 482 1745 ῥυμα
498 1699 663 1735 πλούσιον
687 1701 888 1745 ἑξοχετευων
903 1729 911 1747 ,
937 1700 1155 1744 intelligens,
1181 1699 1218 1734 ni
1237 1699 1344 1735 fallor
1355 1727 1364 1743 ,
1391 1700 1591 1736 animarum
1606 1701 1742 1737 rivulos
1758 1712 1824 1748 per
1839 1702 1921 1738 har·

115 1752 271 1787 moniam
305 1751 343 1787 in
374 1752 584 1789 sublunaria
616 1753 838 1798 defluentes,
873 1754 918 1790 de
949 1753 1079 1799 quibus
1105 1752 1298 1797 Virgilius,
1337 1762 1383 1788 ex
1417 1752 1543 1788 eadem
1573 1764 1623 1790 sc.
1648 1753 1776 1791 Italica
1804 1755 1918 1803 philo-

116 1804 261 1850 sophia,
287 1809 327 1840 ut
351 1804 566 1841 Aristoteles
592 1806 772 1852 appellat,

868 1886 1110 1894 .....
1159 1870 1259 1895 mens
1283 1859 1401 1905 ayitat
1425 1858 1552 1894 molem

437 1911 532 1946 Inde
555 1912 743 1947 hominum
761 1912 1011 1959 pecudumque
1033 1923 1163 1959 yenus,
1189 1912 1353 1957 vitaeque
1377 1911 1564 1946 volantum

437 1963 575 2008 aneus
600 1968 651 1999 est
675 1964 748 2000 illis
771 1965 875 2011 viqor
899 1968 933 2000 et
957 1964 1119 2001 eoelestis
1145 1964 1247 2009 oriyo

441 2014 660 2051 Seminibus.

232 2077 372 2113 Eodem
395 2078 530 2114 referet
553 2079 766 2125 Apollinem,
792 2079 943 2124 cythara
965 2079 1184 2115 mulcentem
1209 2080 1410 2114 saevientes
1434 2081 1704 2124 tempestuosae
1733 2081 1920 2126 geniturae
1970 2075 1980 2088 ’ί

116 2129 262 2174 fluctus;
287 2135 323 2167 et
340 2142 478 2176 paeana
496 2142 542 2167 ex
560 2132 685 2167 eodem
701 2132 840 2167 Titanis
859 2137 895 2167 et
911 2132 1049 2167 Phoebi
1067 2132 1247 2176 sodalitio,
1267 2132 1327 2176 qui
1343 2131 1476 2167 viribus
1500 2137 1537 2168 et
1553 2133 1704 2169 victoria
1719 2134 1918 2179 exsultans,

116 2183 265 2228 impleat
287 2185 501 2220 harmoniae
523 2189 667 2220 vastum
692 2185 880 2221 dulcedaene
904 2186 1097 2229 mundum,
1125 2196 1229 2229 quae,
1256 2185 1418 2229 quamvis
1442 2186 1597 2230 poetica,
1624 2186 1776 2230 Proclus
1799 2191 1921 2222 tamen
1974 2211 1980 2219 f

117 2236 354 2295 philosophus
387 2237 433 2273 ad
458 2237 644 2273 victoriam
668 2237 896 2272 animationis
928 2237 1058 2281 trahit,
1095 2248 1167 2282 qua
1190 2237 1342 2282 factum,
1374 2243 1416 2272 ut
1447 2238 1650 2274 contumaci
1678 2239 1829 2275 materia
1840 2230 1919 2276 sub

113 2289 241 2335 jugum
266 2290 492 2326 informantis
517 2290 657 2326 animae
681 2290 807 2335 missa,
833 2296 1028 2326 concentus
1055 2291 1229 2325 existeret
1250 2290 1437 2326 suavitatis
1461 2291 1668 2333 ineffabilis,
1702 2302 1747 2327 ex
1771 2296 1921 2330 naturae
1964 2287 1977 2338 ᾖ

118 2343 256 2379 scilicet
279 2355 386 2379 cursu
410 2355 483 2380 non
506 2343 689 2388 impedito.
716 2343 832 2394 ‘Sunt
857 2348 977 2378 autem
1003 2343 1121 2377 omnia
1144 2342 1359 2378 Hermetica.
1391 2343 1499 2378 »Nam
1516 2343 1744 2380 Poemander
1771 2345 1920 2381 eandem
1963 2340 1970 2348 ³

120 2396 335 2431 suavitatem
359 2396 647 2441 repraesentavit
669 2395 824 2439 imagine
850 2395 967 2431 coitus
993 2395 1124 2430 mentis
1149 2407 1229 2431 cum
1247 2400 1389 2431 natura.
1437 2395 1523 2431 Fuit
1549 2401 1586 2430 et
1603 2396 1809 2434 Aristotelis
1833 2403 1922 2435 tem-

118 2459 205 2493 pore
230 2453 331 2484 secta
354 2449 676 2494 philosophorum,
709 2459 803 2493 quae
829 2447 983 2482 animam
1009 2447 1098 2482 dixit
1123 2458 1203 2483 esse
1226 2448 1460 2494 harmoniam,
1496 2449 1670 2485 definiens
1701 2450 1921 2488 harmoniam
1960 2469 1964 2477 2

122 2502 489 2546 contemperationem
515 2507 551 2536 et
576 2501 875 2546 compositionem
901 2498 1181 2544 contrariorum,
1207 2505 1248 2535 ut
1274 2505 1329 2535 est
1353 2500 1445 2536 libro
1470 2502 1498 2537 Ι.
1524 2501 1568 2537 de
1590 2502 1730 2538 Anima.
1960 2507 1962 2509 ’

235 2553 335 2589 Haec
366 2554 477 2598 igitur
511 2553 753 2599 Pythagorica
785 2552 1019 2597 philosophia
1052 2551 1095 2586 de
1130 2553 1248 2587 anima
1280 2564 1361 2588 cum
1392 2564 1465 2588 non
1499 2553 1682 2590 videretur
1712 2553 1920 2591 Ptolemaeo
1955 2560 1958 2563 '

119 2605 289 2651 causalis,
327 2605 525 2641 absurdum
556 2605 624 2640 hoc
649 2604 805 2648 habens,
843 2604 940 2647 quod
970 2603 1109 2638 numeri
1139 2604 1311 2640 abstracti
1346 2610 1391 2649 et,
1416 2605 1626 2641 harmoniae
1661 2605 1922 2651 subjicerentur
1959 2649 1962 2651 ‚

122 2659 262 2694 animae
286 2670 352 2703 pro
378 2658 552 2702 essentia,
578 2668 659 2693 cum
683 2662 804 2692 tamen
829 2655 1017 2691 harmonia
1042 2655 1089 2690 sit
1112 2656 1192 2701 ipsa
1216 2658 1366 2694 aliorum
1392 2658 1608 2704 aliquorum,
1642 2664 1732 2703 puta
1755 2659 1921 2696 termino-

118 2723 198 2747 rum
222 2711 425 2757 quantitate
458 2710 716 2754 inaequalium,
759 2718 883 2743 eorum
908 2718 955 2743 sc
982 2708 1075 2743 inter
1099 2718 1137 2742 se
1162 2710 1441 2755 compositorum
1473 2710 1600 2746 relatio
1635 2721 1699 2748 seu
1724 2711 1919 2758 proportio,

120 2764 238 2798 anima
274 2774 358 2799 vero
390 2770 507 2808 neque
536 2762 617 2807 ipsa
654 2760 889 2797 terminorum
922 2759 1192 2804 (elementorum
1225 2764 1408 2808 corporis)
1442 2763 1651 2808 compositio
1682 2765 1798 2808 possit
1829 2774 1919 2813 esse,
1949 2778 1950 2782 ¹
1983 2779 1987 2783 -

120 2825 236 2859 neque
260 2815 405 2850 illorum
429 2814 627 2860 proportio,
654 2811 1088 2856 essentialite1,inquam,
1115 2813 1166 2849 sic
1191 2820 1231 2850 ut
1256 2815 1461 2851 differentes
1479 2825 1537 2850 res
1562 2815 1634 2851 sint
1659 2821 1696 2851 et
1708 2816 1780 2851 ab
1769 2816 1918 2853 invicem

122 2867 312 2912 discretae,
344 2868 429 2904 hinc
452 2867 594 2903 termini
619 2865 829 2910 comparati,
853 2863 936 2899 inde
961 2863 1090 2899 anima.
1139 2866 1368 2902 Ptolemaeus
1395 2868 1504 2912 igitur
1538 2867 1743 2905 harmonias
1762 2879 1832 2914 per
1853 2880 1918 2904 nu-

125 2931 241 2955 meros
268 2921 414 2965 quidem
439 2925 475 2956 et
499 2921 577 2965 ipse
603 2920 745 2964 format,
771 2918 823 2953 sic
847 2927 930 2952 vero
955 2916 1127 2953 formatas
1154 2929 1226 2954 ιιοιι
1251 2920 1444 2955 essentiam
1467 2919 1555 2954 facit
1579 2921 1734 2966 animae,
1759 2919 1823 2956 sed
1847 2920 1918 2955 sal-

129 2976 200 3006 tem
226 2973 494 3009 similitudinem
521 2977 557 3007 et
581 2969 871 3011 conformationis
897 2970 1054 3005 rationes
1081 2971 1247 3017 utrinque
1273 2978 1452 3018 cognatas.

238 3025 328 3059 Mihi
353 3034 464 3062 causa
489 3024 664 3060 valentior
689 3028 744 3060 est
768 3022 1010 3067 distinguendi
1034 3022 1128 3060 inter
1151 3024 1357 3061 harmonias
1380 3024 1478 3070 ipsas
1491 3035 1612 3061 rerum
1637 3022 1785 3060 sensiles
1809 3021 1917 3059 inter-
1975 3020 1979 3028 '

1357 3164 1372 3171 s
