1988 3276
142 162 198 201 20
633 155 821 203 Epistolae
843 155 988 202 Kepleri
1010 155 1233 202 aliorumque
1255 159 1401 192 mutuae

279 276 355 308 Jam
380 277 572 317 postquam,
606 284 689 316 quae
712 275 873 316 Keplerus
896 276 991 307 libris
1013 276 1264 316 insequentibus
1287 274 1490 318 suppeditat,
1521 281 1633 306 eorum
1658 274 1835 315 imaginem
1858 282 1916 307 ex-

144 323 283 364 primere
306 323 522 366 tentavimus,
555 320 719 363 reliquum
744 326 804 365 est,
832 326 870 354 ut
891 323 1087 363 referamus,
1119 332 1203 364 (1030
1224 323 1360 364 Kepleri
1383 319 1539 362 epistolae
1561 321 1603 354 ad
1625 320 1799 353 familiares
1824 321 1919 353 datae

144 372 329 402 memorant
353 369 392 401 de
417 369 546 410 studiis,
571 370 691 410 quibus
715 369 926 401 Harmoniam
957 379 1048 401 suam
1078 371 1293 410 praeparavit.
1341 367 1543 400 »Primordia
1564 368 1662 409 hujus
1685 368 1918 409 disputationis

143 415 277 448 subtilis
302 419 336 448 et
360 417 548 448 abstrusae«
575 416 785 447 exhibuimus
809 415 883 448 Vol.
907 417 932 450 Ι,
957 426 992 457 Ρ.
1021 414 1083 450 197
1109 426 1150 448 55.
1181 417 1216 448 in
1247 416 1350 447 literis
1373 414 1508 455 Kepleri
1535 414 1578 446 ad
1600 413 1808 447 Maestlinum
1831 424 1917 447 anno

141 461 245 498 1599.
271 463 371 507 datis,
406 462 524 494 deinde
554 462 680 494 ibidem
710 472 742 503 p.
767 461 835 497 203
870 467 902 495 et
924 461 991 498 369
1016 473 1059 497 ss
1090 463 1320 517 proposuimus
1353 463 1463 494 literas
1493 459 1628 502 Kepleri
1660 461 1702 493 ad
1732 462 1918 503 Principem

141 509 368 553 Anhaltinum,
392 507 537 549 Anglum
560 509 759 563 Haydonum
783 513 816 541 et
838 510 1046 542 Joachimum
1070 510 1261 550 Tanckium,
1286 511 1333 541 sic
1355 508 1421 540 vol.
1445 509 1487 540 11.
1513 517 1548 549 p.
1573 506 1641 543 590
1663 517 1707 542 ss.
1731 508 1774 540 ad
1797 509 1919 549 Breng-
1975 504 1979 514 ⁴

139 566 267 600 gerum,
291 558 328 588 in
353 556 472 597 quibus
497 555 625 597 aliquot
648 557 743 588 annis
766 560 843 597 post
866 554 979 598 (1605,
999 555 1219 600 160731608)
1244 557 1286 590 de
1309 556 1427 588 studiis
1452 556 1520 587 suis
1539 554 1636 587 refert
1650 555 1692 588 ad
1708 555 1919 588 Harmoniam

140 603 397 645 pertinentibus.
453 603 578 634 Eodem
611 606 774 644 tempore,
812 612 876 644 quo
912 604 971 635 illa
1007 603 1047 635 de
1078 603 1258 635 Harmonia
1292 603 1334 635 ad
1367 602 1580 634 Maestlinum
1615 602 1760 644 scripsit,
1799 601 1920 638 similia

85 683 91 686 ,
139 651 354 682 Herwarto
385 650 571 691 nunciavit,
608 650 730 690 quiad
754 650 865 681 literas
890 650 1025 691 Kepleri
1049 650 1256 690 (deperditas)
1279 650 1358 681 11300
1382 648 1563 690 respondit:
1586 646 1622 682 S.
1645 648 1707 681 vir
1729 649 1918 681 clarissime.

141 695 251 730 Simul
269 699 368 737 atque
391 705 429 727 ex
446 697 563 727 itinere
581 695 713 728 domum
725 697 826 729 redeo
851 700 886 730 et
907 696 1019 729 literas
1042 699 1115 729 tuas
1139 695 1174 731 6.
1192 697 1276 737 Aug.
1297 697 1388 728 datas
1410 696 1547 736 reperio,
1570 695 1711 727 breviter
1722 695 1920 736 respondeo:

280 744 390 784 Tycho
415 743 521 774 Brahe
543 742 719 783 perlustrat
743 747 847 775 castra
874 745 1082 784 imperatoris
1115 745 1150 775 in
1174 744 1345 787 Bohemia,
1380 751 1536 784 quaerens
1563 741 1675 774 locum
1704 743 1919 783 commodum,

140 791 200 823 ubi
235 790 347 823 sedem
379 790 458 829 figat
489 793 521 821 et
552 791 834 822 observationibus
868 792 1063 823 coelestibus
1096 794 1203 834 vacet,
1238 790 1355 822 salario
1380 787 1470 824 3000
1482 787 1516 823 fl.
1547 798 1728 821 annuorum
1759 787 1920 828 (simodo

140 847 218 870 vera
242 840 291 869 est
314 836 415 877 fama)
441 837 482 867 ab
506 837 701 877 imperatore
724 838 760 868 in
785 838 955 870 servitium
985 841 1146 878 receptus,
1194 836 1307 869 Talem
1331 846 1390 876 ego
1419 836 1483 868 tibi
1512 835 1732 868 conditionem
1762 838 1919 878 optarem,

140 886 174 916 et
197 884 270 924 quis
295 884 400 926 novit,
425 883 506 923 quid
531 884 574 915 sit
596 884 631 914 in
655 883 756 915 fatis?
780 883 873 924 Quae
897 885 937 917 de
961 885 1140 916 Harmonia
1162 884 1289 926 mundi,
1313 893 1371 915 seu
1395 886 1555 915 concentu
1578 881 1600 917 7
1622 881 1837 925 planetarum,
1863 883 1922 923 qui

140 940 182 962 ex
205 931 372 972 distantiis
400 939 513 961 eorum
537 928 703 969 colligitur
726 929 779 962 vel
804 933 999 972 coarguitur,
1023 932 1194 973 scripsisti,
1219 941 1257 963 03
1281 931 1390 962 omnia
1412 930 1629 961 libentissime
1639 930 1727 970 degi.
1777 930 1923 961 Tametsi

140 978 228 1009 enim
252 980 321 1009 tota
344 977 424 1009 haec
448 977 628 1017 speculatio
653 978 689 1008 in
714 977 841 1010 duobus
865 979 948 1010 mihi
979 978 1115 1010 deficere
1147 978 1311 1020 videatur,
1345 977 1498 1018 inprimis
1528 976 1661 1017 quidem
1682 977 1720 1010 in
1743 985 1798 1017 eo,
1831 975 1921 1016 quod

137 1025 268 1056 numeri
301 1033 369 1055 non
399 1027 512 1055 exacte
546 1022 730 1067 collimant,
771 1024 889 1056 deinde
922 1025 1011 1066 quod
1042 1025 1122 1056 haec
1145 1034 1164 1055 a
1186 1025 1288 1065 priori
1311 1034 1327 1055 e
1352 1024 1539 1064 suspicione
1573 1023 1684 1064 potius
1713 1023 1921 1077 arripiantur,

109 1084 113 1094 -·
138 1080 236 1112 quam
260 1070 519 1110 demonstrentur
550 1070 604 1102 vel
639 1072 737 1102 etiam
774 1071 990 1104 demonstrari
1023 1072 1162 1112 possint.
1210 1071 1378 1113 Attamen,
1414 1071 1465 1102 uti
1495 1079 1608 1102 verum
1637 1069 1758 1115 fatear,
1790 1070 1919 1107 mimus

136 1118 322 1158 praesagire
345 1116 492 1158 videtur,
527 1118 587 1148 sub
612 1119 679 1149 tam
703 1117 848 1150 mirabili
873 1122 905 1150 et
929 1119 1090 1151 concinna
1114 1119 1325 1158 congruentia
1350 1116 1477 1158 aliquid
1500 1117 1647 1148 veritatis
1670 1093 1781 1149 latere.
1828 1115 1920 1157 Quae

137 1174 215 1196 vero
240 1164 413 1204 subjungis
439 1163 479 1195 de
503 1167 628 1204 septem
659 1163 774 1207 λογοις
804 1166 1037 1208 musicalibus,
1073 1169 1218 1206 optarem
1248 1174 1325 1196 sane
1356 1165 1422 1195 tale
1456 1164 1626 1204 quippiam
1649 1161 1703 1194 vel
1725 1163 1920 1204 geometrice

139 1211 368 1251 demonstrari,
403 1211 454 1241 vel
478 1211 594 1242 saltem
618 1221 716 1243 501150
740 1215 774 1243 et
796 1213 946 1255 auribus,
978 1217 1016 1244 ut
1039 1213 1172 1255 scribis,
1210 1212 1356 1252 praecise
1380 1210 1597 1242 animadverti
1619 1218 1725 1250 posse.
1773 1209 1919 1245 Dubium

137 1258 227 1298 apud
250 1267 302 1289 me
326 1260 386 1300 est,
411 1260 534 1297 septem
560 1259 692 1290 omnino
717 1268 778 1291 000
799 1257 909 1300 plures
932 1269 993 1291 nec
1015 1259 1186 1300 pauciores
1211 1267 1281 1290 esse
1303 1260 1428 1300 λογους
1456 1254 1647 1299 musicales,
1684 1257 1773 1298 quod
1802 1259 1840 1288 tu
1865 1255 1919 1288 de-

137 1307 318 1336 monstrare
341 1305 466 1335 niteris.
513 1302 552 1336 Si
576 1306 664 1336 enim
686 1315 834 1338 recenses
857 1309 1023 1348 octavam,
1055 1307 1088 1337 h.
1116 1315 1142 1337 e.
1168 1305 1317 1348 duplam,
1349 1314 1406 1337 cur
1429 1313 1495 1335 non
1519 1306 1551 1335 et
1576 1303 1814 1344 quadruplam?
1855 1302 1921 1336 Gur

137 1360 205 1383 non
234 1351 431 1383 unisonum?
464 1353 524 1382 etc.
572 1351 656 1383 Tota
683 1353 764 1384 haec
796 1362 847 1384 res
875 1354 958 1384 mihi
987 1353 1116 1384 videtur
1148 1352 1245 1393 plane
1273 1353 1401 1384 lubrica
1433 1354 1465 1382 et
1486 1351 1626 1391 incerta,
1661 1353 1758 1391 atque
1780 1350 1860 1386 haee
1885 1351 1920 1381 in

139 1407 214 1430 eum
236 1399 336 1429 finem
359 1398 500 1429 scribere
523 1396 632 1441 volui,
667 1408 750 1430 anne
780 1399 864 1431 forte
896 1400 1017 1431 certius
1047 1399 1217 1440 quippiam
1244 1408 1263 1430 a
1291 1401 1324 1430 te
1354 1398 1500 1438 accipere
1523 1397 1657 1441 possim.
1704 1397 1921 1435 Verissimum

138 1445 226 1476 enim
249 1445 285 1476 id
317 1447 381 1488 est,
419 1445 508 1484 quod
540 1445 700 1488 ostendis,
736 1445 914 1478 nonnullos
945 1447 1230 1478 consonantiarum
1262 1454 1414 1478 numeros
1447 1453 1521 1476 cum
1553 1443 1747 1484 angulorum
1774 1444 1920 1486 ilumeris

137 1491 313 1531 figurarum
336 1492 371 1522 in
396 1490 518 1523 circulo
541 1490 758 1531 pulcherrime
783 1502 968 1532 congruere.

274 1538 340 1570 Nee
366 1537 497 1581 dubito,
534 1547 575 1569 ex
604 1539 739 1579 speciali
769 1542 802 1570 et
831 1541 1005 1581 praecipua
1029 1539 1169 1580 quadam
1192 1540 1318 1570 ratione
1340 1537 1377 1569 id
1401 1537 1565 1579 evenisse,
1597 1538 1635 1568 ut
1657 1537 1743 1568 inter
1765 1538 1816 1568 tot
1838 1537 1920 1568 fixas

138 1585 274 1618 nonnisi
297 1587 422 1624 septem
447 1588 589 1616 errantes
612 1586 823 1626 reperiantur.
861 1587 1005 1618 Tametsi
1027 1595 1103 1617 vero
1120 1585 1268 1617 nondum
1284 1584 1390 1616 adhuc
1405 1582 1510 1615 ullum
1526 1585 1655 1615 firmum
1670 1582 1921 1615 fundamentum

139 1632 288 1674 viderim,
314 1641 355 1663 ex
380 1640 444 1671 quo
469 1632 519 1663 vis
542 1630 602 1662 illa
625 1635 658 1663 et
681 1633 826 1676 effectus,
852 1634 911 1674 qui
927 1634 1114 1673 aspectibus
1138 1631 1305 1664 stellarum
1327 1631 1431 1662 tribui
1455 1629 1550 1673 solet,
1573 1631 1779 1671 comprobari
1799 1631 1919 1673 possit3

138 1680 189 1711 uti
220 1687 349 1720 quoque
379 1681 450 1709 tota
482 1678 659 1718 astrologia
689 1687 730 1710 ex
752 1680 861 1711 ‘meris
897 1681 1109 1720 opinionibus
1140 1682 1173 1710 et
1205 1678 1447 1720 suspicionibus
1479 1677 1562 1708 mihi
1585 1677 1716 1718 quidem
1741 1676 1922 1718 dependere

138 1725 280 1760 videtur.
327 1725 455 1756 Interea
478 1728 587 1756 tamen
610 1726 722 1768 miror,
746 1726 895 1758 nondum
919 1735 1105 1767 quenquam
1127 1735 1274 1766 unquam
1297 1725 1426 1765 uspiam
1449 1722 1596 1756 locorum
1618 1722 1672 1755 vel
1694 1724 1842 1763 gentium
1866 1733 1921 1756 ex-

139 1773 279 1815 stitisse,
311 1772 370 1813 qui
392 1772 473 1803 haec
498 1771 578 1814 duo,
612 1781 695 1812 quae
718 1773 771 1804 vel
795 1774 972 1814 praecipua
994 1774 1082 1805 inter
1104 1781 1156 1804 res
1182 1773 1338 1805 coelestes
1363 1780 1432 1803 esse
1457 1771 1589 1814 opinor,
1621 1771 1701 1802 satis
1733 1770 1923 1802 discusserit

138 1817 192 1850 vel
222 1818 353 1859 plenius
386 1818 575 1858 posteritati
604 1818 788 1852 tradiderit.
838 1819 985 1859 Quorum
1018 1821 1160 1860 primum
1195 1822 1262 1861 est,
1299 1827 1437 1860 quanam
1463 1817 1503 1848 de
1527 1827 1624 1849 causa
1645 1817 1736 1849 Deus
1760 1817 1797 1850 Ο.
1822 1816 1867 1848 M:
1886 1818 1923 1849 in

137 1866 341 1897 firmamento
358 1867 419 1906 tot,
443 1868 562 1907 tantas,
586 1866 670 1896 tales
696 1868 728 1896 et
752 1864 861 1897 taliter
884 1867 970 1898 inter
994 1877 1028 1898 se
1053 1866 1211 1897 distantes
1235 1864 1348 1897 stellas
1364 1866 1447 1896 fixas
1465 1873 1570 1895 creare
1586 1863 1749 1895 voluerit?
1773 1861 1923 1895 Alterum

138 1915 199 1955 est,
225 1921 281 1943 cur
303 1911 438 1942 nonnisi
460 1914 585 1951 septem
609 1915 641 1942 et
663 1921 724 1943 neo
746 1913 916 1952 pauciores
940 1916 1083 1945 errantes
1107 1914 1219 1963 stellas
1237 1913 1363 1954 crearit,
1388 1920 1506 1951 easque
1524 1913 1642 1953 tantas,
1668 1912 1808 1951 quantae
1834 1913 1921 1944 sunt.

145 1961 178 1991 et
201 1957 283 1990 tales
306 1956 494 1997 talibusque
521 1958 668 1990 cursibus
692 1957 848 1991 utentes?

275 2004 374 2036 Dices
398 2003 493 2046 forte,
518 2004 597 2036 haec
621 2005 698 2036 sciri
721 2015 788 2037 non
811 2015 924 2048 posse,
948 2005 1069 2036 nedum
1095 2005 1326 2046 demonstrari,
1360 2006 1393 2035 et
1415 2002 1511 2036 facile
1536 2012 1736 2045 concessero,
1759 2011 1824 2035 nec
1844 2002 1923 2034 sciri

143 2050 276 2092 quidem
300 2051 380 2082 haec
404 2053 516 2082 exacte
539 2060 650 2094 posse3
677 2055 819 2083 attamen
842 2052 927 2083 forte
947 2052 1163 2092 probabiliter
1187 2052 1319 2090 coargui
1342 2051 1464 2090 poterit
1488 2060 1562 2082 cum
1586 2051 1628 2082 ob
1646 2050 1683 2081 id
1706 2051 1815 2090 ipsum
1841 2050 1922 2086 haee

139 2098 288 2130 sensibus
318 2098 469 2129 humanis
501 2098 650 2138 exposita
682 2108 750 2130 esse
786 2098 973 2141 videantur,
1007 2101 1044 2130 ut
1078 2099 1227 2129 homines
1268 2100 1299 2128 et
1335 2097 1419 2128 forte
1442 2097 1632 2137 praesertim
1657 2095 1836 2128 Christiani
1861 2105 1920 2128 ex-

140 2144 219 2176 inde
242 2145 453 2186 praecipuum
486 2142 612 2184 aliquid
647 2149 837 2187 coarguant,
872 2146 960 2186 quod
991 2144 1044 2176 vel
1073 2145 1108 2176 in
1138 2145 1291 2176 honorem
1316 2144 1380 2175 Dei
1409 2144 1462 2174 vel
1495 2144 1633 2175 salutem
1665 2143 1846 2175 animarum
1869 2141 1922 2174 vel

139 2192 264 2223 bonum
287 2189 458 2231 publicum
481 2191 652 2226 redundet,
700 2191 766 2224 Sed
790 2192 869 2224 haec
893 2193 1011 2234 scribo,
1036 2201 1077 2222 ne
1101 2192 1186 2223 nihil
1209 2192 1359 2222 scribam.
1412 2189 1513 2222 Mitto
1539 2188 1694 2231 epistolas
1718 2189 1922 2230 Tychonicas

140 2239 386 2281 astronomicas,
412 2247 493 2278 quas
515 2236 614 2268 velim
638 2239 783 2271 remitti.'
1962 2241 1965 2244 ’

275 2285 415 2316 Ratione
442 2283 622 2315 anomaliae
646 2284 816 2325 eclipticae
848 2285 945 2325 hujus
975 2285 1090 2316 aetatis
1106 2284 1276 2324 rogitavi,
1313 2292 1396 2314 anne
1429 2283 1657 2323 suppositione
1688 2284 1779 2315 unici
1811 2285 1920 2314 motus

141 2331 257 2363 Terrae
282 2336 346 2363 tres
371 2332 580 2372 apparentiae
597 2332 715 2362 salvari
732 2334 876 2373 possent,
901 2332 1056 2362 videlicet
1073 2331 1313 2362 decrementum
1330 2330 1580 2362 eccentricitatis
1597 2328 1732 2373 Solaris,
1757 2329 1919 2361 anomalia

142 2377 311 2418 eclipsium
336 2379 433 2418 hujus
458 2378 561 2409 seculi
585 2381 617 2409 et
640 2382 848 2418 augmentum
873 2377 1065 2409 elevationis
1089 2376 1179 2417 poli?
1217 2375 1383 2418 (Explicat
1407 2378 1602 2408 sententiam
1627 2386 1719 2408 suam
1747 2377 1920 2418 schemate,

140 2425 176 2456 in
201 2435 264 2465 quo
281 2425 393 2456 Lunae
418 2427 450 2455 et
465 2423 553 2456 Solis
579 2426 672 2456 orbes
696 2425 796 2456 iidem
822 2428 898 2456 sunt
922 2425 962 2455 ad
987 2425 1051 2456 duo
1078 2424 1206 2455 diversa
1231 2424 1346 2454 Terrae
1370 2422 1464 2465 loca;
1487 2424 1618 2454 Terram
1643 2424 1778 2455 assumit
1802 2433 1821 2454 a
1838 2426 1919 2454 tem-

141 2479 221 2512 pore
236 2472 415 2503 Ptolemaei
439 2471 481 2502 ad
505 2481 597 2502 suam
621 2475 758 2503 aetatem
775 2473 846 2503 loco
864 2475 996 2515 motam,
1022 2472 1135 2502 Lunae
1159 2480 1235 2501 vero
1252 2474 1284 2501 et
1299 2469 1387 2502 Solis
1412 2471 1505 2502 orbe's
1529 2471 1719 2503 immutatos
1735 2467 1920 2512 mansisse).

279 2516 346 2550 Sed
370 2518 458 2557 haec,
483 2517 584 2562 addit,
609 2520 738 2561 raptim,
764 2528 825 2550 nec
849 2519 948 2549 etiam
971 2519 1100 2552 relecta.
1148 2518 1232 2550 Vale
1256 2518 1389 2557 optime.
1413 2542 1422 2551 .

277 2564 383 2596 Datae
405 2564 572 2596 Monachii
594 2563 648 2599 29.
676 2566 759 2605 Aug.
783 2563 886 2599 1599.

887 2612 952 2643 Tui
975 2611 1238 2643 studiosissimus

1357 2657 1425 2697 Jo.
1461 2655 1589 2708 Geor-9
1618 2656 1807 2697 Herwart

1436 2716 1476 2747 ab
1501 2716 1711 2754 Hohenburg.

279 2785 440 2826 Keplerus
471 2775 640 2825 respondit
668 2784 800 2816 initium
834 2785 963 2816 dicendi
989 2795 1121 2817 sumens
1147 2795 1166 2816 a
1189 2786 1357 2828 Tychone,
1395 2796 1491 2828 quem
1515 2787 1551 2818 in
1574 2785 1765 2817 Bohemiam
1790 2786 1919 2818 venisse

146 2831 330 2863 Herwartus
355 2832 565 2864 nunciaverat
588 2831 658 2871 (cfr.
683 2831 747 2865 vol.
773 2832 798 2863 Ι.
822 2841 855 2872 p.
881 2831 949 2874 71).
998 2832 1127 2863 Deinde
1150 2834 1271 2873 pergit:

282 2890 343 2929 Ad
372 2903 463 2930 rem.
501 2891 764 2939 Demonstras‚
795 2902 995 2930 numerum
1024 2894 1313 2943 proportionum
1342 2894 1413 2932 tibi
1444 2904 1556 2932 curae
1587 2903 1684 2931 esse.
1744 2891 1919 2931 Abiisset

146 2948 308 2987 nuncius
337 2951 506 3000 proxime
538 2949 600 2988 vel
628 2949 744 2988 unica
774 2947 835 2987 die
872 2950 1010 2999 serius,
1053 2949 1416 2992 demonstrationem
1453 2951 1668 2990 habuisses.
1717 2949 1829 2990 Nunc
1855 2962 1918 2989 me

147 3006 301 3055 laboris,
335 3019 448 3057 quem
476 3007 639 3058 legendo
670 3006 815 3059 cepisti,
846 3009 1016 3058 poenitet
1045 3007 1196 3047 frustra.

278 3075 540 3126 Ingrediamur
558 3081 688 3117 autem
706 3088 786 3116 rem
805 3076 1082 3128 philosophice.
1132 3077 1293 3118 Proclus
1315 3091 1428 3131 super
1447 3078 1555 3118 Eucl.
1575 3077 1607 3117 I.
1629 3077 1919 3130 pulcherrimam

148 3136 376 3175 sententiam
417 3137 545 3187 ponit,
585 3141 678 3189 puto
725 3147 772 3175 ex
815 3135 990 3175 Platonis
1032 3135 1298 3190 philosophia,
1343 3152 1391 3177 τα
1426 3140 1672 3188 μαθηματικα
1711 3134 1920 3189 ἀπογενναν
