<?xml version="1.0" encoding="UTF-8"?>
<!DOCTYPE html PUBLIC "-//W3C//DTD XHTML 1.0 Transitional//EN"
    "http://www.w3.org/TR/xhtml1/DTD/xhtml1-transitional.dtd">
<html xmlns="http://www.w3.org/1999/xhtml" xml:lang="en" lang="en">
 <head>
  <title>
</title>
<meta http-equiv="Content-Type" content="text/html;charset=utf-8" />
  <meta name='ocr-system' content='tesseract 3.04.00' />
  <meta name='ocr-capabilities' content='ocr_page ocr_carea ocr_par ocr_line ocrx_word'/>
</head>
<body>
  <div class='ocr_page' id='page_1' title='image "./operaomniaedidit05kepluoft_0642.png"; bbox 0 0 1994 3276; ppageno 0'>
   <div class='ocr_carea' id='block_1_1' title="bbox 125 95 1432 160">
    <p class='ocr_par' dir='ltr' id='par_1_1' title="bbox 125 95 1432 160">
     <span class='ocr_line' id='line_1_1' title="bbox 125 95 1432 160; baseline -0.004 -4"><span class='ocrx_word' id='word_1_1' title='bbox 125 116 208 157; x_wconf 78' lang='lat'><strong>624</strong></span> <span class='ocrx_word' id='word_1_2' title='bbox 627 113 671 150; x_wconf 89' lang='lat' dir='ltr'><strong>In</strong></span> <span class='ocrx_word' id='word_1_3' title='bbox 693 95 990 151; x_wconf 61' lang='lat' dir='ltr'><strong>stereometriam</strong></span> <span class='ocrx_word' id='word_1_4' title='bbox 1008 112 1196 150; x_wconf 80' lang='lat' dir='ltr'><strong>Doliorum</strong></span> <span class='ocrx_word' id='word_1_5' title='bbox 1218 112 1411 160; x_wconf 82' lang='lat' dir='ltr'><strong>Appendix</strong></span> <span class='ocrx_word' id='word_1_6' title='bbox 1422 140 1432 151; x_wconf 88' lang='lat'><strong>.</strong></span> 
     </span>
    </p>
   </div>
   <div class='ocr_carea' id='block_1_2' title="bbox 96 229 1930 3128">
    <p class='ocr_par' dir='ltr' id='par_1_2' title="bbox 123 229 1924 330">
     <span class='ocr_line' id='line_1_2' title="bbox 124 229 1924 279; baseline 0.001 -12"><span class='ocrx_word' id='word_1_7' title='bbox 124 234 217 276; x_wconf 87' lang='lat' dir='ltr'><strong>cant,</strong></span> <span class='ocrx_word' id='word_1_8' title='bbox 242 229 581 268; x_wconf 78' lang='lat' dir='ltr'><strong>commensurabilia</strong></span> <span class='ocrx_word' id='word_1_9' title='bbox 605 240 687 268; x_wconf 87' lang='lat' dir='ltr'><strong>esse</strong></span> <span class='ocrx_word' id='word_1_10' title='bbox 709 229 761 267; x_wconf 89' lang='lat' dir='ltr'><strong>nil</strong></span> <span class='ocrx_word' id='word_1_11' title='bbox 785 230 972 278; x_wconf 82' lang='lat' dir='ltr'>prohibet:</span> <span class='ocrx_word' id='word_1_12' title='bbox 1009 239 1103 275; x_wconf 87' lang='lat' dir='ltr'><strong>quae</strong></span> <span class='ocrx_word' id='word_1_13' title='bbox 1126 239 1210 266; x_wconf 90' lang='lat' dir='ltr'><strong>vero</strong></span> <span class='ocrx_word' id='word_1_14' title='bbox 1235 229 1280 267; x_wconf 88' lang='lat' dir='ltr'><strong>de</strong></span> <span class='ocrx_word' id='word_1_15' title='bbox 1315 241 1426 267; x_wconf 87' lang='lat' dir='ltr'><strong>curvo</strong></span> <span class='ocrx_word' id='word_1_16' title='bbox 1462 229 1551 266; x_wconf 82' lang='lat' dir='ltr'><strong>nihil</strong></span> <span class='ocrx_word' id='word_1_17' title='bbox 1581 229 1739 279; x_wconf 86' lang='lat' dir='ltr'><strong>habent,</strong></span> <span class='ocrx_word' id='word_1_18' title='bbox 1777 235 1818 268; x_wconf 89' lang='lat' dir='ltr'><strong>ut</strong></span> <span class='ocrx_word' id='word_1_19' title='bbox 1841 231 1924 268; x_wconf 91' lang='lat' dir='ltr'><strong>cubi</strong></span> 
     </span>
     <span class='ocr_line' id='line_1_3' title="bbox 123 282 1472 330; baseline 0.001 -11"><span class='ocrx_word' id='word_1_20' title='bbox 123 294 265 330; x_wconf 83' lang='lat' dir='ltr'><strong>corpus,</strong></span> <span class='ocrx_word' id='word_1_21' title='bbox 289 283 398 329; x_wconf 86' lang='lat' dir='ltr'><strong>plane</strong></span> <span class='ocrx_word' id='word_1_22' title='bbox 423 288 509 320; x_wconf 88' lang='lat' dir='ltr'><strong>sunt</strong></span> <span class='ocrx_word' id='word_1_23' title='bbox 531 283 910 320; x_wconf 87' lang='lat' dir='ltr'><strong>incommensurabilia</strong></span> <span class='ocrx_word' id='word_1_24' title='bbox 933 282 979 318; x_wconf 90' lang='lat' dir='ltr'><strong>ad</strong></span> <span class='ocrx_word' id='word_1_25' title='bbox 1004 282 1327 328; x_wconf 82' lang='lat' dir='ltr'><strong>quomodocunque</strong></span> <span class='ocrx_word' id='word_1_26' title='bbox 1352 294 1472 320; x_wconf 83' lang='lat' dir='ltr'><strong>curva.</strong></span> 
     </span>
    </p>

    <p class='ocr_par' dir='ltr' id='par_1_3' title="bbox 96 335 1926 1970">
     <span class='ocr_line' id='line_1_4' title="bbox 238 335 1923 383; baseline 0.001 -12"><span class='ocrx_word' id='word_1_27' title='bbox 238 335 441 383; x_wconf 85' lang='lat' dir='ltr'><strong>Explicabo</strong></span> <span class='ocrx_word' id='word_1_28' title='bbox 465 336 595 377; x_wconf 62' lang='lat' dir='ltr'><strong>latius..</strong></span> <span class='ocrx_word' id='word_1_29' title='bbox 638 336 823 372; x_wconf 86' lang='lat' dir='ltr'><strong>Diameter</strong></span> <span class='ocrx_word' id='word_1_30' title='bbox 847 336 972 372; x_wconf 86' lang='lat' dir='ltr'><strong>circuli</strong></span> <span class='ocrx_word' id='word_1_31' title='bbox 997 341 1053 371; x_wconf 89' lang='lat' dir='ltr'><strong>est</strong></span> <span class='ocrx_word' id='word_1_32' title='bbox 1077 335 1286 382; x_wconf 87' lang='lat' dir='ltr'><strong>simpliciter</strong></span> <span class='ocrx_word' id='word_1_33' title='bbox 1309 341 1418 383; x_wconf 90' lang='lat' dir='ltr'><strong>recta,</strong></span> <span class='ocrx_word' id='word_1_34' title='bbox 1452 335 1740 373; x_wconf 80' lang='lat' dir='ltr'><strong>circumferentia</strong></span> <span class='ocrx_word' id='word_1_35' title='bbox 1760 342 1818 374; x_wconf 83' lang='lat' dir='ltr'><strong>est</strong></span> <span class='ocrx_word' id='word_1_36' title='bbox 1841 337 1923 374; x_wconf 88' lang='lat' dir='ltr'><strong>sim-</strong></span> 
     </span>
     <span class='ocr_line' id='line_1_5' title="bbox 123 388 1924 438; baseline 0.003 -15"><span class='ocrx_word' id='word_1_37' title='bbox 123 388 264 435; x_wconf 89' lang='lat' dir='ltr'><strong>pliciter</strong></span> <span class='ocrx_word' id='word_1_38' title='bbox 289 399 410 425; x_wconf 85' lang='lat' dir='ltr'><strong>curva.</strong></span> <span class='ocrx_word' id='word_1_39' title='bbox 434 389 472 424; x_wconf 91' lang='grc'><strong>111</strong></span> <span class='ocrx_word' id='word_1_40' title='bbox 497 390 607 436; x_wconf 91' lang='lat' dir='ltr'><strong>plano</strong></span> <span class='ocrx_word' id='word_1_41' title='bbox 630 394 763 427; x_wconf 87' lang='lat' dir='ltr'><strong>tamen.</strong></span> <span class='ocrx_word' id='word_1_42' title='bbox 788 391 856 426; x_wconf 92' lang='lat' dir='ltr'><strong>Hic</strong></span> <span class='ocrx_word' id='word_1_43' title='bbox 880 401 964 435; x_wconf 86' lang='lat' dir='ltr'><strong>ergo</strong></span> <span class='ocrx_word' id='word_1_44' title='bbox 990 390 1096 436; x_wconf 90' lang='lat' dir='ltr'><strong>plane</strong></span> <span class='ocrx_word' id='word_1_45' title='bbox 1122 390 1223 427; x_wconf 90' lang='lat' dir='ltr'><strong>nulla</strong></span> <span class='ocrx_word' id='word_1_46' title='bbox 1247 390 1546 427; x_wconf 87' lang='lat' dir='ltr'><strong>commensuratio</strong></span> <span class='ocrx_word' id='word_1_47' title='bbox 1569 401 1638 427; x_wconf 90' lang='lat' dir='ltr'><strong>nec</strong></span> <span class='ocrx_word' id='word_1_48' title='bbox 1660 391 1924 438; x_wconf 82' lang='lat' dir='ltr'><strong>longitudinum</strong></span> 
     </span>
     <span class='ocr_line' id='line_1_6' title="bbox 123 441 1924 490; baseline 0.003 -14"><span class='ocrx_word' id='word_1_49' title='bbox 123 452 190 477; x_wconf 90' lang='lat' dir='ltr'><strong>nec</strong></span> <span class='ocrx_word' id='word_1_50' title='bbox 215 441 477 488; x_wconf 88' lang='lat' dir='ltr'><strong>potentiarum,</strong></span> <span class='ocrx_word' id='word_1_51' title='bbox 512 443 722 488; x_wconf 88' lang='lat' dir='ltr'><strong>primarum,</strong></span> <span class='ocrx_word' id='word_1_52' title='bbox 755 443 996 480; x_wconf 85' lang='lat' dir='ltr'><strong>secundarum</strong></span> <span class='ocrx_word' id='word_1_53' title='bbox 1029 443 1348 479; x_wconf 90' lang='lat' dir='ltr'><strong>centesimarumve</strong></span> <span class='ocrx_word' id='word_1_54' title='bbox 1379 453 1495 488; x_wconf 85' lang='lat' dir='ltr'><strong>usque</strong></span> <span class='ocrx_word' id='word_1_55' title='bbox 1519 444 1556 479; x_wconf 90' lang='grc'><strong>111</strong></span> <span class='ocrx_word' id='word_1_56' title='bbox 1580 443 1776 488; x_wconf 85' lang='lat' dir='ltr'><strong>infinitum,</strong></span> <span class='ocrx_word' id='word_1_57' title='bbox 1806 455 1924 490; x_wconf 89' lang='lat' dir='ltr'><strong>neque</strong></span> 
     </span>
     <span class='ocr_line' id='line_1_7' title="bbox 124 493 1924 542; baseline 0.003 -14"><span class='ocrx_word' id='word_1_58' title='bbox 124 493 339 540; x_wconf 90' lang='lat' dir='ltr'><strong>simplicium</strong></span> <span class='ocrx_word' id='word_1_59' title='bbox 353 521 362 539; x_wconf 88' lang='lat'><strong><em>‚</em></strong></span> <span class='ocrx_word' id='word_1_60' title='bbox 398 505 516 540; x_wconf 90' lang='lat' dir='ltr'><strong>neque</strong></span> <span class='ocrx_word' id='word_1_61' title='bbox 547 509 637 531; x_wconf 83' lang='grc' dir='ltr'><strong><em>κατα</em></strong></span> <span class='ocrx_word' id='word_1_62' title='bbox 666 501 972 541; x_wconf 74' lang='grc' dir='ltr'><strong><em>προσθαφαιρεσιν</em></strong></span> <span class='ocrx_word' id='word_1_63' title='bbox 998 494 1102 541; x_wconf 82' lang='grc' dir='ltr'><em>ῥητου</em></span> <span class='ocrx_word' id='word_1_64' title='bbox 1132 495 1479 532; x_wconf 87' lang='lat' dir='ltr'><strong>transformatarum.</strong></span> <span class='ocrx_word' id='word_1_65' title='bbox 1528 497 1586 533; x_wconf 88' lang='lat' dir='ltr'><strong>Ita</strong></span> <span class='ocrx_word' id='word_1_66' title='bbox 1610 497 1825 542; x_wconf 87' lang='lat' dir='ltr'><strong>quadratum</strong></span> <span class='ocrx_word' id='word_1_67' title='bbox 1850 498 1924 534; x_wconf 89' lang='lat' dir='ltr'><strong>dia-</strong></span> 
     </span>
     <span class='ocr_line' id='line_1_8' title="bbox 96 546 1924 597; baseline 0.002 -15"><span class='ocrx_word' id='word_1_68' title='bbox 96 547 99 550; x_wconf 46' lang='lat'><em>*</em></span> <span class='ocrx_word' id='word_1_69' title='bbox 125 546 231 582; x_wconf 88' lang='lat' dir='ltr'><strong>metri</strong></span> <span class='ocrx_word' id='word_1_70' title='bbox 255 551 312 582; x_wconf 89' lang='lat' dir='ltr'><strong>est</strong></span> <span class='ocrx_word' id='word_1_71' title='bbox 335 551 453 583; x_wconf 89' lang='lat' dir='ltr'><strong>totum</strong></span> <span class='ocrx_word' id='word_1_72' title='bbox 476 553 615 584; x_wconf 92' lang='lat' dir='ltr'><strong>rectum</strong></span> <span class='ocrx_word' id='word_1_73' title='bbox 639 553 676 585; x_wconf 91' lang='lat' dir='ltr'><strong>et</strong></span> <span class='ocrx_word' id='word_1_74' title='bbox 701 549 849 596; x_wconf 84' lang='lat' dir='ltr'><strong>planitie</strong></span> <span class='ocrx_word' id='word_1_75' title='bbox 873 554 910 585; x_wconf 89' lang='lat' dir='ltr'><strong>et</strong></span> <span class='ocrx_word' id='word_1_76' title='bbox 932 548 1112 593; x_wconf 90' lang='lat' dir='ltr'><strong>terminis;</strong></span> <span class='ocrx_word' id='word_1_77' title='bbox 1139 549 1287 595; x_wconf 86' lang='lat' dir='ltr'><strong>planum</strong></span> <span class='ocrx_word' id='word_1_78' title='bbox 1303 549 1465 595; x_wconf 89' lang='lat' dir='ltr'><strong>inscripti</strong></span> <span class='ocrx_word' id='word_1_79' title='bbox 1483 549 1607 586; x_wconf 89' lang='lat' dir='ltr'><strong>circuli</strong></span> <span class='ocrx_word' id='word_1_80' title='bbox 1625 554 1763 586; x_wconf 90' lang='lat' dir='ltr'><strong>rectum</strong></span> <span class='ocrx_word' id='word_1_81' title='bbox 1780 549 1924 597; x_wconf 88' lang='lat' dir='ltr'><strong>quidem</strong></span> 
     </span>
     <span class='ocr_line' id='line_1_9' title="bbox 127 598 1926 647; baseline 0.004 -13"><span class='ocrx_word' id='word_1_82' title='bbox 127 603 184 638; x_wconf 82' lang='lat' dir='ltr'><strong>est</strong></span> <span class='ocrx_word' id='word_1_83' title='bbox 207 598 374 645; x_wconf 80' lang='lat' dir='ltr'><strong>planitie,</strong></span> <span class='ocrx_word' id='word_1_84' title='bbox 401 601 466 637; x_wconf 90' lang='lat' dir='ltr'><strong>sed</strong></span> <span class='ocrx_word' id='word_1_85' title='bbox 490 604 610 645; x_wconf 63' lang='lat' dir='ltr'><strong>curve·</strong></span> <span class='ocrx_word' id='word_1_86' title='bbox 621 603 868 639; x_wconf 81' lang='lat' dir='ltr'><strong>terminatum:</strong></span> <span class='ocrx_word' id='word_1_87' title='bbox 905 602 995 638; x_wconf 85' lang='lat' dir='ltr'><strong>haec</strong></span> <span class='ocrx_word' id='word_1_88' title='bbox 1019 600 1130 647; x_wconf 88' lang='lat' dir='ltr'><strong>igitur</strong></span> <span class='ocrx_word' id='word_1_89' title='bbox 1164 601 1536 638; x_wconf 62' lang='lat' dir='ltr'><strong>incommensurabilis.</strong></span> <span class='ocrx_word' id='word_1_90' title='bbox 1570 602 1640 638; x_wconf 93' lang='lat' dir='ltr'><strong>hoc</strong></span> <span class='ocrx_word' id='word_1_91' title='bbox 1673 604 1828 640; x_wconf 88' lang='lat' dir='ltr'><strong>nomine.</strong></span> <span class='ocrx_word' id='word_1_92' title='bbox 1875 605 1926 642; x_wconf 88' lang='lat' dir='ltr'><strong>Et</strong></span> 
     </span>
     <span class='ocr_line' id='line_1_10' title="bbox 123 652 1922 702; baseline 0.003 -15"><span class='ocrx_word' id='word_1_93' title='bbox 123 656 244 688; x_wconf 88' lang='lat' dir='ltr'><strong>tamen</strong></span> <span class='ocrx_word' id='word_1_94' title='bbox 269 652 359 688; x_wconf 88' lang='lat' dir='ltr'><strong>haec</strong></span> <span class='ocrx_word' id='word_1_95' title='bbox 384 653 543 690; x_wconf 91' lang='lat' dir='ltr'><strong>conditio</strong></span> <span class='ocrx_word' id='word_1_96' title='bbox 568 658 625 690; x_wconf 91' lang='lat' dir='ltr'><strong>est</strong></span> <span class='ocrx_word' id='word_1_97' title='bbox 648 665 734 691; x_wconf 85' lang='lat' dir='ltr'><strong>vera</strong></span> <span class='ocrx_word' id='word_1_98' title='bbox 748 684 756 699; x_wconf 92' lang='lat'><strong>,</strong></span> <span class='ocrx_word' id='word_1_99' title='bbox 791 657 822 692; x_wconf 91' lang='lat' dir='ltr'><strong>si</strong></span> <span class='ocrx_word' id='word_1_100' title='bbox 858 656 979 702; x_wconf 88' lang='lat' dir='ltr'><strong>aliqua</strong></span> <span class='ocrx_word' id='word_1_101' title='bbox 1014 663 1115 696; x_wconf 83' lang='lat' dir='ltr'><strong>recta</strong></span> <span class='ocrx_word' id='word_1_102' title='bbox 1143 655 1353 692; x_wconf 87' lang='lat' dir='ltr'><strong>brevissima</strong></span> <span class='ocrx_word' id='word_1_103' title='bbox 1382 654 1568 690; x_wconf 83' lang='lat' dir='ltr'><strong>metiretur</strong></span> <span class='ocrx_word' id='word_1_104' title='bbox 1592 655 1922 702; x_wconf 78' lang='lat' dir='ltr'><strong>circumferentiam,</strong></span> 
     </span>
     <span class='ocr_line' id='line_1_11' title="bbox 126 705 1924 757; baseline 0.004 -18"><span class='ocrx_word' id='word_1_105' title='bbox 126 705 206 749; x_wconf 86' lang='lat' dir='ltr'><strong>ejus</strong></span> <span class='ocrx_word' id='word_1_106' title='bbox 230 709 350 741; x_wconf 87' lang='lat' dir='ltr'><strong>rectae</strong></span> <span class='ocrx_word' id='word_1_107' title='bbox 375 707 591 751; x_wconf 87' lang='lat' dir='ltr'><strong>quadratum</strong></span> <span class='ocrx_word' id='word_1_108' title='bbox 616 717 845 744; x_wconf 88' lang='lat' dir='ltr'><strong>emensurum</strong></span> <span class='ocrx_word' id='word_1_109' title='bbox 870 709 1016 756; x_wconf 88' lang='lat' dir='ltr'><strong>planum</strong></span> <span class='ocrx_word' id='word_1_110' title='bbox 1041 709 1183 755; x_wconf 85' lang='lat' dir='ltr'><strong>circuli,</strong></span> <span class='ocrx_word' id='word_1_111' title='bbox 1208 718 1288 744; x_wconf 91' lang='lat' dir='ltr'><strong>cum</strong></span> <span class='ocrx_word' id='word_1_112' title='bbox 1314 711 1507 752; x_wconf 87' lang='lat' dir='ltr'><strong>utrumque</strong></span> <span class='ocrx_word' id='word_1_113' title='bbox 1530 708 1578 744; x_wconf 89' lang='lat' dir='ltr'><strong>sit</strong></span> <span class='ocrx_word' id='word_1_114' title='bbox 1602 708 1669 744; x_wconf 89' lang='lat' dir='ltr'><strong>sub</strong></span> <span class='ocrx_word' id='word_1_115' title='bbox 1693 719 1824 756; x_wconf 84' lang='lat' dir='ltr'><strong>genere</strong></span> <span class='ocrx_word' id='word_1_116' title='bbox 1848 710 1924 757; x_wconf 87' lang='lat' dir='ltr'><strong>pla—</strong></span> 
     </span>
     <span class='ocr_line' id='line_1_12' title="bbox 124 758 1924 808; baseline 0.004 -15"><span class='ocrx_word' id='word_1_117' title='bbox 124 769 261 794; x_wconf 79' lang='lat' dir='ltr'><strong>norum.</strong></span> <span class='ocrx_word' id='word_1_118' title='bbox 294 758 492 805; x_wconf 84' lang='lat' dir='ltr'><strong>Propterea</strong></span> <span class='ocrx_word' id='word_1_119' title='bbox 507 760 690 796; x_wconf 87' lang='lat' dir='ltr'><strong>verissime</strong></span> <span class='ocrx_word' id='word_1_120' title='bbox 706 761 963 799; x_wconf 86' lang='lat' dir='ltr'><strong>demonstravit</strong></span> <span class='ocrx_word' id='word_1_121' title='bbox 971 763 1215 808; x_wconf 85' lang='lat' dir='ltr'><strong>Archimedes,</strong></span> <span class='ocrx_word' id='word_1_122' title='bbox 1235 761 1266 797; x_wconf 91' lang='lat' dir='ltr'><strong>si</strong></span> <span class='ocrx_word' id='word_1_123' title='bbox 1283 760 1660 806; x_wconf 84' lang='lat' dir='ltr'><strong>triangulirectanguli</strong></span> <span class='ocrx_word' id='word_1_124' title='bbox 1676 772 1758 798; x_wconf 87' lang='lat' dir='ltr'><strong>crus</strong></span> <span class='ocrx_word' id='word_1_125' title='bbox 1772 763 1924 800; x_wconf 86' lang='lat' dir='ltr'><strong>alterum</strong></span> 
     </span>
     <span class='ocr_line' id='line_1_13' title="bbox 126 810 1923 863; baseline 0.003 -17"><span class='ocrx_word' id='word_1_126' title='bbox 126 812 174 847; x_wconf 90' lang='lat' dir='ltr'><strong>sit</strong></span> <span class='ocrx_word' id='word_1_127' title='bbox 198 810 331 856; x_wconf 88' lang='lat' dir='ltr'><strong>radius,</strong></span> <span class='ocrx_word' id='word_1_128' title='bbox 357 811 509 847; x_wconf 90' lang='lat' dir='ltr'><strong>alterum</strong></span> <span class='ocrx_word' id='word_1_129' title='bbox 539 812 826 849; x_wconf 83' lang='lat' dir='ltr'><strong>circumferentia</strong></span> <span class='ocrx_word' id='word_1_130' title='bbox 853 814 889 849; x_wconf 93' lang='lat' dir='ltr'><strong>in</strong></span> <span class='ocrx_word' id='word_1_131' title='bbox 914 821 1050 852; x_wconf 89' lang='lat' dir='ltr'><strong>rectum</strong></span> <span class='ocrx_word' id='word_1_132' title='bbox 1075 821 1236 861; x_wconf 86' lang='lat' dir='ltr'><strong>extensa,</strong></span> <span class='ocrx_word' id='word_1_133' title='bbox 1266 814 1414 859; x_wconf 89' lang='lat' dir='ltr'><strong>planum</strong></span> <span class='ocrx_word' id='word_1_134' title='bbox 1441 813 1520 858; x_wconf 84' lang='lat' dir='ltr'><strong>ejus</strong></span> <span class='ocrx_word' id='word_1_135' title='bbox 1539 815 1690 860; x_wconf 82' lang='lat' dir='ltr'><strong>aequale</strong></span> <span class='ocrx_word' id='word_1_136' title='bbox 1719 816 1923 863; x_wconf 62' lang='lat' dir='ltr'><strong>foreplano</strong></span> 
     </span>
     <span class='ocr_line' id='line_1_14' title="bbox 127 864 1924 914; baseline 0.003 -14"><span class='ocrx_word' id='word_1_137' title='bbox 127 864 263 901; x_wconf 91' lang='lat' dir='ltr'><strong>circuli.</strong></span> <span class='ocrx_word' id='word_1_138' title='bbox 307 864 344 900; x_wconf 92' lang='lat' dir='ltr'><strong>Si</strong></span> <span class='ocrx_word' id='word_1_139' title='bbox 360 875 425 910; x_wconf 90' lang='lat' dir='ltr'><strong>pro</strong></span> <span class='ocrx_word' id='word_1_140' title='bbox 441 865 543 901; x_wconf 88' lang='lat' dir='ltr'><strong>radio</strong></span> <span class='ocrx_word' id='word_1_141' title='bbox 569 865 615 900; x_wconf 92' lang='lat' dir='ltr'><strong>sit</strong></span> <span class='ocrx_word' id='word_1_142' title='bbox 631 865 814 910; x_wconf 86' lang='lat' dir='ltr'><strong>diameter,</strong></span> <span class='ocrx_word' id='word_1_143' title='bbox 839 867 987 912; x_wconf 89' lang='lat' dir='ltr'><strong>planum</strong></span> <span class='ocrx_word' id='word_1_144' title='bbox 1010 869 1086 904; x_wconf 83' lang='lat' dir='ltr'><strong>fore</strong></span> <span class='ocrx_word' id='word_1_145' title='bbox 1103 868 1251 914; x_wconf 90' lang='lat' dir='ltr'><strong>duplum</strong></span> <span class='ocrx_word' id='word_1_146' title='bbox 1275 866 1322 902; x_wconf 88' lang='lat' dir='ltr'><strong>ad</strong></span> <span class='ocrx_word' id='word_1_147' title='bbox 1338 867 1487 912; x_wconf 86' lang='lat' dir='ltr'><strong>planum</strong></span> <span class='ocrx_word' id='word_1_148' title='bbox 1502 867 1644 904; x_wconf 90' lang='lat' dir='ltr'><strong>circuli:</strong></span> <span class='ocrx_word' id='word_1_149' title='bbox 1671 869 1800 914; x_wconf 87' lang='lat' dir='ltr'><strong>quodsi</strong></span> <span class='ocrx_word' id='word_1_150' title='bbox 1815 870 1924 906; x_wconf 86' lang='lat' dir='ltr'><strong>trian-</strong></span> 
     </span>
     <span class='ocr_line' id='line_1_15' title="bbox 129 917 1924 965; baseline 0.002 -12"><span class='ocrx_word' id='word_1_151' title='bbox 129 917 253 962; x_wconf 87' lang='lat' dir='ltr'><strong>gulum</strong></span> <span class='ocrx_word' id='word_1_152' title='bbox 276 917 314 953; x_wconf 92' lang='lat' dir='ltr'><strong>in</strong></span> <span class='ocrx_word' id='word_1_153' title='bbox 339 918 713 964; x_wconf 85' lang='lat' dir='ltr'><strong>parallelogrammum</strong></span> <span class='ocrx_word' id='word_1_154' title='bbox 737 921 984 965; x_wconf 85' lang='lat' dir='ltr'><strong>rectangulum</strong></span> <span class='ocrx_word' id='word_1_155' title='bbox 1007 921 1303 960; x_wconf 85' lang='lat' dir='ltr'><strong>transformetur,</strong></span> <span class='ocrx_word' id='word_1_156' title='bbox 1327 918 1465 954; x_wconf 85' lang='lat' dir='ltr'><strong>bisecta</strong></span> <span class='ocrx_word' id='word_1_157' title='bbox 1489 919 1794 965; x_wconf 85' lang='lat' dir='ltr'><strong>circumferentia,</strong></span> <span class='ocrx_word' id='word_1_158' title='bbox 1818 921 1924 958; x_wconf 88' lang='lat' dir='ltr'><strong>idem.</strong></span> 
     </span>
     <span class='ocr_line' id='line_1_16' title="bbox 131 970 1923 1019; baseline 0.003 -13"><span class='ocrx_word' id='word_1_159' title='bbox 131 970 224 1006; x_wconf 89' lang='lat' dir='ltr'><strong>Esto</strong></span> <span class='ocrx_word' id='word_1_160' title='bbox 252 971 345 1006; x_wconf 91' lang='lat' dir='ltr'><strong>enim</strong></span> <span class='ocrx_word' id='word_1_161' title='bbox 370 971 542 1006; x_wconf 85' lang='lat' dir='ltr'><strong>diameter</strong></span> <span class='ocrx_word' id='word_1_162' title='bbox 566 972 597 1017; x_wconf 87' lang='lat'><strong>7,</strong></span> <span class='ocrx_word' id='word_1_163' title='bbox 623 971 924 1017; x_wconf 86' lang='lat' dir='ltr'><strong>hemiperipheria</strong></span> <span class='ocrx_word' id='word_1_164' title='bbox 947 974 1109 1019; x_wconf 85' lang='lat' dir='ltr'><strong>praecise</strong></span> <span class='ocrx_word' id='word_1_165' title='bbox 1138 975 1196 1009; x_wconf 82' lang='lat'><strong>11:</strong></span> <span class='ocrx_word' id='word_1_166' title='bbox 1233 972 1303 1007; x_wconf 91' lang='lat' dir='ltr'><strong>hoc</strong></span> <span class='ocrx_word' id='word_1_167' title='bbox 1334 982 1504 1008; x_wconf 87' lang='lat' dir='ltr'><strong>concesso</strong></span> <span class='ocrx_word' id='word_1_168' title='bbox 1536 973 1682 1019; x_wconf 86' lang='lat' dir='ltr'><strong>planum</strong></span> <span class='ocrx_word' id='word_1_169' title='bbox 1705 985 1728 1010; x_wconf 90' lang='lat' dir='ltr'><strong>a</strong></span> <span class='ocrx_word' id='word_1_170' title='bbox 1751 974 1923 1011; x_wconf 87' lang='lat' dir='ltr'><strong>lateribus</strong></span> 
     </span>
     <span class='ocr_line' id='line_1_17' title="bbox 130 1024 1923 1074; baseline 0.002 -14"><span class='ocrx_word' id='word_1_171' title='bbox 130 1025 163 1069; x_wconf 85' lang='lat'><strong>7,</strong></span> <span class='ocrx_word' id='word_1_172' title='bbox 193 1025 231 1061; x_wconf 90' lang='lat'><strong>11</strong></span> <span class='ocrx_word' id='word_1_173' title='bbox 261 1024 560 1070; x_wconf 84' lang='lat' dir='ltr'><strong>comprehensum</strong></span> <span class='ocrx_word' id='word_1_174' title='bbox 585 1029 684 1060; x_wconf 89' lang='lat' dir='ltr'><strong>certo</strong></span> <span class='ocrx_word' id='word_1_175' title='bbox 711 1024 779 1060; x_wconf 89' lang='lat' dir='ltr'><strong>erit</strong></span> <span class='ocrx_word' id='word_1_176' title='bbox 815 1025 962 1071; x_wconf 89' lang='lat' dir='ltr'><strong>duplum</strong></span> <span class='ocrx_word' id='word_1_177' title='bbox 988 1027 1034 1063; x_wconf 90' lang='lat' dir='ltr'><strong>ad</strong></span> <span class='ocrx_word' id='word_1_178' title='bbox 1059 1026 1184 1063; x_wconf 90' lang='lat' dir='ltr'><strong>circuli</strong></span> <span class='ocrx_word' id='word_1_179' title='bbox 1207 1025 1365 1071; x_wconf 85' lang='lat' dir='ltr'><strong>planum.</strong></span> <span class='ocrx_word' id='word_1_180' title='bbox 1414 1025 1465 1060; x_wconf 89' lang='lat' dir='ltr'><strong>Et</strong></span> <span class='ocrx_word' id='word_1_181' title='bbox 1476 1025 1552 1070; x_wconf 84' lang='lat' dir='ltr'><strong>jam</strong></span> <span class='ocrx_word' id='word_1_182' title='bbox 1570 1026 1677 1062; x_wconf 86' lang='lat' dir='ltr'><strong>etiam</strong></span> <span class='ocrx_word' id='word_1_183' title='bbox 1693 1027 1839 1074; x_wconf 85' lang='lat' dir='ltr'><strong>planum</strong></span> <span class='ocrx_word' id='word_1_184' title='bbox 1856 1027 1923 1064; x_wconf 87' lang='lat' dir='ltr'><strong>sub</strong></span> 
     </span>
     <span class='ocr_line' id='line_1_18' title="bbox 128 1076 1919 1125; baseline 0.002 -11"><span class='ocrx_word' id='word_1_185' title='bbox 128 1076 302 1114; x_wconf 86' lang='lat' dir='ltr'><strong>lateribus</strong></span> <span class='ocrx_word' id='word_1_186' title='bbox 328 1078 360 1122; x_wconf 82' lang='lat'><strong>7,</strong></span> <span class='ocrx_word' id='word_1_187' title='bbox 388 1078 430 1114; x_wconf 74' lang='lat'><strong>14</strong></span> <span class='ocrx_word' id='word_1_188' title='bbox 457 1082 513 1114; x_wconf 85' lang='lat' dir='ltr'><strong>est</strong></span> <span class='ocrx_word' id='word_1_189' title='bbox 537 1077 686 1123; x_wconf 88' lang='lat' dir='ltr'><strong>duplum</strong></span> <span class='ocrx_word' id='word_1_190' title='bbox 712 1077 758 1112; x_wconf 90' lang='lat' dir='ltr'><strong>ad</strong></span> <span class='ocrx_word' id='word_1_191' title='bbox 782 1079 999 1123; x_wconf 86' lang='lat' dir='ltr'><strong>quadratum</strong></span> <span class='ocrx_word' id='word_1_192' title='bbox 1023 1080 1067 1115; x_wconf 91' lang='lat' dir='ltr'><strong>de</strong></span> <span class='ocrx_word' id='word_1_193' title='bbox 1092 1080 1124 1115; x_wconf 85' lang='lat'><strong>7.</strong></span> <span class='ocrx_word' id='word_1_194' title='bbox 1173 1078 1223 1114; x_wconf 89' lang='lat' dir='ltr'><strong>Et</strong></span> <span class='ocrx_word' id='word_1_195' title='bbox 1254 1081 1295 1113; x_wconf 92' lang='lat' dir='ltr'><strong>ut</strong></span> <span class='ocrx_word' id='word_1_196' title='bbox 1326 1077 1586 1123; x_wconf 82' lang='lat' dir='ltr'><strong>aequilaterum</strong></span> <span class='ocrx_word' id='word_1_197' title='bbox 1609 1078 1852 1125; x_wconf 84' lang='lat' dir='ltr'><strong>longitudines</strong></span> <span class='ocrx_word' id='word_1_198' title='bbox 1881 1083 1919 1118; x_wconf 92' lang='lat'><strong>11</strong></span> 
     </span>
     <span class='ocr_line' id='line_1_19' title="bbox 129 1129 1922 1178; baseline 0.002 -12"><span class='ocrx_word' id='word_1_199' title='bbox 129 1135 166 1166; x_wconf 91' lang='lat' dir='ltr'><strong>et</strong></span> <span class='ocrx_word' id='word_1_200' title='bbox 191 1130 245 1176; x_wconf 85' lang='lat'><strong>14,</strong></span> <span class='ocrx_word' id='word_1_201' title='bbox 271 1130 323 1165; x_wconf 89' lang='lat' dir='ltr'><strong>sic</strong></span> <span class='ocrx_word' id='word_1_202' title='bbox 347 1129 506 1176; x_wconf 86' lang='lat' dir='ltr'><strong>ipsorum</strong></span> <span class='ocrx_word' id='word_1_203' title='bbox 540 1130 649 1176; x_wconf 88' lang='lat' dir='ltr'><strong>plana</strong></span> <span class='ocrx_word' id='word_1_204' title='bbox 680 1130 726 1166; x_wconf 89' lang='lat' dir='ltr'><strong>ad</strong></span> <span class='ocrx_word' id='word_1_205' title='bbox 750 1130 912 1169; x_wconf 85' lang='lat' dir='ltr'><strong>invicem.</strong></span> <span class='ocrx_word' id='word_1_206' title='bbox 962 1133 1207 1169; x_wconf 82' lang='lat' dir='ltr'><strong>Conficeretur</strong></span> <span class='ocrx_word' id='word_1_207' title='bbox 1240 1141 1349 1176; x_wconf 89' lang='lat' dir='ltr'><strong>ergo,</strong></span> <span class='ocrx_word' id='word_1_208' title='bbox 1390 1130 1514 1166; x_wconf 89' lang='lat' dir='ltr'><strong>circuli</strong></span> <span class='ocrx_word' id='word_1_209' title='bbox 1543 1131 1730 1178; x_wconf 85' lang='lat' dir='ltr'><strong>planitiem</strong></span> <span class='ocrx_word' id='word_1_210' title='bbox 1763 1143 1843 1169; x_wconf 88' lang='lat' dir='ltr'><strong>esse</strong></span> <span class='ocrx_word' id='word_1_211' title='bbox 1866 1134 1922 1176; x_wconf 86' lang='lat'><strong>11,</strong></span> 
     </span>
     <span class='ocr_line' id='line_1_20' title="bbox 127 1181 1925 1231; baseline 0.002 -14"><span class='ocrx_word' id='word_1_212' title='bbox 127 1182 287 1228; x_wconf 88' lang='lat' dir='ltr'><strong>qualium</strong></span> <span class='ocrx_word' id='word_1_213' title='bbox 313 1183 478 1228; x_wconf 88' lang='lat' dir='ltr'><strong>quadrati</strong></span> <span class='ocrx_word' id='word_1_214' title='bbox 506 1185 559 1228; x_wconf 93' lang='grc'><strong>14,</strong></span> <span class='ocrx_word' id='word_1_215' title='bbox 585 1184 616 1219; x_wconf 90' lang='lat' dir='ltr'><strong>si</strong></span> <span class='ocrx_word' id='word_1_216' title='bbox 641 1183 799 1221; x_wconf 90' lang='lat' dir='ltr'><strong>conditio</strong></span> <span class='ocrx_word' id='word_1_217' title='bbox 823 1195 908 1221; x_wconf 83' lang='lat' dir='ltr'><strong>vera</strong></span> <span class='ocrx_word' id='word_1_218' title='bbox 933 1186 1037 1222; x_wconf 82' lang='lat' dir='ltr'><strong>esset.</strong></span> <span class='ocrx_word' id='word_1_219' title='bbox 1086 1185 1158 1221; x_wconf 89' lang='lat' dir='ltr'><strong>Sed</strong></span> <span class='ocrx_word' id='word_1_220' title='bbox 1185 1185 1262 1230; x_wconf 88' lang='lat' dir='ltr'><strong>jam</strong></span> <span class='ocrx_word' id='word_1_221' title='bbox 1291 1181 1580 1219; x_wconf 87' lang='lat' dir='ltr'><strong>circumferentia</strong></span> <span class='ocrx_word' id='word_1_222' title='bbox 1611 1184 1714 1221; x_wconf 83' lang='lat' dir='ltr'><strong>nulla</strong></span> <span class='ocrx_word' id='word_1_223' title='bbox 1743 1190 1853 1231; x_wconf 89' lang='lat' dir='ltr'><strong>recta,</strong></span> <span class='ocrx_word' id='word_1_224' title='bbox 1878 1194 1925 1220; x_wconf 89' lang='lat' dir='ltr'><strong>ne</strong></span> 
     </span>
     <span class='ocr_line' id='line_1_21' title="bbox 129 1234 1922 1285; baseline 0.002 -15"><span class='ocrx_word' id='word_1_225' title='bbox 129 1234 272 1279; x_wconf 90' lang='lat' dir='ltr'><strong>quidem</strong></span> <span class='ocrx_word' id='word_1_226' title='bbox 296 1235 510 1272; x_wconf 85' lang='lat' dir='ltr'><strong>brevissima</strong></span> <span class='ocrx_word' id='word_1_227' title='bbox 533 1241 779 1283; x_wconf 86' lang='lat' dir='ltr'><strong>mensuratur,</strong></span> <span class='ocrx_word' id='word_1_228' title='bbox 813 1237 944 1274; x_wconf 91' lang='lat' dir='ltr'><strong>nedum</strong></span> <span class='ocrx_word' id='word_1_229' title='bbox 968 1244 1009 1275; x_wconf 88' lang='lat' dir='ltr'><strong>ut</strong></span> <span class='ocrx_word' id='word_1_230' title='bbox 1034 1238 1184 1285; x_wconf 89' lang='lat' dir='ltr'><strong>septima</strong></span> <span class='ocrx_word' id='word_1_231' title='bbox 1217 1236 1383 1272; x_wconf 86' lang='lat' dir='ltr'><strong>diametri</strong></span> <span class='ocrx_word' id='word_1_232' title='bbox 1407 1235 1505 1271; x_wconf 83' lang='lat' dir='ltr'><strong>22ies</strong></span> <span class='ocrx_word' id='word_1_233' title='bbox 1543 1241 1661 1274; x_wconf 88' lang='lat' dir='ltr'><strong>sumta</strong></span> <span class='ocrx_word' id='word_1_234' title='bbox 1683 1242 1922 1275; x_wconf 83' lang='lat' dir='ltr'><strong>mensuretur.</strong></span> 
     </span>
     <span class='ocr_line' id='line_1_22' title="bbox 127 1287 1923 1338; baseline 0.003 -16"><span class='ocrx_word' id='word_1_235' title='bbox 127 1288 220 1323; x_wconf 89' lang='lat' dir='ltr'><strong>Nam</strong></span> <span class='ocrx_word' id='word_1_236' title='bbox 244 1288 276 1323; x_wconf 89' lang='lat' dir='ltr'><strong>si</strong></span> <span class='ocrx_word' id='word_1_237' title='bbox 299 1287 422 1333; x_wconf 89' lang='lat' dir='ltr'><strong>aliqua</strong></span> <span class='ocrx_word' id='word_1_238' title='bbox 444 1293 544 1325; x_wconf 87' lang='lat' dir='ltr'><strong>recta</strong></span> <span class='ocrx_word' id='word_1_239' title='bbox 568 1294 839 1326; x_wconf 88' lang='lat' dir='ltr'><strong>mensuraretur</strong></span> <span class='ocrx_word' id='word_1_240' title='bbox 862 1293 1018 1328; x_wconf 85' lang='lat' dir='ltr'><strong>curvitas</strong></span> <span class='ocrx_word' id='word_1_241' title='bbox 1051 1292 1088 1328; x_wconf 92' lang='lat' dir='ltr'><strong>in</strong></span> <span class='ocrx_word' id='word_1_242' title='bbox 1118 1291 1282 1337; x_wconf 86' lang='lat' dir='ltr'><strong>partibus</strong></span> <span class='ocrx_word' id='word_1_243' title='bbox 1317 1292 1438 1324; x_wconf 86' lang='lat' dir='ltr'><strong>rectae</strong></span> <span class='ocrx_word' id='word_1_244' title='bbox 1461 1290 1826 1338; x_wconf 65' lang='lat' dir='ltr'><strong>aequalibus,„curva</strong></span> <span class='ocrx_word' id='word_1_245' title='bbox 1850 1302 1923 1327; x_wconf 91' lang='lat' dir='ltr'><strong>non</strong></span> 
     </span>
     <span class='ocr_line' id='line_1_23' title="bbox 129 1342 1922 1387; baseline 0.003 -11"><span class='ocrx_word' id='word_1_246' title='bbox 129 1346 245 1387; x_wconf 85' lang='lat' dir='ltr'><strong>esset,</strong></span> <span class='ocrx_word' id='word_1_247' title='bbox 287 1342 568 1377; x_wconf 88' lang='lat' dir='ltr'><strong>communicaret</strong></span> <span class='ocrx_word' id='word_1_248' title='bbox 603 1343 698 1378; x_wconf 89' lang='lat' dir='ltr'><strong>enim</strong></span> <span class='ocrx_word' id='word_1_249' title='bbox 743 1343 779 1378; x_wconf 89' lang='lat' dir='ltr'><strong>in</strong></span> <span class='ocrx_word' id='word_1_250' title='bbox 814 1343 886 1381; x_wconf 87' lang='lat' dir='ltr'><strong>illis</strong></span> <span class='ocrx_word' id='word_1_251' title='bbox 931 1357 1012 1381; x_wconf 91' lang='lat' dir='ltr'><strong>cum</strong></span> <span class='ocrx_word' id='word_1_252' title='bbox 1057 1346 1165 1381; x_wconf 90' lang='lat' dir='ltr'><strong>rectis</strong></span> <span class='ocrx_word' id='word_1_253' title='bbox 1207 1347 1243 1379; x_wconf 92' lang='lat' dir='ltr'><strong>et</strong></span> <span class='ocrx_word' id='word_1_254' title='bbox 1281 1342 1333 1378; x_wconf 89' lang='lat' dir='ltr'><strong>sic</strong></span> <span class='ocrx_word' id='word_1_255' title='bbox 1373 1351 1439 1386; x_wconf 87' lang='lat' dir='ltr'><strong>pro</strong></span> <span class='ocrx_word' id='word_1_256' title='bbox 1484 1342 1772 1380; x_wconf 82' lang='lat' dir='ltr'><strong>circumferentia</strong></span> <span class='ocrx_word' id='word_1_257' title='bbox 1813 1355 1922 1381; x_wconf 83' lang='lat' dir='ltr'><strong>curva</strong></span> 
     </span>
     <span class='ocr_line' id='line_1_24' title="bbox 129 1392 1922 1444; baseline 0.003 -15"><span class='ocrx_word' id='word_1_258' title='bbox 129 1398 226 1430; x_wconf 88' lang='lat' dir='ltr'><strong>esset</strong></span> <span class='ocrx_word' id='word_1_259' title='bbox 249 1393 479 1440; x_wconf 88' lang='lat' dir='ltr'><strong>polygonum.</strong></span> <span class='ocrx_word' id='word_1_260' title='bbox 527 1395 606 1431; x_wconf 92' lang='lat' dir='ltr'><strong>Hoc</strong></span> <span class='ocrx_word' id='word_1_261' title='bbox 631 1395 721 1432; x_wconf 86' lang='lat' dir='ltr'><strong>adeo</strong></span> <span class='ocrx_word' id='word_1_262' title='bbox 746 1407 870 1433; x_wconf 89' lang='lat' dir='ltr'><strong>verum</strong></span> <span class='ocrx_word' id='word_1_263' title='bbox 895 1404 961 1444; x_wconf 90' lang='lat' dir='ltr'><strong>est,</strong></span> <span class='ocrx_word' id='word_1_264' title='bbox 987 1403 1028 1434; x_wconf 92' lang='lat' dir='ltr'><strong>ut</strong></span> <span class='ocrx_word' id='word_1_265' title='bbox 1052 1399 1082 1435; x_wconf 88' lang='lat' dir='ltr'><strong>si</strong></span> <span class='ocrx_word' id='word_1_266' title='bbox 1107 1399 1280 1434; x_wconf 89' lang='lat' dir='ltr'><strong>diameter</strong></span> <span class='ocrx_word' id='word_1_267' title='bbox 1302 1394 1340 1429; x_wconf 92' lang='lat' dir='ltr'><strong>in</strong></span> <span class='ocrx_word' id='word_1_268' title='bbox 1352 1393 1559 1441; x_wconf 86' lang='lat' dir='ltr'><strong>particulas</strong></span> <span class='ocrx_word' id='word_1_269' title='bbox 1575 1392 1746 1433; x_wconf 85' lang='lat' dir='ltr'><strong>infinities</strong></span> <span class='ocrx_word' id='word_1_270' title='bbox 1762 1397 1922 1434; x_wconf 87' lang='lat' dir='ltr'><strong>infinitas</strong></span> 
     </span>
     <span class='ocr_line' id='line_1_25' title="bbox 130 1442 1929 1497; baseline 0.003 -15"><span class='ocrx_word' id='word_1_271' title='bbox 130 1451 323 1493; x_wconf 85' lang='lat' dir='ltr'><strong>secaretur,</strong></span> <span class='ocrx_word' id='word_1_272' title='bbox 348 1447 448 1482; x_wconf 90' lang='lat' dir='ltr'><strong>nulla</strong></span> <span class='ocrx_word' id='word_1_273' title='bbox 466 1447 594 1483; x_wconf 89' lang='lat' dir='ltr'><strong>harum</strong></span> <span class='ocrx_word' id='word_1_274' title='bbox 620 1450 827 1486; x_wconf 89' lang='lat' dir='ltr'><strong>emetiretur</strong></span> <span class='ocrx_word' id='word_1_275' title='bbox 851 1451 985 1488; x_wconf 89' lang='grc'>01116111</span> <span class='ocrx_word' id='word_1_276' title='bbox 1031 1452 1110 1488; x_wconf 89' lang='lat' dir='ltr'><strong>Hoc</strong></span> <span class='ocrx_word' id='word_1_277' title='bbox 1139 1449 1336 1497; x_wconf 86' lang='lat' dir='ltr'><strong>respiciens</strong></span> <span class='ocrx_word' id='word_1_278' title='bbox 1368 1447 1603 1485; x_wconf 82' lang='lat' dir='ltr'><strong>Archimedes</strong></span> <span class='ocrx_word' id='word_1_279' title='bbox 1634 1449 1677 1485; x_wconf 82' lang='lat' dir='ltr'><strong>vi</strong></span> <span class='ocrx_word' id='word_1_280' title='bbox 1700 1442 1929 1487; x_wconf 86' lang='lat' dir='ltr'><strong>demonstra-</strong></span> 
     </span>
     <span class='ocr_line' id='line_1_26' title="bbox 129 1499 1923 1559; baseline 0.003 -26"><span class='ocrx_word' id='word_1_281' title='bbox 129 1499 238 1534; x_wconf 91' lang='lat' dir='ltr'><strong>tionis</strong></span> <span class='ocrx_word' id='word_1_282' title='bbox 264 1510 329 1546; x_wconf 90' lang='lat' dir='ltr'><strong>per</strong></span> <span class='ocrx_word' id='word_1_283' title='bbox 352 1500 574 1545; x_wconf 88' lang='lat' dir='ltr'><strong>impossibile</strong></span> <span class='ocrx_word' id='word_1_284' title='bbox 595 1506 742 1545; x_wconf 89' lang='lat' dir='ltr'><strong>rectam,</strong></span> <span class='ocrx_word' id='word_1_285' title='bbox 768 1503 867 1538; x_wconf 86' lang='lat' dir='ltr'><strong>curvi</strong></span> <span class='ocrx_word' id='word_1_286' title='bbox 891 1514 1102 1550; x_wconf 87' lang='lat' dir='ltr'><strong>mensorem,</strong></span> <span class='ocrx_word' id='word_1_287' title='bbox 1128 1503 1231 1549; x_wconf 88' lang='lat' dir='ltr'><strong>fingit</strong></span> <span class='ocrx_word' id='word_1_288' title='bbox 1257 1512 1337 1538; x_wconf 87' lang='lat' dir='ltr'><strong>esse</strong></span> <span class='ocrx_word' id='word_1_289' title='bbox 1362 1504 1556 1544; x_wconf 82' lang='lat' dir='ltr'><strong>punctum,</strong></span> <span class='ocrx_word' id='word_1_290' title='bbox 1596 1502 1675 1548; x_wconf 87' lang='lat' dir='ltr'><strong>ejus</strong></span> <span class='ocrx_word' id='word_1_291' title='bbox 1707 1503 1923 1559; x_wconf 82' lang='lat' dir='ltr'><strong>quadratum</strong></span> 
     </span>
     <span class='ocr_line' id='line_1_27' title="bbox 128 1553 1922 1602; baseline 0.002 -15"><span class='ocrx_word' id='word_1_292' title='bbox 128 1556 312 1598; x_wconf 88' lang='lat' dir='ltr'><strong>punctum.</strong></span> <span class='ocrx_word' id='word_1_293' title='bbox 361 1553 448 1589; x_wconf 90' lang='lat' dir='ltr'><strong>Cum</strong></span> <span class='ocrx_word' id='word_1_294' title='bbox 473 1554 567 1589; x_wconf 90' lang='lat' dir='ltr'><strong>enim</strong></span> <span class='ocrx_word' id='word_1_295' title='bbox 590 1553 655 1590; x_wconf 91' lang='lat' dir='ltr'><strong>fiat</strong></span> <span class='ocrx_word' id='word_1_296' title='bbox 677 1565 846 1590; x_wconf 88' lang='lat' dir='ltr'><strong>mensura</strong></span> <span class='ocrx_word' id='word_1_297' title='bbox 870 1555 1093 1601; x_wconf 87' lang='lat' dir='ltr'><strong>applicando,</strong></span> <span class='ocrx_word' id='word_1_298' title='bbox 1119 1555 1196 1591; x_wconf 91' lang='lat' dir='ltr'><strong>solo</strong></span> <span class='ocrx_word' id='word_1_299' title='bbox 1221 1555 1258 1590; x_wconf 92' lang='lat' dir='ltr'><strong>in</strong></span> <span class='ocrx_word' id='word_1_300' title='bbox 1283 1561 1417 1600; x_wconf 90' lang='lat' dir='ltr'><strong>puncto</strong></span> <span class='ocrx_word' id='word_1_301' title='bbox 1441 1558 1542 1590; x_wconf 88' lang='lat' dir='ltr'><strong>recta</strong></span> <span class='ocrx_word' id='word_1_302' title='bbox 1557 1555 1757 1602; x_wconf 82' lang='lat' dir='ltr'><strong>applicatur</strong></span> <span class='ocrx_word' id='word_1_303' title='bbox 1781 1555 1922 1591; x_wconf 83' lang='lat' dir='ltr'><strong>curvae.</strong></span> 
     </span>
     <span class='ocr_line' id='line_1_28' title="bbox 127 1602 1921 1656; baseline 0.002 -16"><span class='ocrx_word' id='word_1_304' title='bbox 127 1605 194 1641; x_wconf 89' lang='lat' dir='ltr'><strong>His</strong></span> <span class='ocrx_word' id='word_1_305' title='bbox 219 1605 264 1641; x_wconf 91' lang='lat' dir='ltr'><strong>de</strong></span> <span class='ocrx_word' id='word_1_306' title='bbox 288 1606 407 1642; x_wconf 87' lang='lat' dir='ltr'><strong>causis</strong></span> <span class='ocrx_word' id='word_1_307' title='bbox 431 1606 519 1641; x_wconf 89' lang='lat' dir='ltr'><strong>Adr.</strong></span> <span class='ocrx_word' id='word_1_308' title='bbox 546 1607 731 1643; x_wconf 88' lang='lat' dir='ltr'><strong>Romanus</strong></span> <span class='ocrx_word' id='word_1_309' title='bbox 763 1602 862 1643; x_wconf 80' lang='lat' dir='ltr'><strong>seca&#39;t</strong></span> <span class='ocrx_word' id='word_1_310' title='bbox 897 1608 1021 1644; x_wconf 91' lang='lat' dir='ltr'><strong>circuli</strong></span> <span class='ocrx_word' id='word_1_311' title='bbox 1055 1608 1266 1644; x_wconf 88' lang='lat' dir='ltr'><strong>diametrum</strong></span> <span class='ocrx_word' id='word_1_312' title='bbox 1298 1609 1335 1645; x_wconf 91' lang='lat' dir='ltr'><strong>in</strong></span> <span class='ocrx_word' id='word_1_313' title='bbox 1366 1613 1486 1656; x_wconf 87' lang='lat' dir='ltr'><strong>partes</strong></span> <span class='ocrx_word' id='word_1_314' title='bbox 1517 1608 1921 1646; x_wconf 84' lang='grc'>20000000000000000.</span> 
     </span>
     <span class='ocr_line' id='line_1_29' title="bbox 127 1658 1925 1698; baseline 0.001 -3"><span class='ocrx_word' id='word_1_315' title='bbox 127 1660 264 1695; x_wconf 89' lang='lat' dir='ltr'><strong>Harum</strong></span> <span class='ocrx_word' id='word_1_316' title='bbox 302 1663 387 1694; x_wconf 90' lang='lat' dir='ltr'><strong>suut</strong></span> <span class='ocrx_word' id='word_1_317' title='bbox 421 1658 458 1693; x_wconf 94' lang='lat' dir='ltr'><strong>in</strong></span> <span class='ocrx_word' id='word_1_318' title='bbox 483 1658 770 1695; x_wconf 82' lang='lat' dir='ltr'><strong>circumferentia</strong></span> <span class='ocrx_word' id='word_1_319' title='bbox 806 1660 1200 1697; x_wconf 75' lang='lat'>62831853071795862</span> <span class='ocrx_word' id='word_1_320' title='bbox 1234 1661 1321 1696; x_wconf 89' lang='lat' dir='ltr'><strong>fere.</strong></span> <span class='ocrx_word' id='word_1_321' title='bbox 1387 1663 1479 1698; x_wconf 78' lang='lat' dir='ltr'><strong>Nam</strong></span> <span class='ocrx_word' id='word_1_322' title='bbox 1519 1661 1638 1697; x_wconf 86' lang='lat' dir='ltr'><strong>unitas</strong></span> <span class='ocrx_word' id='word_1_323' title='bbox 1678 1660 1800 1697; x_wconf 85' lang='lat' dir='ltr'><strong>addita</strong></span> <span class='ocrx_word' id='word_1_324' title='bbox 1839 1660 1925 1696; x_wconf 86' lang='lat' dir='ltr'><strong>dicit</strong></span> 
     </span>
     <span class='ocr_line' id='line_1_30' title="bbox 129 1711 1924 1759; baseline 0.002 -11"><span class='ocrx_word' id='word_1_325' title='bbox 129 1712 294 1753; x_wconf 88' lang='lat' dir='ltr'><strong>nimium,</strong></span> <span class='ocrx_word' id='word_1_326' title='bbox 327 1711 450 1747; x_wconf 88' lang='lat' dir='ltr'><strong>ablata</strong></span> <span class='ocrx_word' id='word_1_327' title='bbox 474 1722 610 1758; x_wconf 89' lang='lat' dir='ltr'><strong>parum.</strong></span> <span class='ocrx_word' id='word_1_328' title='bbox 661 1712 829 1756; x_wconf 80' lang='lat' dir='ltr'><strong>Qualium</strong></span> <span class='ocrx_word' id='word_1_329' title='bbox 860 1712 982 1757; x_wconf 86' lang='lat' dir='ltr'><strong>itaque</strong></span> <span class='ocrx_word' id='word_1_330' title='bbox 1013 1711 1175 1749; x_wconf 87' lang='lat' dir='ltr'><strong>diametri</strong></span> <span class='ocrx_word' id='word_1_331' title='bbox 1205 1715 1418 1757; x_wconf 86' lang='lat' dir='ltr'><strong>quadratum</strong></span> <span class='ocrx_word' id='word_1_332' title='bbox 1444 1719 1499 1751; x_wconf 89' lang='lat' dir='ltr'><strong>est</strong></span> <span class='ocrx_word' id='word_1_333' title='bbox 1521 1714 1924 1759; x_wconf 84' lang='grc'>40000000000000000,</span> 
     </span>
     <span class='ocr_line' id='line_1_31' title="bbox 131 1763 1924 1811; baseline 0.002 -13"><span class='ocrx_word' id='word_1_334' title='bbox 131 1763 277 1811; x_wconf 88' lang='lat' dir='ltr'><strong>planum</strong></span> <span class='ocrx_word' id='word_1_335' title='bbox 310 1764 432 1801; x_wconf 85' lang='lat' dir='ltr'><strong>circuli</strong></span> <span class='ocrx_word' id='word_1_336' title='bbox 458 1765 525 1800; x_wconf 87' lang='lat' dir='ltr'><strong>erit</strong></span> <span class='ocrx_word' id='word_1_337' title='bbox 551 1765 938 1802; x_wconf 78' lang='lat'>31415926535897931</span> <span class='ocrx_word' id='word_1_338' title='bbox 966 1765 1058 1800; x_wconf 88' lang='lat' dir='ltr'><strong>fere:</strong></span> <span class='ocrx_word' id='word_1_339' title='bbox 1096 1765 1291 1802; x_wconf 81' lang='lat' dir='ltr'><strong>bisecando</strong></span> <span class='ocrx_word' id='word_1_340' title='bbox 1317 1766 1541 1804; x_wconf 89' lang='lat' dir='ltr'><strong>solummodo</strong></span> <span class='ocrx_word' id='word_1_341' title='bbox 1565 1776 1751 1802; x_wconf 90' lang='lat' dir='ltr'><strong>numerum</strong></span> <span class='ocrx_word' id='word_1_342' title='bbox 1777 1766 1924 1803; x_wconf 90' lang='lat' dir='ltr'><strong>circum-</strong></span> 
     </span>
     <span class='ocr_line' id='line_1_32' title="bbox 131 1817 1925 1866; baseline 0.002 -14"><span class='ocrx_word' id='word_1_343' title='bbox 131 1817 326 1863; x_wconf 86' lang='lat' dir='ltr'><strong>ferentiae,</strong></span> <span class='ocrx_word' id='word_1_344' title='bbox 367 1818 450 1862; x_wconf 87' lang='lat' dir='ltr'><strong>quia</strong></span> <span class='ocrx_word' id='word_1_345' title='bbox 480 1818 655 1854; x_wconf 83' lang='lat' dir='ltr'><strong>diameter</strong></span> <span class='ocrx_word' id='word_1_346' title='bbox 687 1818 799 1854; x_wconf 85' lang='lat' dir='ltr'><strong>habet</strong></span> <span class='ocrx_word' id='word_1_347' title='bbox 836 1818 907 1854; x_wconf 93' lang='lat' dir='ltr'><strong>duo</strong></span> <span class='ocrx_word' id='word_1_348' title='bbox 933 1819 1083 1863; x_wconf 89' lang='lat' dir='ltr'><strong>integra.</strong></span> <span class='ocrx_word' id='word_1_349' title='bbox 1130 1820 1179 1854; x_wconf 91' lang='lat' dir='ltr'><strong>At</strong></span> <span class='ocrx_word' id='word_1_350' title='bbox 1213 1820 1243 1854; x_wconf 89' lang='lat' dir='ltr'><strong>si</strong></span> <span class='ocrx_word' id='word_1_351' title='bbox 1280 1819 1463 1856; x_wconf 87' lang='lat' dir='ltr'><strong>circularis</strong></span> <span class='ocrx_word' id='word_1_352' title='bbox 1497 1819 1596 1866; x_wconf 86' lang='lat' dir='ltr'><strong>plani</strong></span> <span class='ocrx_word' id='word_1_353' title='bbox 1631 1819 1676 1855; x_wconf 88' lang='lat' dir='ltr'><strong>ad</strong></span> <span class='ocrx_word' id='word_1_354' title='bbox 1712 1819 1925 1865; x_wconf 85' lang='lat' dir='ltr'><strong>quadratum</strong></span> 
     </span>
     <span class='ocr_line' id='line_1_33' title="bbox 133 1870 1924 1931; baseline 0.002 -26"><span class='ocrx_word' id='word_1_355' title='bbox 133 1875 231 1905; x_wconf 89' lang='lat' dir='ltr'><strong>esset</strong></span> <span class='ocrx_word' id='word_1_356' title='bbox 257 1872 440 1917; x_wconf 86' lang='lat' dir='ltr'><strong>proportio</strong></span> <span class='ocrx_word' id='word_1_357' title='bbox 466 1881 558 1916; x_wconf 88' lang='lat' dir='ltr'><strong>quae</strong></span> <span class='ocrx_word' id='word_1_358' title='bbox 585 1874 659 1908; x_wconf 82' lang='lat'><strong>11:</strong></span> <span class='ocrx_word' id='word_1_359' title='bbox 679 1872 720 1907; x_wconf 87' lang='lat'><strong>14</strong></span> <span class='ocrx_word' id='word_1_360' title='bbox 757 1870 940 1931; x_wconf 79' lang='lat' dir='ltr'><strong>praecise,</strong></span> <span class='ocrx_word' id='word_1_361' title='bbox 989 1876 1076 1906; x_wconf 91' lang='lat' dir='ltr'><strong>tunc</strong></span> <span class='ocrx_word' id='word_1_362' title='bbox 1107 1871 1264 1931; x_wconf 80' lang='lat' dir='ltr'><strong>qualium</strong></span> <span class='ocrx_word' id='word_1_363' title='bbox 1293 1873 1331 1908; x_wconf 89' lang='lat' dir='ltr'><strong>in</strong></span> <span class='ocrx_word' id='word_1_364' title='bbox 1362 1874 1540 1918; x_wconf 88' lang='lat' dir='ltr'><strong>quadrato</strong></span> <span class='ocrx_word' id='word_1_365' title='bbox 1572 1873 1707 1919; x_wconf 86' lang='grc'>40000,</span> <span class='ocrx_word' id='word_1_366' title='bbox 1742 1877 1864 1909; x_wconf 86' lang='lat' dir='ltr'><strong>essent</strong></span> <span class='ocrx_word' id='word_1_367' title='bbox 1886 1874 1924 1909; x_wconf 92' lang='lat' dir='ltr'><strong>in</strong></span> 
     </span>
     <span class='ocr_line' id='line_1_34' title="bbox 135 1922 1435 1970; baseline 0.003 -12"><span class='ocrx_word' id='word_1_368' title='bbox 135 1923 260 1959; x_wconf 88' lang='lat' dir='ltr'><strong>circuli</strong></span> <span class='ocrx_word' id='word_1_369' title='bbox 284 1924 414 1970; x_wconf 85' lang='lat' dir='ltr'><strong>plano</strong></span> <span class='ocrx_word' id='word_1_370' title='bbox 418 1924 542 1969; x_wconf 84' lang='grc'>31428,</span> <span class='ocrx_word' id='word_1_371' title='bbox 568 1925 630 1960; x_wconf 84' lang='grc'>11111</span> <span class='ocrx_word' id='word_1_372' title='bbox 655 1924 776 1960; x_wconf 89' lang='lat' dir='ltr'><strong>statim</strong></span> <span class='ocrx_word' id='word_1_373' title='bbox 800 1923 836 1958; x_wconf 92' lang='lat' dir='ltr'><strong>in</strong></span> <span class='ocrx_word' id='word_1_374' title='bbox 860 1922 1055 1958; x_wconf 84' lang='lat' dir='ltr'><strong>millesimis</strong></span> <span class='ocrx_word' id='word_1_375' title='bbox 1080 1923 1226 1959; x_wconf 88' lang='lat' dir='ltr'><strong>nimium</strong></span> <span class='ocrx_word' id='word_1_376' title='bbox 1250 1925 1435 1962; x_wconf 87' lang='lat' dir='ltr'><strong>habemus</strong></span> 
     </span>
    </p>

    <p class='ocr_par' dir='ltr' id='par_1_4' title="bbox 136 1976 1927 2235">
     <span class='ocr_line' id='line_1_35' title="bbox 248 1976 1927 2036; baseline 0.001 -24"><span class='ocrx_word' id='word_1_377' title='bbox 248 1977 360 2012; x_wconf 85' lang='lat' dir='ltr'><strong>Porro</strong></span> <span class='ocrx_word' id='word_1_378' title='bbox 379 1977 504 2012; x_wconf 87' lang='lat' dir='ltr'><strong>eadem</strong></span> <span class='ocrx_word' id='word_1_379' title='bbox 529 1981 585 2012; x_wconf 84' lang='lat' dir='ltr'><strong>est</strong></span> <span class='ocrx_word' id='word_1_380' title='bbox 610 1976 803 2012; x_wconf 91' lang='lat' dir='ltr'><strong>solidorum</strong></span> <span class='ocrx_word' id='word_1_381' title='bbox 830 1977 1012 2036; x_wconf 86' lang='lat' dir='ltr'><strong>proportio</strong></span> <span class='ocrx_word' id='word_1_382' title='bbox 1039 1987 1131 2022; x_wconf 87' lang='lat' dir='ltr'><strong>quae</strong></span> <span class='ocrx_word' id='word_1_383' title='bbox 1156 1977 1356 2021; x_wconf 87' lang='lat' dir='ltr'><strong>planorum,</strong></span> <span class='ocrx_word' id='word_1_384' title='bbox 1381 1979 1412 2014; x_wconf 92' lang='lat' dir='ltr'><strong>si</strong></span> <span class='ocrx_word' id='word_1_385' title='bbox 1433 1979 1478 2014; x_wconf 89' lang='lat' dir='ltr'><strong>ad</strong></span> <span class='ocrx_word' id='word_1_386' title='bbox 1496 1978 1683 2023; x_wconf 87' lang='lat' dir='ltr'><strong>aequalem</strong></span> <span class='ocrx_word' id='word_1_387' title='bbox 1700 1977 1927 2014; x_wconf 85' lang='lat' dir='ltr'><strong>altitudinem</strong></span> 
     </span>
     <span class='ocr_line' id='line_1_36' title="bbox 138 2028 1927 2078; baseline 0.001 -14"><span class='ocrx_word' id='word_1_388' title='bbox 138 2033 383 2074; x_wconf 84' lang='lat' dir='ltr'><strong>corporentur.</strong></span> <span class='ocrx_word' id='word_1_389' title='bbox 434 2030 535 2064; x_wconf 86' lang='lat' dir='ltr'><strong>Haec</strong></span> <span class='ocrx_word' id='word_1_390' title='bbox 560 2029 670 2074; x_wconf 85' lang='lat' dir='ltr'><strong>igitur</strong></span> <span class='ocrx_word' id='word_1_391' title='bbox 693 2028 845 2075; x_wconf 88' lang='lat' dir='ltr'><strong>cylindri</strong></span> <span class='ocrx_word' id='word_1_392' title='bbox 869 2028 905 2063; x_wconf 91' lang='lat' dir='ltr'><strong>in</strong></span> <span class='ocrx_word' id='word_1_393' title='bbox 931 2029 1022 2064; x_wconf 90' lang='lat' dir='ltr'><strong>cubo</strong></span> <span class='ocrx_word' id='word_1_394' title='bbox 1049 2030 1243 2074; x_wconf 82' lang='lat' dir='ltr'><strong>quantitas.</strong></span> <span class='ocrx_word' id='word_1_395' title='bbox 1292 2031 1341 2066; x_wconf 91' lang='lat' dir='ltr'><strong>Et</strong></span> <span class='ocrx_word' id='word_1_396' title='bbox 1365 2031 1450 2076; x_wconf 88' lang='lat' dir='ltr'><strong>quia</strong></span> <span class='ocrx_word' id='word_1_397' title='bbox 1483 2042 1614 2076; x_wconf 88' lang='lat' dir='ltr'><strong>corpus</strong></span> <span class='ocrx_word' id='word_1_398' title='bbox 1639 2031 1754 2067; x_wconf 90' lang='lat' dir='ltr'><strong>nostri</strong></span> <span class='ocrx_word' id='word_1_399' title='bbox 1778 2031 1927 2078; x_wconf 82' lang='lat' dir='ltr'><strong>cylindri</strong></span> 
     </span>
     <span class='ocr_line' id='line_1_37' title="bbox 136 2082 1924 2131; baseline 0.003 -15"><span class='ocrx_word' id='word_1_400' title='bbox 136 2085 192 2116; x_wconf 89' lang='lat' dir='ltr'><strong>est</strong></span> <span class='ocrx_word' id='word_1_401' title='bbox 215 2082 409 2124; x_wconf 77' lang='grc'>82250000,</span> <span class='ocrx_word' id='word_1_402' title='bbox 433 2083 631 2128; x_wconf 77' lang='lat' dir='ltr'><strong>multiplico</strong></span> <span class='ocrx_word' id='word_1_403' title='bbox 656 2084 726 2119; x_wconf 90' lang='lat' dir='ltr'><strong>hoc</strong></span> <span class='ocrx_word' id='word_1_404' title='bbox 750 2084 786 2119; x_wconf 92' lang='lat' dir='ltr'><strong>in</strong></span> <span class='ocrx_word' id='word_1_405' title='bbox 813 2083 1027 2129; x_wconf 84' lang='lat' dir='ltr'><strong>quadratum</strong></span> <span class='ocrx_word' id='word_1_406' title='bbox 1053 2084 1215 2120; x_wconf 88' lang='lat' dir='ltr'><strong>diametri</strong></span> <span class='ocrx_word' id='word_1_407' title='bbox 1240 2085 1378 2127; x_wconf 73' lang='lat' dir='ltr'><strong>circuli,</strong></span> <span class='ocrx_word' id='word_1_408' title='bbox 1404 2086 1524 2131; x_wconf 87' lang='lat' dir='ltr'><strong>prodit</strong></span> <span class='ocrx_word' id='word_1_409' title='bbox 1550 2087 1616 2123; x_wconf 84' lang='lat'><strong>329</strong></span> <span class='ocrx_word' id='word_1_410' title='bbox 1641 2090 1720 2131; x_wconf 64' lang='lat' dir='ltr'><strong>etc„</strong></span> <span class='ocrx_word' id='word_1_411' title='bbox 1746 2090 1782 2122; x_wconf 88' lang='lat' dir='ltr'><strong>et</strong></span> <span class='ocrx_word' id='word_1_412' title='bbox 1805 2086 1924 2122; x_wconf 88' lang='lat' dir='ltr'><strong>divido</strong></span> 
     </span>
     <span class='ocr_line' id='line_1_38' title="bbox 136 2133 1927 2184; baseline 0.004 -17"><span class='ocrx_word' id='word_1_413' title='bbox 136 2133 174 2168; x_wconf 92' lang='lat' dir='ltr'><strong>in</strong></span> <span class='ocrx_word' id='word_1_414' title='bbox 191 2134 315 2169; x_wconf 88' lang='lat' dir='ltr'><strong>circuli</strong></span> <span class='ocrx_word' id='word_1_415' title='bbox 327 2135 484 2180; x_wconf 89' lang='lat' dir='ltr'><strong>planum,</strong></span> <span class='ocrx_word' id='word_1_416' title='bbox 502 2136 625 2181; x_wconf 91' lang='lat' dir='ltr'><strong>prodit</strong></span> <span class='ocrx_word' id='word_1_417' title='bbox 641 2147 810 2172; x_wconf 91' lang='lat' dir='ltr'><strong>numerus</strong></span> <span class='ocrx_word' id='word_1_418' title='bbox 832 2137 1047 2181; x_wconf 60' lang='grc'>104723932,</span> <span class='ocrx_word' id='word_1_419' title='bbox 1051 2137 1268 2174; x_wconf 75' lang='grc'>554467115.</span> <span class='ocrx_word' id='word_1_420' title='bbox 1312 2138 1419 2184; x_wconf 89' lang='lat' dir='ltr'><strong>Cujus</strong></span> <span class='ocrx_word' id='word_1_421' title='bbox 1433 2138 1536 2174; x_wconf 87' lang='lat' dir='ltr'><strong>radix</strong></span> <span class='ocrx_word' id='word_1_422' title='bbox 1549 2139 1674 2175; x_wconf 89' lang='lat' dir='ltr'><strong>cubica</strong></span> <span class='ocrx_word' id='word_1_423' title='bbox 1691 2138 1927 2184; x_wconf 67' lang='lat' dir='ltr'><strong>1⁴171³=&#39;’⁵⁶s1„00⁰</strong></span> 
     </span>
     <span class='ocr_line' id='line_1_39' title="bbox 137 2185 1284 2235; baseline 0.003 -14"><span class='ocrx_word' id='word_1_424' title='bbox 137 2185 246 2230; x_wconf 87' lang='lat' dir='ltr'><strong>paulo</strong></span> <span class='ocrx_word' id='word_1_425' title='bbox 272 2186 464 2223; x_wconf 85' lang='lat' dir='ltr'><strong>admodum</strong></span> <span class='ocrx_word' id='word_1_426' title='bbox 487 2188 581 2234; x_wconf 87' lang='lat' dir='ltr'><strong>plus,</strong></span> <span class='ocrx_word' id='word_1_427' title='bbox 608 2200 657 2225; x_wconf 91' lang='lat' dir='ltr'><strong>sc.</strong></span> <span class='ocrx_word' id='word_1_428' title='bbox 684 2188 837 2225; x_wconf 87' lang='lat' dir='ltr'><strong>altitudo</strong></span> <span class='ocrx_word' id='word_1_429' title='bbox 864 2195 899 2225; x_wconf 88' lang='lat' dir='ltr'><strong>et</strong></span> <span class='ocrx_word' id='word_1_430' title='bbox 925 2189 1099 2225; x_wconf 86' lang='lat' dir='ltr'><strong>diameter</strong></span> <span class='ocrx_word' id='word_1_431' title='bbox 1124 2189 1284 2235; x_wconf 88' lang='lat' dir='ltr'><strong>cylindri</strong></span> 
     </span>
    </p>

    <p class='ocr_par' dir='ltr' id='par_1_5' title="bbox 133 2238 1930 2708">
     <span class='ocr_line' id='line_1_40' title="bbox 249 2238 1928 2292; baseline 0.004 -18"><span class='ocrx_word' id='word_1_432' title='bbox 249 2238 330 2274; x_wconf 84' lang='lat' dir='ltr'><strong>Jam</strong></span> <span class='ocrx_word' id='word_1_433' title='bbox 356 2244 396 2275; x_wconf 91' lang='lat' dir='ltr'><strong>ut</strong></span> <span class='ocrx_word' id='word_1_434' title='bbox 419 2240 626 2276; x_wconf 87' lang='lat' dir='ltr'><strong>insistamus</strong></span> <span class='ocrx_word' id='word_1_435' title='bbox 643 2241 813 2277; x_wconf 85' lang='lat' dir='ltr'><strong>axiomati</strong></span> <span class='ocrx_word' id='word_1_436' title='bbox 830 2247 965 2288; x_wconf 87' lang='lat' dir='ltr'><strong>nostro,</strong></span> <span class='ocrx_word' id='word_1_437' title='bbox 993 2241 1194 2286; x_wconf 89' lang='lat' dir='ltr'><strong>superficiei</strong></span> <span class='ocrx_word' id='word_1_438' title='bbox 1216 2242 1431 2287; x_wconf 86' lang='lat' dir='ltr'><strong>cylindricae</strong></span> <span class='ocrx_word' id='word_1_439' title='bbox 1456 2243 1501 2279; x_wconf 89' lang='lat' dir='ltr'><strong>ad</strong></span> <span class='ocrx_word' id='word_1_440' title='bbox 1527 2242 1739 2288; x_wconf 84' lang='lat' dir='ltr'><strong>quadratum</strong></span> <span class='ocrx_word' id='word_1_441' title='bbox 1764 2243 1928 2292; x_wconf 83' lang='lat' dir='ltr'><strong>diametri</strong></span> 
     </span>
     <span class='ocr_line' id='line_1_41' title="bbox 134 2286 1928 2356; baseline 0.004 -30"><span class='ocrx_word' id='word_1_442' title='bbox 134 2291 227 2327; x_wconf 89' lang='lat' dir='ltr'><strong>ratio</strong></span> <span class='ocrx_word' id='word_1_443' title='bbox 253 2292 377 2328; x_wconf 89' lang='lat' dir='ltr'><strong>eadem</strong></span> <span class='ocrx_word' id='word_1_444' title='bbox 402 2297 474 2337; x_wconf 89' lang='lat' dir='ltr'><strong>est,</strong></span> <span class='ocrx_word' id='word_1_445' title='bbox 510 2304 603 2338; x_wconf 90' lang='lat' dir='ltr'><strong>quae</strong></span> <span class='ocrx_word' id='word_1_446' title='bbox 628 2294 937 2331; x_wconf 88' lang='lat' dir='ltr'><strong>circumferentiae</strong></span> <span class='ocrx_word' id='word_1_447' title='bbox 962 2295 1087 2331; x_wconf 88' lang='lat' dir='ltr'><strong>circuli</strong></span> <span class='ocrx_word' id='word_1_448' title='bbox 1111 2295 1156 2330; x_wconf 91' lang='lat' dir='ltr'><strong>ad</strong></span> <span class='ocrx_word' id='word_1_449' title='bbox 1183 2295 1410 2339; x_wconf 79' lang='lat' dir='ltr'><strong>diametrum,</strong></span> <span class='ocrx_word' id='word_1_450' title='bbox 1450 2296 1534 2356; x_wconf 59' lang='lat' dir='ltr'><strong>quie⁴</strong></span> <span class='ocrx_word' id='word_1_451' title='bbox 1559 2296 1667 2331; x_wconf 85' lang='lat' dir='ltr'><strong>ducta</strong></span> <span class='ocrx_word' id='word_1_452' title='bbox 1691 2300 1748 2332; x_wconf 89' lang='lat' dir='ltr'><strong>est</strong></span> <span class='ocrx_word' id='word_1_453' title='bbox 1775 2286 1928 2342; x_wconf 83' lang='lat' dir='ltr'><strong>utraque</strong></span> 
     </span>
     <span class='ocr_line' id='line_1_42' title="bbox 135 2343 1929 2394; baseline 0.004 -16"><span class='ocrx_word' id='word_1_454' title='bbox 135 2343 181 2378; x_wconf 91' lang='lat' dir='ltr'><strong>ad</strong></span> <span class='ocrx_word' id='word_1_455' title='bbox 207 2344 357 2380; x_wconf 87' lang='lat' dir='ltr'><strong>eandem</strong></span> <span class='ocrx_word' id='word_1_456' title='bbox 383 2346 607 2382; x_wconf 90' lang='lat' dir='ltr'><strong>altitudinem</strong></span> <span class='ocrx_word' id='word_1_457' title='bbox 632 2348 677 2383; x_wconf 85' lang='grc'><strong>611</strong></span> <span class='ocrx_word' id='word_1_458' title='bbox 701 2348 890 2393; x_wconf 87' lang='lat' dir='ltr'><strong>planorum</strong></span> <span class='ocrx_word' id='word_1_459' title='bbox 915 2349 1192 2393; x_wconf 88' lang='lat' dir='ltr'><strong>generationem.</strong></span> <span class='ocrx_word' id='word_1_460' title='bbox 1246 2349 1364 2384; x_wconf 86' lang='lat' dir='ltr'><strong>Conus</strong></span> <span class='ocrx_word' id='word_1_461' title='bbox 1396 2359 1479 2384; x_wconf 84' lang='lat' dir='ltr'><strong>vero</strong></span> <span class='ocrx_word' id='word_1_462' title='bbox 1511 2349 1547 2383; x_wconf 92' lang='lat' dir='ltr'><strong>in</strong></span> <span class='ocrx_word' id='word_1_463' title='bbox 1573 2348 1752 2394; x_wconf 87' lang='lat' dir='ltr'><strong>cylindro,</strong></span> <span class='ocrx_word' id='word_1_464' title='bbox 1788 2350 1868 2386; x_wconf 85' lang='lat' dir='ltr'><strong>basi</strong></span> <span class='ocrx_word' id='word_1_465' title='bbox 1891 2353 1929 2385; x_wconf 89' lang='lat' dir='ltr'><strong>et</strong></span> 
     </span>
     <span class='ocr_line' id='line_1_43' title="bbox 136 2396 1927 2449; baseline 0.004 -18"><span class='ocrx_word' id='word_1_466' title='bbox 136 2396 327 2433; x_wconf 88' lang='lat' dir='ltr'><strong>altitudine</strong></span> <span class='ocrx_word' id='word_1_467' title='bbox 353 2398 489 2444; x_wconf 89' lang='lat' dir='ltr'><strong>eadem,</strong></span> <span class='ocrx_word' id='word_1_468' title='bbox 515 2405 572 2437; x_wconf 91' lang='lat' dir='ltr'><strong>est</strong></span> <span class='ocrx_word' id='word_1_469' title='bbox 594 2400 702 2437; x_wconf 88' lang='lat' dir='ltr'><strong>tertia</strong></span> <span class='ocrx_word' id='word_1_470' title='bbox 725 2403 888 2447; x_wconf 88' lang='lat' dir='ltr'><strong>praecise</strong></span> <span class='ocrx_word' id='word_1_471' title='bbox 910 2413 994 2449; x_wconf 87' lang='lat' dir='ltr'><strong>pars</strong></span> <span class='ocrx_word' id='word_1_472' title='bbox 1021 2401 1181 2446; x_wconf 86' lang='lat' dir='ltr'><strong>corporis</strong></span> <span class='ocrx_word' id='word_1_473' title='bbox 1206 2401 1411 2447; x_wconf 85' lang='lat' dir='ltr'><strong>cylindrici:</strong></span> <span class='ocrx_word' id='word_1_474' title='bbox 1437 2412 1519 2437; x_wconf 90' lang='grc'>116111</span> <span class='ocrx_word' id='word_1_475' title='bbox 1537 2406 1573 2437; x_wconf 87' lang='grc'><strong>61</strong></span> <span class='ocrx_word' id='word_1_476' title='bbox 1587 2405 1778 2446; x_wconf 89' lang='lat' dir='ltr'><strong>utrumque</strong></span> <span class='ocrx_word' id='word_1_477' title='bbox 1796 2413 1927 2448; x_wconf 88' lang='lat' dir='ltr'><strong>corpus</strong></span> 
     </span>
     <span class='ocr_line' id='line_1_44' title="bbox 136 2453 1928 2500; baseline 0.003 -16"><span class='ocrx_word' id='word_1_478' title='bbox 136 2453 192 2485; x_wconf 87' lang='lat' dir='ltr'><strong>est</strong></span> <span class='ocrx_word' id='word_1_479' title='bbox 222 2454 258 2486; x_wconf 92' lang='lat' dir='ltr'><strong>et</strong></span> <span class='ocrx_word' id='word_1_480' title='bbox 288 2455 481 2497; x_wconf 91' lang='lat' dir='ltr'><strong>utrumque</strong></span> <span class='ocrx_word' id='word_1_481' title='bbox 517 2463 625 2489; x_wconf 87' lang='lat' dir='ltr'><strong>curve</strong></span> <span class='ocrx_word' id='word_1_482' title='bbox 649 2455 888 2491; x_wconf 86' lang='lat' dir='ltr'><strong>terminatum.</strong></span> <span class='ocrx_word' id='word_1_483' title='bbox 938 2454 1102 2499; x_wconf 88' lang='lat' dir='ltr'><strong>Denique</strong></span> <span class='ocrx_word' id='word_1_484' title='bbox 1126 2453 1428 2499; x_wconf 85' lang='lat' dir='ltr'><strong>hemisphaerium</strong></span> <span class='ocrx_word' id='word_1_485' title='bbox 1463 2453 1613 2499; x_wconf 89' lang='lat' dir='ltr'><strong>duplum</strong></span> <span class='ocrx_word' id='word_1_486' title='bbox 1649 2459 1705 2490; x_wconf 89' lang='lat' dir='ltr'><strong>est</strong></span> <span class='ocrx_word' id='word_1_487' title='bbox 1736 2454 1834 2500; x_wconf 90' lang='lat' dir='ltr'><strong>coni,</strong></span> <span class='ocrx_word' id='word_1_488' title='bbox 1869 2454 1928 2491; x_wconf 89' lang='lat' dir='ltr'><strong>cui</strong></span> 
     </span>
     <span class='ocr_line' id='line_1_45' title="bbox 133 2502 1927 2553; baseline 0.002 -14"><span class='ocrx_word' id='word_1_489' title='bbox 133 2502 230 2539; x_wconf 85' lang='lat' dir='ltr'><strong>basis</strong></span> <span class='ocrx_word' id='word_1_490' title='bbox 247 2504 423 2541; x_wconf 87' lang='lat' dir='ltr'><strong>maximus</strong></span> <span class='ocrx_word' id='word_1_491' title='bbox 442 2505 608 2549; x_wconf 88' lang='lat' dir='ltr'><strong>circulus,</strong></span> <span class='ocrx_word' id='word_1_492' title='bbox 634 2506 786 2543; x_wconf 87' lang='lat' dir='ltr'><strong>altitudo</strong></span> <span class='ocrx_word' id='word_1_493' title='bbox 804 2507 938 2553; x_wconf 88' lang='lat' dir='ltr'><strong>radius,</strong></span> <span class='ocrx_word' id='word_1_494' title='bbox 965 2511 1001 2542; x_wconf 89' lang='lat' dir='ltr'><strong>et</strong></span> <span class='ocrx_word' id='word_1_495' title='bbox 1019 2506 1070 2541; x_wconf 91' lang='lat' dir='ltr'><strong>sic</strong></span> <span class='ocrx_word' id='word_1_496' title='bbox 1095 2505 1249 2550; x_wconf 88' lang='lat' dir='ltr'><strong>sphaera</strong></span> <span class='ocrx_word' id='word_1_497' title='bbox 1274 2505 1424 2550; x_wconf 86' lang='lat' dir='ltr'><strong>duplum</strong></span> <span class='ocrx_word' id='word_1_498' title='bbox 1454 2511 1510 2541; x_wconf 87' lang='lat' dir='ltr'><strong>est</strong></span> <span class='ocrx_word' id='word_1_499' title='bbox 1536 2506 1628 2552; x_wconf 89' lang='lat' dir='ltr'><strong>coni,</strong></span> <span class='ocrx_word' id='word_1_500' title='bbox 1653 2502 1712 2543; x_wconf 87' lang='lat' dir='ltr'><strong>cui</strong></span> <span class='ocrx_word' id='word_1_501' title='bbox 1735 2506 1832 2543; x_wconf 83' lang='lat' dir='ltr'><strong>basis</strong></span> <span class='ocrx_word' id='word_1_502' title='bbox 1856 2507 1927 2552; x_wconf 88' lang='lat' dir='ltr'><strong>pri-</strong></span> 
     </span>
     <span class='ocr_line' id='line_1_46' title="bbox 136 2555 1930 2604; baseline 0.004 -15"><span class='ocrx_word' id='word_1_503' title='bbox 136 2555 241 2600; x_wconf 88' lang='lat' dir='ltr'><strong>stina,</strong></span> <span class='ocrx_word' id='word_1_504' title='bbox 260 2555 412 2593; x_wconf 85' lang='lat' dir='ltr'><strong>altitudo</strong></span> <span class='ocrx_word' id='word_1_505' title='bbox 427 2557 618 2604; x_wconf 83' lang='lat' dir='ltr'><strong>diameter3</strong></span> <span class='ocrx_word' id='word_1_506' title='bbox 645 2563 798 2604; x_wconf 91' lang='lat' dir='ltr'><strong>utraque</strong></span> <span class='ocrx_word' id='word_1_507' title='bbox 823 2569 908 2604; x_wconf 88' lang='lat' dir='ltr'><strong>ergo</strong></span> <span class='ocrx_word' id='word_1_508' title='bbox 934 2559 970 2593; x_wconf 92' lang='lat' dir='ltr'><strong>in</strong></span> <span class='ocrx_word' id='word_1_509' title='bbox 996 2557 1194 2603; x_wconf 89' lang='lat' dir='ltr'><strong>cylindrum</strong></span> <span class='ocrx_word' id='word_1_510' title='bbox 1218 2557 1367 2600; x_wconf 88' lang='lat' dir='ltr'><strong>inclusa,</strong></span> <span class='ocrx_word' id='word_1_511' title='bbox 1385 2558 1542 2603; x_wconf 84' lang='lat' dir='ltr'><strong>sphaera</strong></span> <span class='ocrx_word' id='word_1_512' title='bbox 1558 2559 1621 2594; x_wconf 89' lang='lat' dir='ltr'><strong>bes</strong></span> <span class='ocrx_word' id='word_1_513' title='bbox 1638 2565 1694 2596; x_wconf 90' lang='lat' dir='ltr'><strong>est</strong></span> <span class='ocrx_word' id='word_1_514' title='bbox 1717 2560 1762 2596; x_wconf 90' lang='lat' dir='ltr'><strong>de</strong></span> <span class='ocrx_word' id='word_1_515' title='bbox 1779 2569 1930 2604; x_wconf 87' lang='lat' dir='ltr'><strong>corpore</strong></span> 
     </span>
     <span class='ocr_line' id='line_1_47' title="bbox 137 2605 1928 2656; baseline 0.003 -13"><span class='ocrx_word' id='word_1_516' title='bbox 137 2605 340 2651; x_wconf 79' lang='lat' dir='ltr'><strong>cylindrico,</strong></span> <span class='ocrx_word' id='word_1_517' title='bbox 366 2619 478 2645; x_wconf 81' lang='lat' dir='ltr'><strong>conus</strong></span> <span class='ocrx_word' id='word_1_518' title='bbox 502 2610 624 2646; x_wconf 88' lang='lat' dir='ltr'><strong>triens.</strong></span> <span class='ocrx_word' id='word_1_519' title='bbox 670 2611 828 2646; x_wconf 88' lang='lat' dir='ltr'><strong>Rursum</strong></span> <span class='ocrx_word' id='word_1_520' title='bbox 846 2611 938 2646; x_wconf 90' lang='lat' dir='ltr'><strong>enim</strong></span> <span class='ocrx_word' id='word_1_521' title='bbox 956 2609 1200 2655; x_wconf 86' lang='lat' dir='ltr'><strong>corpulentiae</strong></span> <span class='ocrx_word' id='word_1_522' title='bbox 1218 2610 1335 2646; x_wconf 89' lang='lat' dir='ltr'><strong>curvis</strong></span> <span class='ocrx_word' id='word_1_523' title='bbox 1353 2611 1611 2656; x_wconf 83' lang='lat' dir='ltr'><strong>superficiebus</strong></span> <span class='ocrx_word' id='word_1_524' title='bbox 1630 2612 1928 2650; x_wconf 88' lang='lat' dir='ltr'><strong>circumscribun-</strong></span> 
     </span>
     <span class='ocr_line' id='line_1_48' title="bbox 134 2660 1269 2708; baseline 0.003 -14"><span class='ocrx_word' id='word_1_525' title='bbox 134 2663 205 2705; x_wconf 89' lang='lat' dir='ltr'><strong>tur,</strong></span> <span class='ocrx_word' id='word_1_526' title='bbox 230 2670 323 2705; x_wconf 84' lang='lat' dir='ltr'><strong>quae</strong></span> <span class='ocrx_word' id='word_1_527' title='bbox 347 2671 458 2697; x_wconf 85' lang='lat' dir='ltr'><strong>causa</strong></span> <span class='ocrx_word' id='word_1_528' title='bbox 483 2666 548 2708; x_wconf 86' lang='lat' dir='ltr'><strong>est,</strong></span> <span class='ocrx_word' id='word_1_529' title='bbox 574 2673 638 2698; x_wconf 91' lang='lat' dir='ltr'><strong>cur</strong></span> <span class='ocrx_word' id='word_1_530' title='bbox 661 2663 802 2708; x_wconf 89' lang='lat' dir='ltr'><strong>possint</strong></span> <span class='ocrx_word' id='word_1_531' title='bbox 825 2662 902 2698; x_wconf 90' lang='lat' dir='ltr'><strong>fieri</strong></span> <span class='ocrx_word' id='word_1_532' title='bbox 928 2660 1269 2698; x_wconf 87' lang='lat' dir='ltr'><strong>commensurabilia.</strong></span> 
     </span>
    </p>

    <p class='ocr_par' dir='ltr' id='par_1_6' title="bbox 137 2713 1928 3010">
     <span class='ocr_line' id='line_1_49' title="bbox 253 2713 1928 2762; baseline 0.003 -14"><span class='ocrx_word' id='word_1_533' title='bbox 253 2713 488 2750; x_wconf 87' lang='lat' dir='ltr'><strong>Demonstrat</strong></span> <span class='ocrx_word' id='word_1_534' title='bbox 523 2725 569 2750; x_wconf 85' lang='lat' dir='ltr'><strong>ex</strong></span> <span class='ocrx_word' id='word_1_535' title='bbox 594 2715 720 2751; x_wconf 89' lang='lat' dir='ltr'><strong>eadem</strong></span> <span class='ocrx_word' id='word_1_536' title='bbox 745 2714 938 2751; x_wconf 87' lang='lat' dir='ltr'><strong>securitate</strong></span> <span class='ocrx_word' id='word_1_537' title='bbox 962 2713 1215 2758; x_wconf 83' lang='lat' dir='ltr'><strong>Archimedes,</strong></span> <span class='ocrx_word' id='word_1_538' title='bbox 1255 2718 1290 2749; x_wconf 90' lang='lat' dir='ltr'><strong>et</strong></span> <span class='ocrx_word' id='word_1_539' title='bbox 1315 2715 1540 2760; x_wconf 85' lang='lat' dir='ltr'><strong>sphaericam</strong></span> <span class='ocrx_word' id='word_1_540' title='bbox 1565 2716 1790 2762; x_wconf 87' lang='lat' dir='ltr'><strong>superficiem</strong></span> <span class='ocrx_word' id='word_1_541' title='bbox 1815 2716 1928 2753; x_wconf 79' lang='lat' dir='ltr'><strong>solam</strong></span> 
     </span>
     <span class='ocr_line' id='line_1_50' title="bbox 137 2764 1928 2815; baseline 0.001 -12"><span class='ocrx_word' id='word_1_542' title='bbox 137 2764 297 2811; x_wconf 81' lang='lat' dir='ltr'><strong>perfecte</strong></span> <span class='ocrx_word' id='word_1_543' title='bbox 322 2777 465 2802; x_wconf 86' lang='lat' dir='ltr'><strong>curvam</strong></span> <span class='ocrx_word' id='word_1_544' title='bbox 490 2768 769 2803; x_wconf 85' lang='lat' dir='ltr'><strong>commensurari</strong></span> <span class='ocrx_word' id='word_1_545' title='bbox 793 2767 1069 2814; x_wconf 70' lang='lat' dir='ltr'><strong>planomaximi</strong></span> <span class='ocrx_word' id='word_1_546' title='bbox 1094 2766 1238 2812; x_wconf 87' lang='lat' dir='ltr'><strong>circuli,</strong></span> <span class='ocrx_word' id='word_1_547' title='bbox 1276 2768 1360 2812; x_wconf 88' lang='lat' dir='ltr'><strong>quia</strong></span> <span class='ocrx_word' id='word_1_548' title='bbox 1384 2769 1452 2804; x_wconf 91' lang='lat' dir='ltr'><strong>etsi</strong></span> <span class='ocrx_word' id='word_1_549' title='bbox 1485 2769 1522 2804; x_wconf 91' lang='lat' dir='ltr'><strong>in</strong></span> <span class='ocrx_word' id='word_1_550' title='bbox 1557 2774 1674 2806; x_wconf 88' lang='lat' dir='ltr'><strong>rectas</strong></span> <span class='ocrx_word' id='word_1_551' title='bbox 1711 2770 1928 2815; x_wconf 87' lang='lat' dir='ltr'><strong>quantitates</strong></span> 
     </span>
     <span class='ocr_line' id='line_1_51' title="bbox 141 2817 1926 2866; baseline 0.002 -13"><span class='ocrx_word' id='word_1_552' title='bbox 141 2817 246 2859; x_wconf 84' lang='lat' dir='ltr'><strong>cadit.</strong></span> <span class='ocrx_word' id='word_1_553' title='bbox 273 2830 379 2855; x_wconf 89' lang='lat' dir='ltr'><strong>curve</strong></span> <span class='ocrx_word' id='word_1_554' title='bbox 403 2824 524 2855; x_wconf 91' lang='lat' dir='ltr'><strong>tamen</strong></span> <span class='ocrx_word' id='word_1_555' title='bbox 547 2821 769 2856; x_wconf 87' lang='lat' dir='ltr'><strong>terminatur.</strong></span> <span class='ocrx_word' id='word_1_556' title='bbox 820 2819 1068 2865; x_wconf 78' lang='lat' dir='ltr'><strong>Quadruplum</strong></span> <span class='ocrx_word' id='word_1_557' title='bbox 1103 2820 1211 2864; x_wconf 85' lang='lat' dir='ltr'><strong>igitur</strong></span> <span class='ocrx_word' id='word_1_558' title='bbox 1247 2825 1303 2856; x_wconf 89' lang='lat' dir='ltr'><strong>est</strong></span> <span class='ocrx_word' id='word_1_559' title='bbox 1335 2820 1425 2857; x_wconf 90' lang='lat' dir='ltr'><strong>illud</strong></span> <span class='ocrx_word' id='word_1_560' title='bbox 1456 2821 1575 2866; x_wconf 86' lang='lat' dir='ltr'><strong>hujus.</strong></span> <span class='ocrx_word' id='word_1_561' title='bbox 1624 2822 1680 2858; x_wconf 89' lang='lat' dir='ltr'><strong>Ita</strong></span> <span class='ocrx_word' id='word_1_562' title='bbox 1704 2823 1801 2857; x_wconf 88' lang='lat' dir='ltr'><strong>solus</strong></span> <span class='ocrx_word' id='word_1_563' title='bbox 1826 2826 1926 2858; x_wconf 87' lang='lat' dir='ltr'><strong>ortus</strong></span> 
     </span>
     <span class='ocr_line' id='line_1_52' title="bbox 138 2870 1927 2919; baseline 0.002 -15"><span class='ocrx_word' id='word_1_564' title='bbox 138 2870 275 2914; x_wconf 89' lang='lat' dir='ltr'><strong>primus</strong></span> <span class='ocrx_word' id='word_1_565' title='bbox 310 2871 535 2907; x_wconf 87' lang='lat' dir='ltr'><strong>rectitudinis</strong></span> <span class='ocrx_word' id='word_1_566' title='bbox 568 2872 726 2917; x_wconf 88' lang='lat' dir='ltr'><strong>impedit,</strong></span> <span class='ocrx_word' id='word_1_567' title='bbox 754 2873 944 2917; x_wconf 75' lang='lat' dir='ltr'><strong>quominus</strong></span> <span class='ocrx_word' id='word_1_568' title='bbox 969 2876 1067 2907; x_wconf 88' lang='lat' dir='ltr'><strong>recta</strong></span> <span class='ocrx_word' id='word_1_569' title='bbox 1092 2873 1209 2908; x_wconf 85' lang='lat' dir='ltr'><strong>curvis</strong></span> <span class='ocrx_word' id='word_1_570' title='bbox 1235 2878 1584 2908; x_wconf 87' lang='lat' dir='ltr'><strong>commensurentur:</strong></span> <span class='ocrx_word' id='word_1_571' title='bbox 1610 2874 1706 2919; x_wconf 90' lang='lat' dir='ltr'><strong>quod</strong></span> <span class='ocrx_word' id='word_1_572' title='bbox 1723 2873 1927 2911; x_wconf 82' lang='lat' dir='ltr'><strong>cabalistice</strong></span> 
     </span>
     <span class='ocr_line' id='line_1_53' title="bbox 139 2920 1927 2972; baseline 0.005 -18"><span class='ocrx_word' id='word_1_573' title='bbox 139 2920 317 2965; x_wconf 87' lang='lat' dir='ltr'><strong>significat</strong></span> <span class='ocrx_word' id='word_1_574' title='bbox 340 2923 494 2959; x_wconf 89' lang='lat' dir='ltr'><strong>hominis</strong></span> <span class='ocrx_word' id='word_1_575' title='bbox 521 2935 601 2959; x_wconf 91' lang='lat' dir='ltr'><strong>cum</strong></span> <span class='ocrx_word' id='word_1_576' title='bbox 624 2924 701 2959; x_wconf 91' lang='lat' dir='ltr'><strong>Deo</strong></span> <span class='ocrx_word' id='word_1_577' title='bbox 726 2924 995 2969; x_wconf 86' lang='lat' dir='ltr'><strong>cognationem,</strong></span> <span class='ocrx_word' id='word_1_578' title='bbox 1032 2929 1068 2960; x_wconf 90' lang='lat' dir='ltr'><strong>et</strong></span> <span class='ocrx_word' id='word_1_579' title='bbox 1093 2925 1281 2961; x_wconf 90' lang='lat' dir='ltr'><strong>discrimen</strong></span> <span class='ocrx_word' id='word_1_580' title='bbox 1305 2926 1342 2961; x_wconf 91' lang='lat' dir='ltr'><strong>in</strong></span> <span class='ocrx_word' id='word_1_581' title='bbox 1375 2936 1436 2971; x_wconf 91' lang='lat' dir='ltr'><strong>eo,</strong></span> <span class='ocrx_word' id='word_1_582' title='bbox 1473 2926 1568 2972; x_wconf 91' lang='lat' dir='ltr'><strong>quod</strong></span> <span class='ocrx_word' id='word_1_583' title='bbox 1594 2931 1711 2963; x_wconf 89' lang='lat' dir='ltr'><strong>ortum</strong></span> <span class='ocrx_word' id='word_1_584' title='bbox 1735 2928 1795 2963; x_wconf 90' lang='lat' dir='ltr'><strong>ille</strong></span> <span class='ocrx_word' id='word_1_585' title='bbox 1818 2927 1927 2963; x_wconf 86' lang='lat' dir='ltr'><strong>habet</strong></span> 
     </span>
     <span class='ocr_line' id='line_1_54' title="bbox 141 2973 395 3010; baseline 0.012 -3"><span class='ocrx_word' id='word_1_586' title='bbox 141 2977 177 3007; x_wconf 92' lang='lat' dir='ltr'><strong>et</strong></span> <span class='ocrx_word' id='word_1_587' title='bbox 200 2973 395 3010; x_wconf 91' lang='lat' dir='ltr'><strong>interitum.</strong></span> 
     </span>
    </p>

    <p class='ocr_par' dir='ltr' id='par_1_7' title="bbox 140 3026 1927 3128">
     <span class='ocr_line' id='line_1_55' title="bbox 256 3026 1927 3076; baseline 0.002 -16"><span class='ocrx_word' id='word_1_588' title='bbox 256 3026 313 3061; x_wconf 89' lang='lat' dir='ltr'><strong>Ad</strong></span> <span class='ocrx_word' id='word_1_589' title='bbox 329 3037 416 3062; x_wconf 92' lang='lat' dir='ltr'><strong>rem</strong></span> <span class='ocrx_word' id='word_1_590' title='bbox 466 3026 558 3071; x_wconf 84' lang='lat' dir='ltr'><strong>Quia</strong></span> <span class='ocrx_word' id='word_1_591' title='bbox 584 3027 628 3063; x_wconf 89' lang='lat' dir='ltr'><strong>de</strong></span> <span class='ocrx_word' id='word_1_592' title='bbox 652 3028 811 3073; x_wconf 86' lang='lat' dir='ltr'><strong>corporis</strong></span> <span class='ocrx_word' id='word_1_593' title='bbox 835 3027 920 3064; x_wconf 91' lang='lat' dir='ltr'><strong>cubi</strong></span> <span class='ocrx_word' id='word_1_594' title='bbox 942 3028 1105 3073; x_wconf 87' lang='lat' dir='ltr'><strong>partibus</strong></span> <span class='ocrx_word' id='word_1_595' title='bbox 1124 3030 1167 3064; x_wconf 87' lang='grc'><strong>14</strong></span> <span class='ocrx_word' id='word_1_596' title='bbox 1191 3030 1411 3075; x_wconf 88' lang='lat' dir='ltr'><strong>putabantur</strong></span> <span class='ocrx_word' id='word_1_597' title='bbox 1430 3031 1466 3066; x_wconf 85' lang='lat'><strong>11</strong></span> <span class='ocrx_word' id='word_1_598' title='bbox 1489 3030 1616 3067; x_wconf 88' lang='lat' dir='ltr'><strong>cedere</strong></span> <span class='ocrx_word' id='word_1_599' title='bbox 1632 3030 1803 3076; x_wconf 88' lang='lat' dir='ltr'><strong>cylindro,</strong></span> <span class='ocrx_word' id='word_1_600' title='bbox 1827 3033 1927 3065; x_wconf 88' lang='lat' dir='ltr'><strong>recte</strong></span> 
     </span>
     <span class='ocr_line' id='line_1_56' title="bbox 140 3075 1926 3128; baseline 0.002 -16"><span class='ocrx_word' id='word_1_601' title='bbox 140 3075 205 3113; x_wconf 84' lang='lat' dir='ltr'><strong>bes</strong></span> <span class='ocrx_word' id='word_1_602' title='bbox 230 3077 427 3123; x_wconf 79' lang='lat' dir='ltr'><strong>undenarii,</strong></span> <span class='ocrx_word' id='word_1_603' title='bbox 454 3089 504 3115; x_wconf 90' lang='lat' dir='ltr'><strong>sc.</strong></span> <span class='ocrx_word' id='word_1_604' title='bbox 531 3080 596 3124; x_wconf 54' lang='lat'><strong>7¹4</strong></span> <span class='ocrx_word' id='word_1_605' title='bbox 623 3079 777 3117; x_wconf 87' lang='lat' dir='ltr'><strong>dabatur</strong></span> <span class='ocrx_word' id='word_1_606' title='bbox 799 3080 986 3126; x_wconf 87' lang='lat' dir='ltr'><strong>sphaerae,</strong></span> <span class='ocrx_word' id='word_1_607' title='bbox 1011 3085 1051 3116; x_wconf 93' lang='lat' dir='ltr'><strong>ut</strong></span> <span class='ocrx_word' id='word_1_608' title='bbox 1077 3081 1120 3116; x_wconf 87' lang='lat' dir='ltr'><strong>de</strong></span> <span class='ocrx_word' id='word_1_609' title='bbox 1144 3082 1189 3118; x_wconf 89' lang='grc'><strong>42</strong></span> <span class='ocrx_word' id='word_1_610' title='bbox 1213 3082 1375 3127; x_wconf 85' lang='lat' dir='ltr'><strong>partibus</strong></span> <span class='ocrx_word' id='word_1_611' title='bbox 1409 3083 1492 3118; x_wconf 89' lang='lat' dir='ltr'><strong>cubi</strong></span> <span class='ocrx_word' id='word_1_612' title='bbox 1516 3083 1647 3119; x_wconf 91' lang='lat' dir='ltr'><strong>cedant</strong></span> <span class='ocrx_word' id='word_1_613' title='bbox 1670 3083 1846 3128; x_wconf 84' lang='lat' dir='ltr'><strong>sphaerae</strong></span> <span class='ocrx_word' id='word_1_614' title='bbox 1869 3081 1926 3127; x_wconf 83' lang='lat'><strong>22,</strong></span> 
     </span>
    </p>
   </div>
  </div>
 </body>
</html>
