1994 3276
766 29 1207 77 manzanum
1805 33 1891 96 aas

98 145 346 188 hausisse,
382 113 1264 194 aoeffiehoeeapitemneavidoeipossit,
1294 146 1894 193 quippecummuinuscontus
1972 161 1978 170 ¹

100 197 253 236 effeetu-
275 198 324 236 sit
345 191 542 236 'animorum
565 204 696 236 motus.
740 199 826 237 Non
842 199 954 245 igitur
974 199 1069 236 inter
1082 198 1349 237 elumbesalias
1370 200 1659 247 comparationes
1678 197 1892 245 amiciendo.

100 251 559 292 namra-initum
586 252 847 299 ipsimoperia
876 249 1195 289 looocollocauda
1224 256 1262 288 et
1293 251 1708 293 tonorumdiffoeentiae
1737 251 1891 298 abipso

99 303 1171 349 boceffosndeseibendaemihifuoeuntb‘brimeilll.
1197 305 1397 366 capitelt.

211 356 313 395 Rota
331 355 380 392 11.
426 355 574 397 Duabus
605 357 652 395 de
681 357 800 396 causis
830 357 902 393 hoc
933 351 1014 394 loe'o
1042 361 1204 394 muutur
1231 359 1434 397 animorum
1464 357 1672 404 dispositio,
1705 358 1766 396 vel
1794 359 1891 406 euim

99 409 307 448 conditione
335 413 536 455 temporum
568 415 606 446 et
634 409 885 448 affectionibus
918 409 1122 457 formisque
1150 410 1387 457 reipubliese,
1425 410 1483 446 vel
1518 415 1628 450 cantu
1660 411 1754 457 ipso.
1800 412 1892 454 mae

99 461 318 500 mutationes
342 466 429 498 sunt
449 461 585 508 lenae,
619 463 713 500 istae
734 462 967 508 subitaneae,
1001 467 1044 498 ut
1066 467 1196 499 cantus
1218 463 1319 509 ipse;
1350 463 1436 499 illae
1458 463 1730 506 universitatem
1758 465 1892 503 civium

99 516 274 561 attinent,
303 515 397 552 istae
426 515 587 561 singulos
618 520 748 553 cantus
774 515 972 552 auditores.
1019 515 1077 551 De
1101 515 1218 561 prim
1240 526 1353 553 ausa
1378 522 1504 553 textus
1530 516 1652 554 clarus
1681 522 1756 562 est,
1785 517 1891 564 ouius

98 571 191 610 baec
218 578 375 607 summa:
406 567 524 607 §mdia
553 569 688 607 abeunt
719 568 760 605 in
787 578 906 605 mores
930 572 968 604 et
991 568 1221 605 consuetudo
1253 569 1296 605 fit
1317 569 1434 606 altera
1462 574 1604 607 natura.
1652 543 1782 609 Studia
1803 581 1890 609 vero

100 623 175 660 alia
194 621 288 659 aliae
309 624 513 667 temporum
523 618 760 660 necessitates
785 620 1048 668 suppeditant.
1079 620 1175 659 Huic
1190 620 1382 658 mutationi
1396 632 1535 658 morum
1550 621 1781 667 publicorum
1795 633 1891 659 oom-

99 679 251 722 paratur
271 673 424 711 mutatio
447 678 611 710 ιοιιοιοιιι
633 675 671 711 in
694 680 804 712 oantu
837 679 875 711 et
897 674 996 711 illam
1018 684 1247 721 consequens
1277 674 1429 711 mutatio
1463 673 1670 712 affectuum.
1717 675 1891 721 Quamvis

99 728 211 775 igitur
240 712 311 763 hae
333 725 569 762 mutationum
601 737 734 765 eausae
763 728 837 764 sint
866 726 1149 773 diversissimae,
1187 738 1261 764 nou
1290 727 1428 767 frustm
1466 731 1589 762 nmen
1622 727 1892 773 conjunguntur

101 779 228 816 eodem
249 778 342 816 loeo.
388 778 482 814 Nam
506 777 538 814 si
560 778 744 824 legislator
766 784 831 816 aut
853 779 1062 815 moderator
1083 779 1307 825 reipublicae
1330 779 1440 823 sciat,
1464 780 1528 826 qni
1549 785 1658 816 tonus
1682 789 1775 826 quos
1799 781 1895 822 cient

101 831 255 868 affectus
277 830 316 868 in
337 829 542 868 hominibus
564 831 727 878 tunnulis,
759 831 940 869 delectum
970 831 1119 868 babebit
1141 836 1310 869 tonorum
1341 843 1387 868 ex
1410 842 1498 877 usu,
1534 831 1910 878 accommodabitque-

97 881 170 920 hoe
190 881 384 920 discrimen
406 882 464 918 vel
485 883 698 928 genualiter
719 883 767 922 ad
790 894 880 922 suae
902 883 1122 929 reipublicae
1145 883 1315 929 formam,
1347 883 1405 920 vel
1436 884 1475 921 in
1496 883 1619 930 speeie
1649 882 1696 920 ad
1719 893 1890 929 praeseu-

99 941 156 972 tes
177 934 399 981 reipublicae
420 935 673 981 necessitates,
703 947 800 975 nunc
823 936 891 972 bos
923 940 1065 981 vetans,
1087 946 1185 973 nunc
1208 935 1307 981 illos3
1341 935 1427 981 quia
1456 947 1503 971 ex
1531 940 1631 974 motu
1655 934 1891 982 singularium

97 987 296 1024 tnimorm
327 987 474 1024 tandem
505 998 572 1034 per
599 987 830 1026 imitationem
862 989 987 1025 existit
1015 993 1137 1026 motus
1171 989 1285 1025 totius
1317 988 1584 1026 communitatis
1614 988 1745 1029 civium
1777 992 1816 1023 et
1844 997 1892 1023 ex

98 1040 227 1078 crebra
247 1041 484 1088 usurpatione
506 1040 680 1079 melodi-e
702 1046 842 1087 certae,
872 1051 966 1088 quae
988 1040 1207 1087 peculiarem
1231 1040 1341 1076 habet
1365 1039 1572 1086 emphasin,
1597 1039 1808 1077 coalescunt
1830 1038 1891 1075 de·

98 1094 207 1142 nique
227 1105 347 1131 mores
370 1094 585 1131 consimiles.

216 1145 276 1183 Sic
297 1145 574 1190 Lacedaemonii
597 1146 745 1182 formam
767 1146 986 1192 reipublicae
1008 1146 1181 1193 legesque
1203 1125 1386 1183 habebant
1408 1145 1591 1191 militares,
1616 1144 1830 1192 cavitatem
1854 1151 1892 1182 et

97 1198 347 1236 austeritatem
369 1198 568 1244 spirantem
594 1199 713 1245 itaque
737 1198 913 1246 quasdam
937 1204 1068 1236 cantus
1092 1199 1227 1235 formas
1244 1198 1485 1237 exturbarunt
1507 1208 1529 1233 e
1545 1197 1690 1234 civitate
1714 1208 1792 1239 sua.
1833 1196 1893 1234 Sic

99 1251 266 1297 Romani,
288 1251 496 1289 Btiunniae
519 1256 654 1289 statum
677 1251 875 1296 formaturi,
900 1252 1103 1289 enervaturi
1127 1251 1267 1288 scilicet
1295 1250 1486 1287 militarem
1503 1250 1759 1290 Britannorum
1782 1249 1893 1287 virtu·

95 1308 181 1348 tem,
203 1303 482 1341 adsuefecerunt
505 1315 631 1340 eorum
648 1303 873 1348 juventutem
897 1305 1052 1342 theatris
1083 1310 1121 1340 et
1145 1304 1311 1342 cantibus
1335 1302 1490 1339 lascivis.
1539 1302 1632 1339 Vide
1654 1302 1726 1338 hac
1749 1302 1795 1342 de
1817 1312 1890 1339 ma-

97 1355 188 1392 toria
210 1354 327 1394 locum
351 1355 534 1401 egregium
558 1362 596 1393 et
618 1357 727 1402 plane
749 1359 944 1394 oratorium
969 1359 1067 1405 apud
1091 1359 1194 1394 Vino.
1220 1356 1420 1392 Galilaeum
1450 1355 1488 1391 in
1513 1365 1624 1401 opere
1645 1353 1794 1399 Italico,
1829 1353 1891 1389 ubi

98 1408 144 1444 de
173 1407 342 1446 laudibus
370 1409 527 1445 musices
554 1414 716 1445 veterum
744 1410 826 1455 agit.
872 1411 990 1447 Hodie
1019 1421 1163 1458 quoque
1192 1409 1291 1456 apud
1323 1409 1461 1446 'furcas
1494 1418 1607 1444 unum
1635 1406 1753 1451 solum
1782 1405 1892 1453 idque

99 1461 230 1499 durum
258 1460 364 1497 valde
393 1465 432 1497 et
452 1461 674 1498 inconditum
707 1472 817 1506 geum
846 1463 1023 1500 melodiae
1054 1462 1216 1508 auditur,
1252 1461 1352 1508 apud
1381 1471 1448 1497 nos
1472 1460 1671 1497 Germanos
1699 1459 1787 1497 huic
1809 1458 1892 1496 usui

99 1513 310 1558 deputatum
333 1519 391 1551 est
414 1519 642 1561 tympanum,
674 1514 799 1559 juncta
820 1516 910 1552 tibia
936 1515 1129 1562 campestri
1153 1516 1206 1551 sic
1230 1515 1327 1551 dicta
1351 1519 1388 1549 et
1410 1512 1500 1548 tuba
1523 1522 1654 1557 aenea,
1677 1511 1767 1548 illud
1789 1511 1891 1558 pedi·

96 1569 204 1611 tatu,
226 1565 320 1602 haec
342 1566 523 1613 equitatus
546 1567 738 1603 classicum
760 1577 823 1604 seu
845 1569 1081 1611 incentivum
1107 1573 1146 1603 et
1160 1567 1251 1604 tuba
1265 1566 1408 1614 quidem
1432 1564 1601 1611 exprimit
1623 1563 1761 1610 aliquid
1776 1564 1892 1601 simile

74 1616 175 1655 toni
195 1618 329 1664 octavi5
351 1624 390 1655 at
412 1631 485 1656 non
509 1620 691 1665 existimo,
725 1621 954 1666 praecipuam
978 1621 1015 1656 in
1039 1621 1111 1656 hoc
1135 1620 1206 1656 vim
1229 1620 1349 1656 inesse
1374 1617 1421 1654 ad
1444 1617 1641 1653 movendos
1665 1617 1804 1654 animos
1826 1617 1891 1654 mi·

95 1671 218 1717 litun,
247 1673 693 1719 praesertim·nostrorum
716 1672 989 1717 Germanorum,
1021 1672 1084 1719 qui
1107 1672 1322 1719 plerumque
1345 1670 1455 1707 rudes
1479 1674 1566 1705 sunt
1596 1669 1752 1705 musices
1777 1674 1815 1707 et
1835 1669 1890 1706 in·

97 1735 251 1771 capaces
278 1724 407 1761 horum
438 1724 698 1766 discriminum;
730 1723 815 1769 plus
843 1726 961 1760 mo'vet
992 1729 1030 1760 et
1060 1734 1173 1770 equos
1206 1729 1243 1760 et
1272 1723 1370 1759 viros
1405 1721 1551 1759 claritas
1581 1722 1825 1760 intensissima
1855 1725 1894 1758 et

98 1776 247 1823 claugor
269 1778 377 1814 aeria.
423 1778 543 1814 Multo
567 1778 605 1814 id
627 1777 740 1822 magis
762 1787 886 1812 verum
906 1782 965 1814 est
989 1777 1035 1813 de
1058 1783 1244 1824 tympano,
1269 1776 1375 1821 cnjus
1399 1785 1510 1811 sonus
1533 1774 1662 1812 unicus
1686 1779 1761 1820 est,
1790 1773 1888 1812 modi

98 1840 167 1867 seu
186 1834 356 1867 tonorum
378 1829 516 1866 formae
539 1830 655 1866 omnis
680 1839 831 1875 expers3
854 1828 976 1876 itaque
998 1834 1119 1866 movet
1141 1829 1257 1876 primo
1281 1827 1526 1874 magnitudine
1536 1827 1618 1873 ipsa
1633 1827 1714 1865 soni
1726 1827 1891 1873 materia-

96 1881 180 1918 liter
201 1882 303 1927 (tacit
326 1882 420 1918 euim
444 1882 612 1921 subsilire
634 1881 861 1927 praecordia,
884 1882 942 1917 -sic
966 1889 1006 1918 ut
1029 1893 1141 1918 sonus
1169 1892 1320 1927 maguus
1343 1881 1534 1917 cavitatem
1561 1880 1709 1917 subiens
1730 1880 1893 1927 psalterii

99 1939 165 1973 aut
186 1934 380 1972 testudinis
402 1934 557 1971 chordas
580 1944 753 1970 resonare
776 1933 865 1970 facit
885 1933 1039 1970 intactas
1063 1945 1087 1969 a
1109 1934 1280 1980 plectro),
1304 1932 1434 1969 deinde
1448 1932 1617 1979 rhythmo
1641 1943 1707 1969 seu
1723 1943 1891 1975 mensura

98 1985 282 2033 pulsuum.
328 1986 379 2022 Et
401 1991 523 2022 tamen
545 1996 591 2022 ne
614 1987 724 2032 hujus
747 1986 892 2034 quidem
914 1987 1107 2024 rudimenti
1131 1986 1288 2023 musices
1310 1995 1399 2022 cura
1421 1985 1662 2022 contemnitur
1683 1984 1720 2020 in
1744 1984 1890 2032 quibus·

101 2037 184 2074 dam
206 2038 419 2078 Germaniae
442 2039 652 2083 provinciis;
688 2045 746 2075 est
767 2040 862 2075 enim
885 2039 950 2076 ubi
971 2041 1007 2077 in
1030 2041 1167 2087 nuptiis
1190 2038 1419 2085 popularium
1447 2043 1619 2083 tympano
1649 2037 1760 2077 locus·
1775 2037 1891 2074 «iamt,

71 2111 74 2113 Δ
100 2090 181 2128 aliis
204 2091 350 2128 musicis
373 2091 622 2127 instrumentis
645 2091 881 2128 interdicitur.

150 2169 153 2171 ·
217 2156 316 2191 Nota
338 2154 404 2190 111.
451 2154 682 2190 Ptolemaeus
707 2165 831 2190 omnes
855 2161 961 2191 tonos
984 2156 1090 2192 trium
1113 2156 1201 2192 facit
1223 2166 1412 2201 generum3
1435 2152 1524 2188 mihi
1545 2152 1583 2187 in
1598 2152 1669 2188 hoc
1685 2163 1795 2198 opere
1818 2153 1891 2189 duo

101 2217 254 2254 genera,
290 2206 418 2242 durum
448 2211 485 2241 et
515 2206 640 2250 molle,
681 2212 766 2242 sunt
789 2207 882 2243 duae
905 2213 1071 2244 tonorum
1094 2208 1317 2245 differentiae
1352 2211 1479 2243 contra
1505 2215 1546 2241 se
1574 2205 1675 2250 ipsos
1705 2205 1889 2241 diremtae.

100 2261 195 2297 Ham
216 2259 352 2306 primus
376 2264 414 2295 et
436 2258 627 2304 secundus,
653 2260 799 2304 quintus
822 2265 861 2295 et
885 2261 1058 2309 septimus
1081 2271 1126 2297 ex
1151 2261 1357 2307 vulgaribus
1381 2264 1523 2295 tantum
1546 2263 1631 2293 sunt
1646 2259 1787 2302 generis
1802 2257 1890 2293 mol-

100 2313 167 2358 lis,
202 2311 376 2357 septimus
400 2317 437 2347 et
459 2316 608 2346 octavus
643 2317 784 2347 tantum
807 2313 949 2357 generis
973 2313 1067 2358 dnri3
1101 2315 1171 2350 soli
1194 2314 1323 2350 tertius
1348 2318 1384 2348 et
1408 2319 1560 2357 quattus
1590 2311 1774 2355 ambigunt
1795 2310 1891 2346 inter

101 2370 292 2409 utrumque
316 2373 441 2407 genus.
487 2364 674 2400 Potestate
697 2366 791 2400 enim
813 2365 998 2402 imitantur
1021 2376 1131 2410 genus
1154 2366 1273 2410 molle,
1298 2366 1419 2411 specie
1449 2376 1514 2402 seu
1538 2365 1638 2401 clave
1661 2363 1891 2409 systematica

102 2427 216 2462 mus
240 2415 381 2450 durum.
429 2416 547 2451 Causa
570 2416 680 2461 hujus
704 2417 921 2454 diversitatis
944 2418 1040 2454 inter
1061 2429 1116 2454 me
1140 2424 1178 2454 et
1201 2418 1448 2453 Ptolemaeum
1471 2421 1538 2463 est,
1567 2417 1653 2461 quia
1674 2416 1754 2461 ipse
1776 2414 1889 2459 respi-

5 2453 24 2510 ἐξ
59 2472 79 2513 ᾖ
108 2469 158 2505 cit
178 2467 226 2503 ad
244 2467 316 2503 tria
337 2476 470 2511 genera
492 2467 708 2513 artificialia,
733 2479 799 2514 ego
824 2470 871 2506 ad
895 2470 968 2505 duo
991 2471 1177 2508 naturalia.

216 2532 314 2568 Nota
336 2532 398 2566 IV.
445 2531 488 2566 In
512 2537 706 2577 systemate
731 2538 879 2569 octavae
902 2532 1066 2575 natarali,
1091 2534 1194 2579 quale
1217 2545 1287 2570 vox
1303 2534 1461 2570 humana
1484 2539 1649 2580 pererrat
1671 2531 1889 2568 modulando

106 2586 306 2622 cantionem
330 2584 496 2628 aliquam,
521 2590 605 2620 sunt
626 2585 707 2622 loca
729 2587 809 2631 ista,
836 2587 879 2631 G,
905 2598 940 2630 a,
966 2587 998 2630 b,
1023 2597 1053 2630 c,
1078 2586 1113 2630 d,
1135 2598 1165 2629 e,
1186 2588 1214 2631 fi
1237 2599 1272 2633 9,
1298 2586 1443 2623 diversa
1467 2592 1503 2622 et
1524 2587 1596 2622 situ
1619 2596 1684 2621 seu
1701 2585 1891 2620 altitudine

105 2638 326 2681 differentia,
362 2644 398 2672 et
422 2637 492 2672 sibi
514 2642 640 2673 mutuo
663 2639 863 2674 succedunt
898 2638 991 2673 serie
1016 2637 1167 2682 quadam
1197 2639 1471 2683 sortiunturque
1500 2637 1783 2684 permutationes
1806 2646 1889 2671 cou-

107 2695 244 2734 suetas,
269 2701 335 2735 per
358 2689 532 2725 concinna
556 2699 606 2724 sc.
630 2690 836 2735 intervalla,
862 2700 954 2734 quae
979 2694 1064 2725 sunt
1086 2694 1192 2725 tonus
1216 2691 1346 2735 major,
1371 2697 1479 2726 tonus
1502 2691 1628 2734 minor,
1652 2687 1888 2724 semitonium.

107 2742 236 2787 Itaque
258 2743 408 2778 mutatio
432 2741 510 2776 toni
527 2741 560 2777 G
582 2741 619 2776 in
642 2746 778 2787 tonum,
804 2743 908 2786 cujus
933 2748 1089 2789 systema
1114 2743 1227 2787 surgit
1250 2743 1295 2778 ab
1319 2754 1361 2786 a,
1386 2743 1429 2778 fit
1443 2752 1510 2787 per
1525 2747 1648 2777 tonum
1665 2752 1684 2776 c
1705 2741 1888 2785 majorem,

104 2795 169 2839 qui
191 2799 247 2829 est
269 2794 363 2830 inter
387 2793 436 2836 G,
474 2805 515 2836 a,
548 2792 613 2828 sed
636 2794 787 2829 mutatio
810 2796 889 2830 toni
921 2806 967 2830 ex
991 2807 1010 2832 ε
1041 2795 1078 2830 in
1102 2800 1225 2831 tonum
1248 2805 1294 2830 ex
1317 2796 1341 2838 f
1357 2795 1399 2830 fit
1427 2805 1494 2839 per
1517 2793 1759 2836 semitonium,
1793 2803 1889 2838 quae

107 2852 193 2882 sunt
214 2846 403 2881 intervalla
424 2849 606 2881 consueta.
652 2845 745 2880 Nam
766 2846 995 2882 Ptolemaeus
1018 2847 1111 2883 libro
1137 2846 1294 2883 secundo
1318 2847 1435 2891 capite
1452 2848 1508 2881 11.
1525 2845 1793 2889 demonstravit,
1814 2855 1888 2882 uon

106 2894 206 2933 recte
228 2897 318 2939 fieri,
335 2898 438 2942 'quod
462 2897 573 2942 aliqui
597 2896 730 2932 faciant
753 2898 948 2941 quemlibet
970 2905 1098 2935 tonum
1122 2912 1142 2935 a
1160 2898 1228 2934 sibi
1243 2900 1406 2943 proximo
1423 2898 1565 2934 differre
1583 2898 1781 2942 semitonio,
1805 2908 1888 2934 omn

22 2965 35 2979 ι
108 2948 200 2985 haec
222 2949 348 2985 divisio
373 2948 575 2993 systematis
599 2948 746 2984 octavae
769 2949 819 2993 (in
837 2951 1026 2987 semitonia
1048 2963 1097 2988 sc.
1120 2951 1173 2994 12,
1198 2955 1239 2985 ut
1260 2950 1329 2995 ipsi
1346 2950 1527 2994 volebant)
1551 2961 1623 2986 non
1639 2950 1687 2985 sit
1700 2952 1883 2994 consueta,

15 3000 37 3017 ³
111 3000 182 3037 boc
210 3007 268 3036 est
301 3011 375 3037 non
403 3001 597 3045 naturalis,
629 3009 801 3045 quantum
829 3001 875 3037 ad
906 3003 1048 3040 unieam
1080 3003 1238 3047 aliquam
1265 3002 1554 3039 modulationem.
1609 3003 1702 3039 Nam
1731 3005 1887 3048 systema
