1988 3276
71 132 78 134 ‘
104 128 158 165 36
604 124 675 168 Epi
683 122 796 159 stolae
820 123 967 170 Kepleri
988 124 1210 169 aliorumque
1234 129 1379 162 mutuae

105 246 406 295 comparaveris.
447 248 596 282 sextam
635 243 767 283 duram
809 249 847 283 et
887 248 1035 283 sextam
1064 243 1230 283 mollem.
1291 244 1504 294 Conjuncta
1533 243 1648 284 diesis
1689 249 1727 284 et
1765 245 1884 284 semi-

105 302 317 351 tonium,²
299 330 351 358 25
384 307 421 341 et
427 301 522 384 ἐξ,
555 301 718 341 efficient
755 301 824 357 1⁹0,
865 307 996 341 tonum
1027 304 1222 342 minorem.
1283 302 1359 342 Sed
1396 305 1495 342 inter
1532 308 1664 342 tonum
1699 305 1884 342 minorem

106 368 144 400 et
174 363 376 411 maiorem,
408 359 464 415 ῑ90
494 366 533 398 et
561 359 609 415 3,
640 362 798 400 interest
825 358 905 415 ἐξ,
949 360 1052 410 quod
1094 372 1280 399 comma
1315 361 1482 411 appello.
1539 362 1727 401 Ablatnm
1766 363 1883 400 semi-

105 422 252 458 tonium
271 419 327 475 i}
358 430 380 457 a
400 423 492 457 tono
513 419 701 474 majore9
682 417 703 449 Β
727 419 907 468 relinquit
939 419 1059 458 diesin
1079 424 1117 457 et
1139 430 1300 467 comma,
1333 431 1431 469 quae
1448 423 1581 466 juncta
1599 426 1688 459 sunt
1709 420 1886 459 lemma

105 490 174 517 seu
205 478 364 527 maj0r
395 477 571 516 diesis.
634 477 928 516 Constituantur
966 478 1082 528 igitur
1123 477 1328 524 intervalla
1357 478 1453 517 haec
1489 479 1884 529 praeterharmonica:

106 542 220 575 tonus
250 537 390 586 maJor,
423 537 565 583 minor,
599 537 864 584 semitonium,
896 536 1056 584 lemma,
1089 535 1224 584 diesis,
1259 547 1419 575 comma.
1482 537 1539 576 Ex
1568 537 1627 576 his
1656 542 1794 576 natura
1822 548 1886 575 re—⁴

106 595 242 645 pudiat
271 594 407 633 ultima
437 594 512 632 duo
543 596 640 632 inter
672 595 897 642 canendum,
930 597 984 633 sic
1013 599 1057 632 ut
1085 605 1161 632 non
1194 606 1360 634 erremus
1390 606 1458 645 per
1486 595 1583 635 haec
1603 595 1809 634 intervalla
1840 607 1888 633 ex

107 665 185 692 una
216 664 310 692 voce
340 655 379 690 in
410 652 526 691 aliam
556 653 786 692 immediate.
846 652 944 691 Sunt
974 654 1075 692 enim
1106 652 1340 692 differentiae
1373 665 1450 692 non
1479 654 1780 702 harmoniarum,
1820 652 1888 692 sed

108 712 415 762 imperfectorum
446 711 735 749 intervallorum
762 712 964 750 minorum.
1022 711 1083 749 Ita
1113 711 1166 758 fit,
1200 716 1240 749 ut
1270 713 1375 760 prius
1406 713 1636 752 constitutae
1665 712 1888 750 harmoniae

108 769 404 809 subdividantur
434 771 471 807 in
502 769 599 808 haec
624 770 705 820 Jam
737 771 946 808 constituta
976 769 1204 809 intervalla.
1252 769 1350 808 Nam
1382 772 1494 809 tertia
1523 771 1649 810 mollis
1681 768 1751 827 (3)
1783 782 1889 809 eom-

103 831 261 880 ponitur
291 840 338 867 ex
368 834 460 866 tono
491 828 635 877 maJ‘ore
666 826 722 883 (3)
753 834 791 867 et
821 829 1023 867 semitonio
1054 825 1165 883 (33);
1207 829 1320 867 tertia
1351 828 1446 867 dura
1474 826 1532 886 (0)
1563 841 1609 868 ex
1638 831 1783 868 minore
1803 826 1890 883 (1⁹0)

110 892 148 926 et
178 887 323 936 majore
353 885 425 942 (3).
481 886 583 924 Hinc
622 886 698 925 illis
727 898 866 925 nomen
898 890 961 926 δια
992 900 1126 937 rpem»,
1170 885 1308 926 latine:
1348 889 1483 936 tertia3
1525 887 1600 928 duo
1622 889 1732 931 enim
1770 889 1890 929 inter-

110 945 215 984 valla
258 951 333 984 tres
376 946 574 994 requirunt
614 947 807 984 terminos.
868 944 932 983 Sic
973 950 1110 994 quarta
1150 944 1210 982 vel
1242 948 1304 984 δια
1313 959 1530 1028 9τεσσαρων
1565 947 1806 1014 componitur
1842 956 1890 984 ex

110 1011 201 1043 tono
232 1003 389 1053 majore,
420 1005 566 1042 minore
597 1009 636 1042 et
666 1005 886 1052 semitoni03
918 1003 1132 1053 multiplica
1163 1004 1263 1041 enim
1295 1002 1370 1057 ῑ90,
1402 1003 1430 1058 3
1459 1010 1498 1043 et
1526 1004 1585 1062 ἐξ
1612 1005 1652 1041 in
1681 1015 1722 1043 se
1742 1009 1888 1052 mutuo,

110 1062 237 1113 prodit
269 1062 316 1117 33
349 1067 464 1128 atque
495 1063 544 1100 ab
576 1061 634 1100 his
666 1064 689 1100 3
722 1061 934 1100 intervallis
976 1062 1071 1099 haec
1101 1061 1372 1100 concordantia
1414 1061 1551 1102 dicitur
1591 1066 1653 1102 δια
1682 1076 1889 1113 tenduntnr,

111 1127 276 1170 quatuor
307 1121 407 1159 enim
437 1121 542 1158 sonis
581 1121 712 1159 ordine
753 1121 826 1158 tria
855 1119 1058 1158 intervalla
1097 1120 1390 1158 constituuntur.
1429 1120 1516 1159 -sie
1551 1126 1614 1161 δια
1644 1135 1753 1160 nene
1795 1130 1889 1159 con-

110 1185 188 1218 stat
219 1181 241 1216 2
274 1180 374 1218 tonis
404 1178 627 1228 majoribus,
658 1191 735 1217 uno
765 1179 901 1217 minori
933 1184 971 1216 et
989 1179 1205 1226 semitonio,
1237 1189 1336 1227 quae
1357 1182 1444 1216 sunt
1475 1180 1501 1216 4
1522 1177 1736 1227 intervalla,
1771 1179 1795 1217 5
1817 1190 1891 1216 vo-

112 1249 186 1276 ces.
248 1237 312 1276 Sic
342 1235 384 1276 δι’
419 1235 460 1284 ἐξ
490 1236 552 1275 vel
583 1243 702 1283 sexta,
738 1238 760 1275 5
794 1236 1018 1284 intervallis,
1053 1237 1075 1275 6
1111 1237 1292 1284 vocibuS,
1327 1242 1366 1275 et
1387 1236 1552 1287 denique
1583 1242 1646 1277 δια
1665 1240 1798 1276 naam
1828 1235 1892 1275 vel

113 1302 272 1344 octava,
309 1298 329 1332 7
361 1295 596 1343 intervallis,
631 1297 654 1334 8
686 1297 847 1334 vocibus
877 1300 1038 1336 constat.

225 1354 446 1392 Notandum
475 1359 616 1402 autem,
648 1366 672 1392 a
701 1361 811 1392 sexta
841 1355 880 1391 in
911 1359 1090 1392 octavam
1121 1363 1321 1402 superesse
1351 1354 1526 1402 tertiam3
1558 1359 1596 1392 et
1619 1355 1711 1403 quia
1741 1352 1893 1402 reliqua

114 1412 319 1451 intervalla
347 1425 414 1462 per
444 1414 770 1461 comparationem
799 1412 1082 1450 harmoniarum
1113 1410 1420 1459 subdividuntur,
1451 1411 1500 1450 ad
1530 1423 1661 1451 eorum
1691 1412 1806 1460 igitur
1836 1411 1891 1448 si—

113 1471 366 1510 militudinem
407 1474 443 1508 et
484 1470 558 1508 hoc
598 1470 841 1508 intervallum
877 1470 1102 1508 naturaliter
1141 1468 1409 1508 subdividitur.
1470 1468 1556 1518 Quo
1595 1471 1696 1509 sacto
1735 1479 1892 1511 necesse

116 1535 185 1577 est,
218 1529 314 1567 duos
344 1535 456 1567 tonos
487 1528 653 1578 majores
683 1528 902 1567 immediate
934 1539 974 1566 se
1004 1533 1138 1566 mutuo
1170 1529 1364 1577 consequi,
1395 1529 1445 1566 ab
1468 1526 1563 1566 Fin
1582 1541 1610 1578 9
1639 1533 1677 1566 et
1697 1539 1722 1566 a
1739 1539 1766 1576 9
1794 1528 1831 1564 in
1853 1539 1892 1565 α.

115 1588 251 1637 Itaque
281 1587 574 1626 concordantiae
614 1600 637 1625 a
674 1587 836 1636 singulis
875 1586 1006 1625 ordine
1037 1586 1196 1624 vocibus
1234 1587 1408 1635 inceptae
1444 1598 1522 1625 non
1550 1590 1706 1625 manent
1731 1585 1894 1635 ‘penitus

116 1645 310 1695 aequales,
342 1645 410 1684 sed
441 1645 619 1683 differunt
649 1656 724 1683 uno
756 1649 954 1683 commate.
1006 1644 1134 1694 Atque
1163 1643 1260 1682 haec
1290 1643 1524 1693 imperfectio
1550 1643 1796 1695 postmodum
1827 1643 1894 1682 dat

117 1706 358 1743 occasionem
389 1703 623 1742 differentiae
653 1698 840 1751 tondrum‚
873 1714 1032 1753 quorum
1063 1701 1130 1741 alii
1160 1702 1265 1750 laeti,
1297 1702 1364 1740 alii
1393 1703 1555 1752 queruli.

229 1763 350 1801 Pars
381 1764 551 1800 tertia.
611 1764 674 1800 De
705 1763 963 1800 discrimine
993 1765 1214 1799 tonorum.
1275 1760 1370 1800 Tres
1410 1766 1500 1800 sunt
1534 1772 1675 1800 causae
1705 1760 1894 1799 discrimi-

117 1825 253 1860 nantes
284 1826 407 1859 tonos.
467 1820 607 1868 Prima,
640 1831 725 1858 cum
757 1825 896 1858 octava
926 1824 1074 1858 constet
1104 1831 1150 1857 ex
1180 1819 1314 1868 quinta
1345 1824 1382 1857 et
1414 1824 1570 1869 quarta,
1613 1821 1650 1857 in
1682 1817 1758 1857 alio
1801 1822 1894 1856 tono

118 1881 252 1928 quinta
283 1884 340 1917 est
370 1879 544 1916 inferiore
573 1877 672 1926 loco,
705 1878 780 1916 alio
812 1884 960 1927 quarta.
1012 1876 1127 1926 Quod
1155 1878 1212 1915 sic
1231 1875 1539 1927 intelligendum:
1571 1882 1706 1916 cantus
1734 1877 1894 1926 penin-

117 1937 280 1975 tervalla
309 1936 524 1974 aemulatur
560 1936 864 1974 concordantias.
923 1935 1023 1973 Nam
1059 1947 1137 1973 una
1167 1946 1243 1972 vox
1273 1946 1348 1973 non
1386 1941 1514 1984 potest
1554 1936 1704 1974 causari
1733 1944 1894 1973 concor-

118 1995 308 2042 dantiam,
340 1999 490 2044 oportet
526 1993 622 2032 duas
664 2005 896 2032 concurrere.
956 1993 1070 2042 Quod
1110 1993 1225 2042 igitur
1255 2004 1353 2031 unus
1384 1993 1498 2031 homo
1537 1993 1671 2032 eodem
1701 1996 1894 2031 momento

118 2065 194 2091 non
224 2057 369 2102 potest,
411 2054 593 2102 temporis
625 2057 748 2090 tractu
778 2052 906 2089 studet
937 2052 1163 2100 exprimere,
1197 2050 1373 2089 saltando
1404 2052 1453 2090 ab
1479 2063 1557 2090 una
1576 2063 1672 2090 voce
1701 2062 1770 2100 per
1800 2061 1894 2089 con-

118 2116 229 2150 sueta
261 2110 464 2149 intervalla
494 2110 543 2148 ad
576 2121 711 2149 vocem
742 2109 1046 2158 concordantem,
1079 2111 1194 2158 inque
1225 2120 1272 2147 ea
1301 2109 1452 2148 oberrat
1478 2109 1697 2148 notabiliter
1717 2110 1894 2158 saepius·-

120 2181 194 2219 que
225 2170 274 2207 ab
306 2181 352 2207 ca
392 2180 461 2207 ceu
499 2179 617 2217 scopo
655 2173 757 2206 tacto
792 2168 890 2206 redit
929 2169 968 2204 in
997 2169 1136 2217 priora.
1197 2166 1309 2205 Alius
1338 2168 1455 2217 igitur
1489 2173 1604 2206 tonus
1634 2172 1692 2206 est
1727 2178 1814 2205 cum
1845 2165 1894 2204 ad

119 2233 305 2277 quartam,
338 2226 437 2265 alius
468 2237 554 2264 cum
583 2225 633 2263 ad
665 2227 837 2275 quintam
867 2225 1102 2264 collimatur:
1150 2225 1339 2263 Victimae
1362 2225 1547 2274 paschali
1582 2226 1720 2264 laudes
1749 2227 1894 2264 immo-

119 2287 199 2323 lent
234 2285 463 2332 Christiani,
495 2296 625 2333 aynus
655 2285 818 2322 redemit
847 2295 947 2323 oves.
1005 2283 1082 2321 Hic
1111 2284 1245 2332 quinta
1275 2283 1354 2332 vel,
1389 2283 1491 2333 quod
1521 2283 1640 2332 idem,
1684 2283 1786 2323 duae
1814 2288 1894 2322 ter—

119 2345 195 2382 tiae
226 2349 316 2382 sunt
345 2343 520 2381 inferiore
550 2342 648 2390 loco,
681 2342 783 2391 quod
814 2347 967 2381 notatur
995 2341 1174 2392 syllabis:
1206 2341 1325 2398 pict„
1369 2342 1500 2390 laud,
1538 2344 1648 2381 imm.
1655 2371 1670 2391 ,
1701 2343 1792 2387 lent,
1824 2352 1893 2389 an,

119 2404 151 2450 i,
183 2414 295 2451 ayn„
325 2401 432 2450 red„
462 2413 535 2438 em.

235 2460 370 2497 Altera
408 2471 525 2497 causa
562 2464 638 2506 est,
686 2471 770 2497 cum
809 2457 926 2496 durus
969 2462 1102 2496 cantus
1141 2468 1209 2507 pro
1241 2457 1346 2496 molli
1382 2458 1555 2497 sumitur.
1615 2458 1766 2505 Tertia,
1808 2468 1894 2496 cum

121 2529 242 2567 parva
277 2516 478 2555 intervalla
514 2523 603 2554 sunt
642 2518 806 2555 inferiori
848 2516 908 2554 vel
951 2516 1135 2566 superiori
1175 2514 1273 2554 loco.
1342 2514 1487 2563 Quarta
1525 2516 1719 2556 accedere*
1745 2520 1892 2565 potest:

122 2588 208 2614 cum
238 2575 287 2614 ad
318 2575 607 2614 concordantias
638 2576 824 2624 perfectas
858 2574 919 2612 vel
948 2574 1188 2624 imperfectas
1219 2573 1434 2611 collimatur
1461 2574 1645 2614 canendo.
1697 2572 1894 2623 Quidquid

122 2640 251 2672 autem
281 2633 396 2672 hodie
432 2645 479 2671 ex
508 2638 645 2670 natura
683 2632 853 2682 depromi
892 2637 1020 2682 potest
1056 2631 1106 2670 ad
1145 2630 1439 2680 explicationem
1477 2644 1659 2682 generum
1697 2631 1893 2680 diatonici,

123 2693 344 2739 enarmonii,
377 2691 615 2738 chromatici,
654 2692 690 2727 in
723 2702 799 2740 qua
828 2692 988 2729 materia
1018 2694 1166 2729 veteres
1204 2690 1313 2728 multi
1349 2695 1455 2728 sunt:
1496 2690 1535 2728 id
1563 2695 1657 2740 puto
1700 2701 1746 2728 ex
1777 2700 1894 2728 causa

122 2750 290 2788 secunda
319 2749 382 2802 (de
414 2755 526 2786 cantu
559 2748 651 2787 duro
684 2754 721 2787 et
750 2746 871 2799 molli)
901 2750 1094 2797 etiamque
1125 2753 1261 2797 quarta
1289 2749 1508 2798 petendum.

236 2809 302 2846 De
333 2812 509 2857 quarta
539 2812 699 2856 parte,
733 2812 774 2844 ut
799 2807 882 2855 Jam
911 2808 1159 2856 praemissum
1190 2811 1258 2854 est,
1290 2818 1424 2856 parum
1452 2806 1574 2845 dicere
1594 2817 1774 2856 possum;
1806 2803 1892 2843 ideo

124 2867 161 2902 in
198 2878 377 2914 praesens
414 2865 508 2903 nihil
540 2865 676 2904 dicam.
737 2864 912 2914 Epistola
949 2866 1048 2903 enim
1089 2868 1150 2901 sat
1178 2865 1326 2914 prolixa
1367 2869 1436 2903 est.
1494 2864 1544 2902 D.
1577 2866 1614 2903 2.
1645 2863 1735 2903 Jan.
1771 2864 1892 2903 1607.

127 2923 222 2961 Vale
253 2924 351 2962 Nob.
385 2929 422 2962 et
452 2923 558 2972 Mag.
589 2923 670 2971 Vir,
703 2934 840 2972 meque
870 2933 982 2972 porro
1013 2932 1165 2971 quoque
1197 2922 1502 2962 commendatum
1529 2921 1643 2960 habe.

242 2992 299 3021 His
326 2992 416 3022 addit
441 2992 598 3032 Keplerus
624 2992 809 3032 sequentia,
841 2992 1003 3022 nescimus
1028 2993 1136 3021 utrum
1161 2992 1228 3022 sint
1250 2992 1446 3032 postscripta
1470 2990 1513 3021 ad
1537 2991 1746 3030 praemissam
1770 2990 1890 3031 episto-

125 3039 207 3073 lam,
231 3047 272 3068 an
298 3040 331 3068 in
355 3048 449 3069 suum
473 3048 568 3069 usum
593 3039 784 3078 conscripta.

239 3095 347 3135 Haec
376 3102 465 3136 tunc
494 3097 694 3148 respondi,
725 3097 820 3136 baec
850 3098 994 3135 interea
1022 3095 1247 3134 inciderunt.
