1994 3276
116 115 201 161 244
329 101 333 104 μ
666 119 722 154 De
749 116 1101 166 configurationibus
1127 94 1368 155 Harmonicis.

114 234 260 280 factum,
284 235 380 280 quod
404 239 588 280 aspectum
607 235 842 281 quincuncem
867 247 933 274 seu
953 238 1046 273 150⁰
1072 247 1153 272 cum
1171 235 1314 281 quintili
1331 234 1401 271 72⁰
1420 238 1457 270 et
1472 232 1768 279 biquinti1i144⁰
1790 231 1919 268 eodem

116 288 231 334 gradu
254 288 388 333 locavi,
414 287 530 333 prima
553 292 675 323 tamen
698 288 784 324 sede
808 289 864 325 his
889 289 983 325 data.

229 338 529 388 Propositio
560 335 674 377 XIV.
737 338 917 391 Quintus,
949 340 1108 379 ultimus
1136 344 1178 378 et
1208 338 1533 403 imbecillissimus
1563 336 1793 387 aspectuum
1824 346 1917 386 gra-

116 397 188 437 dus
221 401 279 436 cst
311 396 447 435 decilis
479 402 517 435 et
546 396 751 446 tridecilis‚
785 399 911 437 octilis
942 403 980 437 et
1012 397 1201 436 trioctilis.

231 451 402 496 Quintum
426 451 545 487 locum
570 452 641 488 feci
665 427 769 488 deci’li
795 458 831 488 et
847 453 1001 489 tridecili
1019 453 1245 494 (Maestlinus
1265 450 1541 498 semiquintilem
1559 456 1594 486 et
1611 451 1920 498 sesquiquintilem

120 504 310 550 appellat),
349 514 439 550 quos
464 503 499 539 in
525 503 829 550 Ephemeridibus
854 507 1030 544 hactenus
1055 506 1173 552 omisi,
1201 505 1330 551 quibus
1356 504 1531 540 associavi
1560 504 1702 540 octilem
1729 510 1765 540 et
1788 504 1923 540 triocti-

115 557 188 592 lem
213 566 278 592 seu
303 557 521 601 sequadrum
547 564 583 592 et
609 559 863 605 sesquadrum,
891 570 981 604 quos
1007 558 1342 602 calendariographi
1366 568 1411 593 cx
1435 567 1515 592 mea
1531 557 1674 603 quidem
1693 556 1922 602 suggestione

116 614 153 645 et
181 609 354 645 nonnulla
370 609 568 645 Ptolemaei
594 611 819 654 auctoritate,
845 612 909 647 sed
934 611 1038 646 nimis
1062 611 1178 646 calide
1203 614 1240 646 et
1263 610 1528 654 inconsiderate
1551 611 1791 655 arripuerunt.
1835 609 1924 645 Pro-

115 662 275 698 bandum
299 661 407 706 igitur
432 665 488 696 est
512 665 714 708 utrumque,
740 663 894 707 primum
917 664 1168 700 imbecilliores
1195 675 1274 699 esse
1301 665 1366 699 hos
1384 667 1541 710 quatuor
1561 664 1702 708 quintili
1729 666 1765 699 et
1779 662 1920 710 biquin-

74 757 81 760 q
117 715 189 761 tili,
216 714 345 751 deinde
371 713 583 750 decilem'et
606 715 806 751 tridecilem
832 715 999 752 fortiores
1025 716 1122 752 octili
1147 721 1183 751 et
1208 716 1367 760 trioctili,
1393 727 1521 762 parum
1545 716 1750 752 admodum.

234 767 322 804 Cum
346 767 456 813 igitur
479 768 746 813 propositiones
771 773 917 804 nostrae
941 769 1176 814 praecipuum
1209 769 1254 804 ad
1280 767 1476 804 efficaciam
1501 774 1720 804 momentum
1745 767 1923 804 collocent

116 829 152 864 in
179 820 412 865 congruentia
435 819 574 865 figurae
601 821 836 867 praecipuae,
870 821 940 857 hoc
966 826 1021 857 est
1045 820 1396 867 circumferentialis,
1434 821 1663 856 manifestum
1687 819 1762 867 es't',
1795 826 1922 866 penta-

116 885 249 921 gonum
273 878 310 908 et
334 873 474 909 stellam
501 873 580 918 ejus
607 884 806 919 congruere
838 884 918 909 cum
944 884 1030 909 suae
1057 885 1237 920 quamque
1268 873 1403 919 speciei
1426 874 1551 919 figuris
1588 875 1634 910 ad
1659 873 1814 910 solidum
1843 884 1922 919 per-

114 929 251 964 fectum
276 925 517 972 formandum,
554 932 595 962 ut
615 927 693 971 jam
716 926 824 961 modo
851 926 1003 968 dictum,
1045 937 1243 971 congruere
1276 928 1383 963 etiam
1407 928 1501 963 inter
1526 938 1565 964 se
1589 924 1741 973 pulchre
1776 926 1823 963 ad
1846 926 1922 972 pla-

114 991 201 1016 num
227 977 467 1014 sternendum.
519 980 733 1025 Decagonus
758 978 914 1014 vicissim
928 985 964 1014 et
981 985 1181 1024 octogonus
1207 991 1287 1016 cum
1304 980 1418 1016 stellis
1437 981 1524 1026 suis,
1551 990 1715 1026 quaeque
1735 990 1816 1016 cum
1833 988 1920 1014 suae

119 1032 253 1078 speciei
266 1030 356 1075 aliis,
382 1030 419 1065 in
445 1031 559 1066 solido
586 1042 784 1076 congruere
808 1042 880 1067 non
905 1038 1070 1077 possunt.
1122 1033 1332 1076 Congruunt
1357 1028 1501 1078 quidem
1533 1032 1738 1078 decagonus
1763 1036 1799 1068 et
1823 1033 1922 1067 octo-

117 1095 249 1132 gonus,
287 1082 352 1119 sed
378 1094 459 1119 cum
485 1083 563 1119 aliis
598 1094 670 1119 non
695 1083 860 1118 omnibus
899 1085 954 1119 sui
980 1085 1138 1129 generis;
1177 1085 1304 1120 stellae
1328 1096 1412 1121 vero
1449 1086 1620 1122 inchoant
1654 1085 1812 1131 aliquam
1837 1095 1921 1122 con-

116 1137 316 1184 gruentiam
342 1136 378 1170 in
403 1136 530 1181 solido,
556 1141 593 1172 at
618 1147 690 1172 non
715 1136 927 1182 absolvunt;
954 1137 1060 1172 etiam
1085 1138 1121 1172 in
1145 1138 1253 1183 plano
1278 1137 1471 1183 ignobilior
1496 1143 1552 1174 est
1576 1149 1698 1174 earum
1723 1146 1921 1184 congruen-

115 1191 178 1236 tia,
205 1189 290 1234 quia
313 1198 380 1223 nec
404 1195 547 1224 mutuas
571 1189 718 1224 tradunt
746 1199 874 1233 operas
901 1190 1047 1234 quaevis
1072 1189 1188 1236 figura
1214 1201 1295 1225 cum
1320 1201 1385 1225 sua
1410 1190 1517 1226 stella
1541 1190 1710 1233 solitarie,
1733 1194 1775 1226 ut
1797 1195 1922 1236 penta-

117 1253 232 1289 gonus
259 1251 339 1277 cum
365 1251 450 1283 sua,
489 1241 552 1276 sed
578 1253 659 1277 cum
690 1241 761 1276 illis
787 1241 862 1276 suis
889 1241 1001 1277 stellis
1039 1246 1074 1277 et
1099 1246 1298 1287 octogonus
1328 1254 1408 1279 cum
1432 1249 1621 1289 tetragono
1651 1243 1689 1278 in
1713 1244 1922 1279 societatem

116 1295 263 1330 veniunt
288 1294 544 1338 congruentiae
570 1295 729 1337 alienae,
765 1289 935 1338 illamque
971 1304 1042 1339 quo
1068 1294 1186 1329 minus
1218 1295 1419 1331 continuari
1453 1297 1569 1342 possit
1604 1297 1682 1342 ipse
1718 1296 1922 1339 decagonus
1983 1299 1990 1336 ζ

115 1347 284 1394 impedit3
322 1347 428 1382 stella
463 1348 570 1382 etiam
597 1347 673 1392 ejus
700 1347 855 1382 hiulcam
890 1347 926 1381 in
963 1347 1090 1382 mediis
1122 1348 1333 1393 interceptis
1359 1349 1484 1394 spatiis
1516 1349 1604 1385 facit
1640 1348 1921 1394 congruentiam.

116 1401 323 1445 Octogonus
349 1409 432 1434 vero
459 1404 495 1434 et
519 1399 624 1435 stella
651 1400 729 1443 eJ'us
761 1398 909 1434 alternis
937 1399 1068 1443 Juvant
1103 1400 1412 1435 continuationem
1443 1402 1716 1446 congruentiae,
1754 1401 1922 1438 admixtis

117 1451 320 1499 quadratis,
359 1452 594 1496 congruentia
626 1452 668 1488 fit
698 1452 968 1487 diversiformis.
1018 1453 1074 1488 Ita
1106 1463 1200 1498 pene
1230 1463 1336 1497 pares
1373 1460 1457 1489 sunt
1489 1455 1561 1491 hae·
1583 1459 1740 1500 quatuor
1768 1455 1805 1490 in
1840 1465 1923 1490 con-

117 1505 282 1552 gruentia
305 1504 424 1550 plana,
450 1506 662 1550 praesertim
687 1516 769 1541 cum
798 1515 899 1540 areas
925 1510 1099 1551 utraeque
1124 1506 1260 1550 figurae
1284 1505 1442 1541 habeant
1462 1506 1672 1544 ineffabiles.
1721 1507 1770 1542 At
1793 1507 1829 1542 in
1854 1506 1920 1542 sci·
1950 1510 1952 1513 '

117 1558 256 1594 bilitate
279 1558 432 1592 multum
457 1557 643 1602 praecellit
680 1562 778 1593 secta
808 1558 1059 1602 pentagonica.
1107 1558 1266 1593 Primum
1299 1559 1331 1594 si
1355 1559 1532 1594 centrales
1560 1558 1694 1603 figuras
1720 1559 1922 1594 considere-

117 1621 209 1654 muS,
236 1619 328 1655 quae
353 1615 438 1644 sunt
462 1610 521 1645 hic
541 1610 616 1655 Jam
640 1615 869 1655 pentagonus
895 1616 931 1646 et
956 1610 1063 1646 stella
1088 1611 1187 1659 ejus,
1212 1611 1354 1647 illarum
1378 1611 1521 1658 quidem
1543 1611 1659 1647 latera
1683 1611 1750 1648 sub
1773 1611 1924 1647 eandem
1962 1626 1965 1628 >

118 1663 276 1708 speciem
311 1662 546 1708 ineffabilium
577 1663 711 1699 cadunt
743 1674 824 1698 cum
857 1663 1032 1700 lateribus
1058 1664 1225 1708 octogoni
1261 1669 1297 1699 et
1323 1665 1466 1710 stellae,
1504 1665 1696 1701 existentia
1719 1665 1863 1700 elasson
1888 1669 1924 1699 et

92 1757 94 1761 ὗ
118 1715 256 1755 mizon3
282 1714 337 1750 sin
364 1715 724 1761 circumferentiales‚
761 1725 855 1760 quae
879 1715 938 1750 hic
961 1722 1045 1751 sunt
1076 1716 1191 1751 latera
1217 1717 1390 1762 decagoni
1425 1722 1462 1754 et
1484 1717 1612 1754 stellae
1636 1717 1732 1763 ejus,
1767 1717 1829 1752 illa
1844 1727 1923 1752 uon
1979 1725 1983 1733 ¹

118 1772 259 1803 tantum
290 1771 375 1801 sunt
406 1777 452 1802 ex
477 1767 598 1812 specie
623 1767 789 1802 nobiliori
815 1767 1034 1803 binominum
1069 1774 1105 1803 et
1129 1774 1397 1815 apotomarum,
1435 1782 1517 1806 cum
1547 1771 1783 1816 octogonicae
1805 1770 1923 1806 lineae
1976 1759 1981 1778 ³

120 1820 193 1855 sint
218 1829 263 1854 ex
288 1823 417 1863 quarta
442 1819 580 1864 specie,
619 1830 712 1864 quae
737 1824 793 1854 est
816 1819 996 1854 mizonum
1032 1826 1068 1856 et
1092 1821 1314 1863 elassonum,
1352 1823 1417 1858 sed
1448 1823 1639 1869 acquirunt
1662 1823 1772 1859 etiam
1807 1822 1923 1858 omnia
1975 1822 1980 1835 ²

118 1871 235 1908 latera
269 1872 530 1916 pentagonicae
564 1878 684 1908 sectae
709 1872 969 1908 nobilissimam
992 1874 1258 1918 proprietatem
1277 1875 1446 1911 sectionis
1478 1875 1675 1910 secundum
1702 1879 1863 1910 extrema
1888 1879 1923 1908 et
1959 1879 1974 1884 “’

119 1925 294 1969 medium,
333 1935 425 1968 quae
448 1925 556 1969 plane
582 1925 671 1960 nihil
697 1925 827 1960 attinet
860 1925 975 1961 lineas
1001 1927 1245 1972 octogonicas,
1295 1926 1433 1970 Quodsi
1463 1927 1675 1971 octogonica
1699 1931 1798 1962 secta
1833 1937 1924 1961 non-

118 1977 209 2013 nihil
232 1977 458 2021 praepollere
482 1977 559 2012 visa
585 1982 641 2012 est
663 1977 701 2012 in
726 1979 975 2023 congruentia,
1012 1979 1070 2014 hic
1091 1980 1166 2024 jam
1191 1979 1347 2015 vicissim
1371 1980 1484 2015 multo
1509 1980 1641 2015 fortius
1667 1979 1877 2024 deprimitur
1902 1990 1924 2014 a

119 2028 368 2076 pentagonica.
416 2029 530 2064 Recte
553 2030 664 2075 igitur
687 2033 872 2074 utrasque,
897 2036 938 2065 ut
964 2031 1008 2066 de
1031 2032 1254 2076 praestantia
1280 2032 1549 2076 contendentes,
1577 2032 1615 2066 in
1639 2043 1746 2067 uuam
1771 2031 1924 2068 classem

121 2082 266 2128 redegi,
291 2082 491 2127 praemissa
514 2088 637 2118 tamen
660 2082 911 2127 pentagonica.
962 2083 1179 2119 Consulatur
1204 2083 1247 2117 de
1273 2084 1328 2118 his
1357 2083 1553 2119 identidem
1577 2083 1668 2119 liber
1691 2085 1718 2119 I.
1962 2126 1963 2130 Ἰ

237 2134 307 2170 Est
332 2139 368 2169 et
392 2134 584 2179 peculiaris
610 2134 862 2180 praerogativa
887 2135 1085 2179 biquintilis
1112 2146 1200 2181 prae
1218 2136 1370 2171 tridecili
1396 2140 1432 2172 et
1447 2137 1597 2172 trioctili'
1619 2138 1798 2182 etiamque
1822 2137 1923 2182 quin·
1962 2133 1967 2136 ”

124 2198 249 2232 cunce,
276 2186 372 2232 quod
398 2187 504 2222 stella
527 2186 779 2231 pentagonica‚
804 2188 975 2231 primaria
1000 2200 1047 2224 sc.
1064 2189 1160 2224 illius
1177 2188 1302 2233 figura,
1329 2189 1554 2234 aptissimum
1571 2194 1607 2224 et
1622 2189 1787 2234 trigonici
1805 2199 1923 2224 aemu-

120 2241 195 2277 lum
219 2239 330 2275 habet
354 2239 544 2285 angulum;
571 2240 656 2284 quia
680 2244 721 2275 ut
743 2244 816 2274 tres
843 2242 965 2286 anguli
989 2243 1132 2287 trigoni,
1159 2243 1210 2277 sic
1229 2242 1335 2276 etiam
1362 2242 1522 2286 quinque
1539 2243 1660 2286 anguli
1684 2242 1812 2278 stellae
1835 2252 1922 2287 pen-

119 2293 307 2338 tagonicae
327 2292 484 2337 junctim
508 2293 686 2336 utrinque*
703 2298 904 2335 aequantur
941 2293 1083 2329 duobus
1108 2295 1233 2340 rectis,
1271 2300 1311 2329 ut
1336 2294 1388 2329 sic
1412 2294 1526 2329 latera
1558 2295 1707 2339 angulos
1733 2294 1923 2329 formantia

118 2345 243 2382 circuli
266 2355 372 2380 arcus
398 2355 562 2390 quaeque
587 2355 672 2380 suos
696 2345 938 2391 intercipiant,
965 2357 1036 2381 non
1061 2358 1145 2382 vero
1172 2347 1255 2382 bina
1282 2352 1318 2381 et
1349 2347 1432 2382 bina
1461 2347 1662 2390 portionem
1684 2346 1922 2391 aliquam‘cir-

122 2398 193 2434 culi
217 2398 462 2443 communiter,
490 2398 586 2442 quod
610 2399 647 2433 in
664 2397 771 2434 stella
797 2403 890 2444 oct0,
916 2398 1049 2444 decem,
1077 2399 1264 2434 duodecim
1286 2398 1478 2442 radiorum,
1505 2400 1550 2434 ob
1568 2398 1667 2443 paris
1683 2398 1921 2434 numericon-

122 2451 303 2490 ditionem,
328 2451 437 2496 inque
451 2451 580 2486 ceteris
605 2450 729 2494 figuris
754 2450 973 2496 primigeniis
998 2453 1043 2488 ob
1069 2452 1190 2496 anguli
1213 2449 1492 2495 magnitudinem
1516 2451 1595 2486 fieri
1618 2461 1691 2486 non
1715 2454 1852 2495 potest..

238 2503 394 2539 Excussi
419 2514 543 2539 omnes
567 2503 716 2548 loculos,
742 2507 783 2538 ut
807 2504 1029 2548 argumentis
1053 2503 1192 2539 idoneis
1216 2503 1323 2538 fidem
1347 2503 1520 2549 facerem,
1546 2514 1590 2538 ne
1616 2503 1746 2537 nimius
1771 2502 1835 2537 fiat
1857 2511 1921 2537 nu—

124 2568 242 2592 merus
276 2562 503 2602 aspectuum,
537 2556 786 2591 confusionem
819 2556 856 2590 in
889 2557 1110 2602 experiundo
1141 2557 1345 2601 pariturus3
1379 2557 1472 2591 intra
1505 2556 1718 2601 quadratum
1746 2555 1855 2599 igitur
1884 2558 1921 2588 et

123 2608 310 2653 quintilem
336 2609 630 2654 biquintilemque
656 2607 926 2644 subsistendum
960 2618 1040 2643 esse
1074 2619 1141 2643 nec
1175 2608 1221 2643 ad
1252 2618 1374 2642 eorum
1407 2608 1587 2643 derivatos
1622 2613 1777 2653 quatuor
1809 2603 1923 2640 ultimi

122 2663 255 2707 gradus
280 2667 407 2706 utpote
430 2661 680 2697 imbecillimos
707 2659 1025 2706 progrediendum,
1063 2659 1148 2696 licet
1171 2660 1238 2695 hos
1264 2671 1408 2706 quoque
1433 2662 1546 2706 prima
1569 2660 1768 2707 propositio
1797 2658 1920 2694 admit—

123 2721 186 2750 tat.
238 2715 274 2749 Si
299 2721 419 2748 tamen
442 2714 514 2748 ista
539 2724 610 2748 non
636 2712 867 2748 satisfaciunt
903 2718 939 2748 et
964 2714 994 2748 si
1018 2717 1117 2748 tanta
1141 2718 1196 2748 est
1228 2714 1361 2758 primae
1397 2713 1651 2760 propositionis
1674 2711 1847 2757 dignitas,
1882 2714 1920 2744 ut

124 2767 332 2803 intercessio
358 2767 471 2802 omnis
497 2766 638 2802 sublata
662 2766 725 2802 sit:
751 2776 830 2811 age,
855 2765 983 2810 cuique
1009 2775 1073 2811 per
1095 2775 1152 2800 me
1177 2765 1330 2800 liberum
1348 2771 1437 2810 est0,
1462 2765 1641 2811 respicere
1666 2764 1712 2800 ad
1728 2765 1794 2799 hos
1813 2763 1920 2799 etiam

125 2826 310 2865 aspectus,
344 2820 553 2864 praesertim
583 2819 626 2855 iis
656 2817 894 2864 temporibus,
926 2818 1056 2861 quibus
1089 2818 1201 2853 ceteri
1231 2828 1353 2854 omnes
1390 2819 1576 2854 defuerint.
1627 2818 1698 2853 Par
1725 2817 1820 2852 enim
1846 2819 1916 2858 est,
1962 2832 1966 2839 Δ

126 2882 233 2917 super
258 2872 313 2907 his
339 2882 481 2916 quoque
506 2872 624 2907 audiri
648 2870 901 2908 testificantem
926 2870 1201 2916 experientiam,
1238 2876 1278 2907 ut
1301 2881 1393 2917 quae
1419 2877 1455 2907 et
1479 2871 1606 2907 ceteris
1638 2871 1787 2917 primam
1811 2869 1918 2904 fidem

125 2923 210 2958 fecit
233 2929 316 2959 ante
339 2924 508 2959 rationes.

239 2973 529 3023 Propositio
560 2973 655 3015 XV.
715 2974 814 3013 Sunt
841 2972 998 3022 aliquae
1030 2971 1374 3022 configurationes,
1406 2984 1505 3022 quae
1536 2974 1636 3012 inter
1668 2972 1843 3011 efficaces
1873 2973 1911 3009 et

127 3041 203 3067 non
236 3031 411 3070 efficaces
442 3033 662 3083 ambigunt;
701 3033 879 3071 nimirum
908 3041 1019 3069 arcus
1052 3028 1134 3068 24⁰
1174 3043 1222 3070 ex
1251 3031 1642 3082 pentekaedecagono
1685 3036 1724 3069 et
1758 3026 1836 3068 18ο
1865 3039 1912 3068 ex

129 3098 340 3138 lcoslgono.
