1994 3276
760 68 1102 116 Libermcapnt
1121 67 1219 106 nv.
1602 34 1635 48 .—
1799 74 1882 114 321

99 202 204 242 quae
229 190 281 231 iia
306 191 569 239 nodatur,
598 202 624 231 a
650 194 740 230 nete
767 200 839 229 seu
870 188 1017 237 ultimis
1045 176 1181 237 dictim
1224 188 1518 240 celebraturque
1546 189 1617 231 Sol
1645 190 1780 230 crebro
1810 200 1887 231 usn

100 247 290 292 monis
317 260 389 300 pro
415 248 663 300 planetarum
689 246 836 295 medio,
875 257 954 286 nou
983 247 1111 287 minus
1140 258 1258 296 quam
1286 246 1356 286 illa
1383 259 1490 289 mese
1518 248 1677 296 dieitur,
1715 252 1758 288 et
1783 248 1887 287 siunt

98 318 206 347 mese
231 313 406 358 syra-a
431 307 666 357 perfeetum,
706 307 765 345 sie
791 304 860 344 Sol
897 303 1083 343 mundum
1125 304 1293 354 biseeat3
1331 316 1435 353 mese
1465 306 1622 356 quidem
1652 312 1693 346 et
1720 317 1887 358 propor-

100 366 244 406 tio-un
272 366 508 416 systematis,
538 376 640 414 quae
669 362 886 414 qmdrupla
914 362 1076 410 dicitur,
1105 363 1145 400 in
1175 362 1254 402 duo
1282 363 1466 413 aequalia
1493 363 1652 412 dividit,
1682 363 1752 404 Sol
1784 374 1887 415 quo·
1954 356 1963 361 ’

100 434 177 474 qne
205 425 493 475 proportionem
522 421 812 464 intervallorum
842 420 995 461 videtur
1024 419 1160 460 eodem
1189 421 1269 461 fere
1297 421 1415 461 modo
1444 421 1630 478 dividere,
1659 423 1695 461 si
1722 421 1887 474 prolixi-

100 486 222 521 tatem
247 482 445 531 temporis,
476 491 554 531 quo
574 480 765 520 Saturnus
783 478 894 526 redit,
924 480 1141 528 argumenti
1160 478 1249 518 loeo
1267 478 1483 519 habeamus
1509 480 1560 520 ad
1590 479 1888 531 conjectandum

102 537 361 579 intervallum.
420 537 489 577 Sol
529 539 630 577 enim
667 536 874 577 duodecies
916 536 1062 576 tardior
1090 536 1222 583 Luna,
1263 536 1392 577 decies
1428 540 1567 578 novies
1596 540 1746 578 circiter
1772 536 1889 578 altior

100 605 160 636 est
188 595 275 645 illa3
304 596 493 637 Saturnus
524 607 617 635 vero
647 597 774 634 tricies
803 594 950 634 tardior
978 594 1093 642 Sole,
1123 597 1266 645 poterit
1293 595 1547 646 probabiliter
1575 602 1615 636 et
1644 598 1729 648 ipse
1757 595 1887 636 decies

99 656 238 695 novies
263 653 381 696 altior
410 666 457 693 eo
486 656 620 706 statui,
650 665 738 693 cnm
765 652 862 692 nihil
881 652 1069 703 impediat
1089 663 1236 700 eorum,
1265 665 1368 703 quae
1397 655 1438 692 iu
1463 653 1658 695 sideribus
1686 658 1887 706 apparent,

101 717 321 765 ut,qnanto
352 712 476 760 Luna,
507 712 650 757 infima,
680 710 860 750 humilior
889 717 949 750 est
978 722 1096 760 quam
1130 710 1311 759 velocior,
1342 718 1451 750 tanto
1482 714 1655 756 vicissim
1682 711 1886 762 Saturnus,

101 771 328 818 altissimus,
358 770 502 809 tardior
530 771 583 808 sit
612 781 730 820 quam
758 769 885 810 altior.

214 827 407 880 Amplius,
438 830 540 866 sicut
569 829 668 866 inter
696 827 1112 878 proslambanomenon
1131 831 1170 865 et
1200 826 1371 877 hypaten
1393 827 1568 879 hypaton
1597 829 1801 867 minimum
1829 832 1891 867 est

101 898 149 926 ex
179 886 378 926 stabiliam
398 886 564 935 .qnidem
593 897 775 924 sonorum
805 884 1032 932 intervallis,
1064 885 1120 923 sic
1150 886 1268 923 etiam
1298 896 1344 924 ex
1375 886 1640 936 superioribus
1660 885 1817 926 Saturni
1847 892 1887 924 et

48 992 51 993 ⁷
99 943 217 983 Jovis
245 946 393 995 primae
422 944 611 995 sphaerae
638 945 837 982 minimum
876 949 1070 993 potestate
1101 941 1267 989 distant,
1308 945 1452 995 quippe
1489 943 1690 996 epicyclus
1728 943 1885 983 Saturni

101 1003 281 1041 minimus
319 1008 379 1041 est
418 1004 667 1053 proportione
704 1001 755 1040 ad
797 1002 929 1041 orbem
968 1012 1082 1039 suurn
1113 1001 1392 1051 eccentricnm3
1431 1007 1474 1040 nt
1505 1013 1597 1041 vero
1628 1003 1728 1042 inter
1756 1013 1890 1040 meson

101 1067 141 1099 et
167 1060 340 1111 hypaten
369 1071 503 1101 meson
534 1066 592 1098 est
630 1059 874 1101 intervallum
912 1059 1177 1102 diatessaron.
1223 1059 1454 1107 maximum,
1498 1062 1557 1100 sie
1590 1062 1690 1101 inter
1718 1059 1821 1099 Solis
1852 1065 1892 1099 et

102 1118 239 1158 Martis
266 1119 412 1170 primas
439 1117 624 1169 sphaeras
654 1123 715 1156 est
742 1117 991 1156 intervallum
1019 1122 1214 1166 potestate
1244 1118 1476 1164 maximum,
1513 1120 1609 1168 quia
1636 1118 1775 1158 Martis
1805 1119 1891 1168 epi-

102 1175 236 1227 cyclus
275 1177 524 1227 proportione
561 1181 623 1214 est
657 1177 847 1214 maximus
888 1174 940 1214 ad
978 1176 1232 1214 eccentricum
1271 1187 1408 1225 οπως
1447 1183 1487 1215 et
1516 1182 1561 1215 ut
1589 1178 1689 1216 inter
1715 1176 1890 1228 hypaten

104 1233 280 1285 hypaton
310 1240 350 1273 et
378 1234 549 1286 hypaten
578 1241 714 1272 meson
752 1245 902 1271 mrsum
941 1239 1002 1272 est
1031 1232 1288 1277 diatessaron,
1332 1234 1498 1284 aequale
1526 1235 1664 1286 priori,
1706 1236 1764 1273 sic
1791 1236 1892 1274 inter

102 1291 246 1332 Jovem
275 1297 317 1331 et
333 1291 510 1331 'Martem
540 1297 600 1331 est
628 1290 888 1339 intervallum,
919 1296 1111 1341 potestate
1141 1293 1404 1342 propinquans
1435 1293 1564 1332 vicino
1593 1294 1696 1333 inter
1724 1292 1892 1333 Martem

103 1355 143 1389 et
169 1349 324 1397 Solem,
364 1351 457 1400 quia
487 1348 684 1400 epicyclns
712 1348 851 1397 Jovis,
893 1345 993 1388 cum'
1010 1348 1214 1388 mediocris
1243 1351 1294 1388 sit
1322 1352 1571 1401 proportione
1599 1350 1652 1391 ad
1681 1362 1794 1391 suum
1824 1362 1891 1390 ee-

103 1410 326 1455 eentrieum‚
355 1410 571 1458 quantitate
600 1408 836 1458 propinquat
866 1406 1037 1447 Martiali
1076 1409 1114 1445 in
1153 1414 1326 1455 tantum,
1365 1414 1512 1459 quanto
1554 1409 1679 1460 maior
1706 1414 1767 1448 est
1807 1410 1890 1460 ipse

102 1465 221 1505 ,lovis
249 1468 485 1505 eeeentricus
516 1467 727 1504 eccentrico
759 1465 909 1504 Martis.
968 1465 1134 1504 Rursum
1165 1467 1264 1505 inter
1293 1466 1489 1506 inferiores
1508 1468 1710 1506 minimum
1739 1471 1799 1507 est
1828 1467 1891 1504 in·

104 1522 310 1563 nemum
346 1526 446 1562 inter
481 1524 624 1573 primas
661 1523 765 1561 Solis
805 1530 843 1562 et
875 1523 1036 1563 Veneris
1074 1523 1259 1573 sphaeras
1300 1524 1409 1575 (qnia
1445 1523 1514 1564 Sol
1553 1524 1728 1576 epicyclo
1759 1526 1890 1577 earet),

98 1583 222 1635 ⁴aienti
251 1586 312 1621 est
339 1583 557 1628 minimum,
600 1580 639 1619 id
684 1587 741 1619 est
780 1583 951 1620 tonicam
982 1580 1227 1620 intervallum
1267 1583 1387 1621 etiam
1415 1584 1516 1622 inter
1544 1595 1676 1623 mesen
1705 1588 1745 1622 et
1772 1595 1892 1633 para-

103 1642 259 1687 ‘mesem
288 1640 387 1679 inter
416 1639 579 1678 Veneris
610 1650 701 1677 vero
732 1645 771 1677 et
790 1639 971 1677 Mercurii
1000 1641 1144 1689 primas
1172 1639 1359 1689 sphaeras
1390 1641 1441 1678 ob
1471 1641 1775 1691 magnitudinem
1805 1642 1892 1691 epi-

105 1696 207 1748 cycli
234 1697 400 1736 Veneris
428 1696 479 1735 ad
508 1698 763 1735 eceentricnm
792 1703 852 1735 est
890 1698 1099 1734 maximum
1129 1697 1396 1744 intervallum,
1438 1699 1540 1737 sieut
1569 1705 1607 1738 et
1646 1701 1749 1738 inter
1773 1710 1892 1749 para-

106 1765 239 1795 mesen
268 1760 308 1794 et
335 1758 450 1794 neten
489 1754 790 1804 diezeugmenon
832 1756 1062 1801 maximum,
1104 1754 1252 1794 scilicet
1293 1755 1555 1805 diatessaron3
1596 1756 1764 1806 denique
1792 1758 1893 1795 inter

62 1822 67 1826 ’
106 1812 288 1852 Mercnr'n‘
318 1818 357 1852 et
384 1812 521 1852 Lunae
549 1814 695 1862 primas
725 1819 783 1850 est
813 1811 1058 1851 intervallum
1096 1818 1290 1863 potestate
1320 1815 1584 1865 propinquans
1612 1815 1753 1866 priori,
1798 1816 1893 1865 quia

107 1869 303 1922 epieyclns
331 1870 513 1910 Mercurii
543 1870 787 1921 proportione
818 1869 1021 1909 mediocris
1052 1876 1111 1908 est
1139 1870 1190 1908 ad
1220 1873 1479 1911 excentricum
1510 1883 1643 1920 suum,
1672 1872 1799 1922 maior
1828 1877 1892 1910 ta-

108 1939 197 1968 men
235 1941 357 1979 quam
384 1928 527 1968 Jovius
557 1927 607 1967 ad
647 1940 782 1976 snum3
821 1928 960 1979 quodsi
990 1930 1030 1965 in
1061 1927 1193 1976 Luna,
1232 1929 1363 1968 infimo
1392 1929 1571 1980 planeta,
1609 1935 1785 1970 sumatur
1813 1941 1889 1968 non

25 2008 33 2017 ³
108 1989 244 2038 prima,
273 1987 343 2026 sed
376 1987 512 2025 ultima
541 1986 707 2037 sphaera
737 1993 775 2025 et
805 1985 948 2025 mundo
977 1986 1177 2025 sublunari
1207 1988 1459 2036 vicinissime,
1490 1989 1695 2037 augebitur
1724 1988 1800 2027 hoe
1830 1990 1892 2026 in-

17 2057 27 2092 f
109 2043 315 2085 ten-vanum
343 2047 566 2084 accessione
598 2044 761 2095 epicycli
790 2050 829 2083 et
858 2044 1109 2084 deserentium
1138 2044 1293 2093 Lunae,
1324 2057 1488 2095 quorum
1518 2052 1578 2086 est
1607 2058 1684 2085 non
1716 2052 1892 2085 contem-

111 2101 238 2142 nenda
267 2103 491 2152 magnitudo
513 2104 800 2152 comparatione
818 2102 870 2140 ad
890 2104 1162 2141 eceentricnm·
1198 2108 1240 2141 ut
1268 2104 1325 2142 ita
1353 2103 1429 2143 hoe
1457 2116 1613 2155 quoque
1644 2102 1890 2143 intervallum

17 2185 39 2222 3
111 2159 249 2200 melius
277 2160 507 2211 respondeat
539 2160 674 2199 ultimo
705 2160 910 2198 intervallo
939 2162 1038 2198 inter
1066 2167 1180 2199 neten
1202 2161 1504 2211 diezeugmenon
1533 2168 1573 2202 et
1601 2168 1715 2202 neten
1745 2162 1891 2213 hyper-

110 2217 290 2265 bolaeon,
319 2218 425 2268 quod
454 2224 513 2257 est
541 2218 717 2259 similiter
744 2220 965 2263 maximum,
996 2218 1143 2257 scilicet
1172 2218 1411 2258 diatessaron
1430 2218 1529 2271 ¹111).

226 2275 336 2314 Haee
375 2277 510 2325 igitur,
550 2278 668 2314 etiam
707 2287 776 2325 per
813 2288 994 2315 numeros
1032 2278 1137 2325 ipsos
1177 2279 1421 2316 convenienti
1460 2278 1577 2316 modo
1606 2259 1775 2323 tentata,
1812 2288 1890 2315 non

29 2337 33 2340 ”
114 2333 228 2372 valde
258 2333 459 2372 dissimilia
488 2340 597 2373 eruut
617 2333 842 2381 intervallis,
874 2346 974 2384 qnae
996 2335 1034 2370 in
1055 2336 1291 2372 astronomia
1319 2335 1574 2384 probabiliter
1593 2336 1889 2375 constituuntur.

113 2390 231 2430 Primi
261 2393 364 2429 enim
393 2392 552 2438 numeri,
584 2392 723 2441 quibus
754 2393 994 2437 continentur
1025 2402 1157 2430 omnes
1186 2394 1453 2442 proportiones
1480 2392 1677 2430 stabilium
1695 2403 1890 2441 sonorum,

115 2450 149 2487 si
176 2460 308 2487 omnes
338 2449 504 2499 chordae
533 2451 754 2499 systematis
793 2446 951 2500 perlecti
980 2461 1027 2487 ex
1058 2450 1173 2487 unica
1213 2449 1299 2486 sola
1328 2451 1503 2488 tensione
1531 2450 1781 2488 monochordi
1812 2451 1891 2488 for-

114 2513 274 2553 mentur,
304 2511 395 2544 sunt
424 2509 507 2544 isti:
541 2508 578 2553 9,
613 2509 676 2550 12,
714 2508 780 2557 16,
815 2508 879 2551 18,
912 2509 978 2554 24,
1002 2507 1069 2553 32,
1093 2508 1158 2545 36.
1206 2506 1358 2544 Primus
1381 2509 1404 2545 9
1426 2519 1513 2546 cum
1543 2508 1679 2546 ultimo
1701 2509 1765 2546 -36
1795 2519 1891 2546 con-

117 2565 241 2602 stitnit
270 2565 554 2613 proportionem
574 2565 840 2614 quadruplam.
882 2564 1078 2614 Sphaerae
1099 2577 1190 2602 vero
1211 2564 1398 2603 coelestes
1429 2571 1619 2616 occupant
1648 2565 1893 2604 intervallum

116 2621 238 2660 multo
268 2621 415 2669 majus,
455 2623 510 2659 ita
540 2627 582 2659 ut
610 2622 777 2672 sphaera
807 2622 961 2661 Saturni
992 2624 1124 2660 extimi
1155 2623 1205 2660 sit
1244 2623 1431 2672 sphaerae
1463 2623 1597 2663 Lunae
1627 2625 1786 2661 intimae
1813 2634 1892 2662 non
1956 2616 1960 2618 ⁸

118 2678 236 2717 semel
267 2683 436 2723 tantum,
474 2678 543 2716 sed
581 2679 695 2728 plane
725 2685 782 2718 ter
820 2680 1055 2731 quadrupla,
1098 2680 1171 2718 hoc
1201 2688 1261 2718 est
1290 2680 1525 2731 dueentupla
1554 2681 1893 2731 quinquagecnpla

118 2736 297 2784 sextupla
326 2741 364 2773 et
396 2735 499 2784 quod
530 2739 711 2774 excurrit:
742 2749 831 2776 nam
851 2740 884 2776 si
910 2736 1051 2783 19¹1¹⁸¹¹¹‚
1083 2750 1183 2788 quae
1204 2739 1376 2777 estinter
1395 2738 1497 2776 Solis
1526 2744 1565 2776 et
1587 2739 1719 2777 Lunae
1747 2738 1891 2790 sphae-

121 2806 196 2839 ras,
227 2793 525 2842 duplicaremus‚
568 2799 610 2830 nt
637 2794 755 2843 paulo
784 2801 919 2843 antea,
960 2795 1127 2845 prodiret
1156 2795 1359 2834 Saturniae
1387 2795 1436 2833 ad
1467 2795 1658 2835 Lunarem
1688 2791 1891 2846 sphaeram

20 2867 37 2901 i
119 2851 313 2901 proportio
349 2851 465 2901 plane
496 2849 642 2894 361⁹&
701 2851 778 2889 Sed
815 2865 1038 2891 maneamus
1068 2865 1169 2891 nunc
1200 2854 1237 2889 in
1270 2864 1334 2899 eo,
1375 2858 1417 2890 ut
1446 2858 1524 2891 tam
1552 2853 1699 2893 Solaris
1727 2853 1894 2905 sphaera

22 2931 50 2953 κ,
121 2908 308 2954 Lunaris,
350 2919 467 2957 quam
496 2907 678 2946 Saturnia
706 2908 852 2948 Solaris
878 2910 1067 2959 sphaerae
1105 2912 1181 2948 sint
1215 2907 1357 2956 169¹⁸0‚
1402 2912 1495 2959 quia
1531 2912 1588 2949 sic
1624 2914 1892 2962 proportiones

122 2965 347 3004 coelestium
376 2969 596 3004 statuuntur
625 2967 988 3007 commensurabiles
1017 2968 1328 3018 proportionibus
1356 2967 1616 3015 musicalium,
1645 2970 1785 3020 triplae
1812 2971 1892 3010 sei-

121 3021 211 3063 licet
239 3033 385 3063 earum-
444 3023 580 3074 Itaque
621 3024 655 3060 si
698 3023 934 3074 triplicentur
970 3026 1106 3066 horum
1146 3036 1389 3065 numerorum
1419 3028 1706 3079 proportiones,
1749 3030 1823 3070 erit
1850 3030 1891 3068 in
