1988 3276
158 133 211 172 90
745 130 802 167 De
822 129 1035 175 figurarum
1058 130 1355 168 Harmonicarum

159 260 277 300 opera
304 249 468 301 planum
498 248 728 298 formabant,
761 261 807 288 ex
838 261 915 300 quo
947 252 991 289 in
1018 251 1249 302 quadratum
1268 251 1426 291 redacto
1446 253 1675 293 nascebatur
1692 252 1807 302 linea,
1838 253 1942 294 dicta

156 319 285 347 mese:
309 309 385 347 ,sic
419 308 504 358 jam
535 307 634 346 duae
663 312 802 357 rectae,
834 313 918 348 tota
947 314 986 349 et
1013 321 1104 361 pars
1134 321 1226 363 una,
1255 309 1421 350 formant
1450 312 1575 362 ipsam
1601 316 1751 363 partem
1780 311 1940 352 alteram

157 366 447 416 subtrahendo,
479 365 544 406 vel
575 365 674 405 duae
703 370 832 418 partes
863 367 1030 408 formant
1058 372 1180 408 totam
1211 367 1400 409 addendo.
1459 369 1547 410 Illic
1574 374 1703 410 rectae
1731 369 1941 410 formantes

157 429 265 466 erant
305 426 404 464 inter
442 436 485 465 se
525 424 890 465 commensurabiles
927 426 1013 467 sola
1048 428 1247 478 potentia,
1287 426 1353 467 hic
1400 428 1520 468 missa
1559 429 1942 478 commensuratione,

157 482 330 523 succedit
359 484 621 535 proportionis
651 482 834 523 identitas
864 485 964 524 inter
991 490 1116 525 totum
1146 490 1185 526 et
1213 489 1355 537 partes.
1403 485 1489 526 Illic
1516 488 1774 538 proportionis
1803 487 1943 527 simili-

155 542 248 581 tudo
280 546 362 580 erat
379 543 478 581 inter
499 543 687 581 minorem
708 547 746 582 et
766 542 982 582 faciendam
1011 546 1186 595 interque
1219 543 1438 584 faciendam
1457 549 1496 585 et
1514 545 1712 596 maiorem,
1742 545 1808 585 hic
1826 547 1943 586 etiam

156 606 214 641 est
242 601 502 651 proportionis
533 600 746 640 similitudo
777 601 875 640 inter
905 602 1103 642 faciendas
1133 602 1230 642 duas
1268 604 1444 653 interque
1474 615 1605 644 earum
1634 615 1753 644 unam
1782 608 1823 644 et
1849 615 1943 655 pro-

153 661 320 710 positam
339 663 480 708 totam,
522 660 562 697 in
585 659 867 698 abstractione:
899 661 939 698 in
959 662 1237 711 compositione
1257 673 1349 700 vero
1370 663 1470 703 inter
1488 660 1750 702 faciendarum
1767 674 1885 702 unam
1905 667 1945 702 et

154 718 393 769 propositam
421 719 595 767 interque
624 719 862 767 propositam
893 723 932 757 et
961 718 1179 758 faciendam
1211 719 1383 759 alteram.
1443 720 1531 760 Illic
1565 721 1683 772 igitur
1711 720 1814 761 datis
1843 720 1943 761 dua-

107 816 113 826 ,
155 777 227 815 bus
259 774 422 815 dabatur
451 775 718 825 rectangulum
747 776 913 825 aequale
944 777 1133 827 quadrato
1172 776 1372 831 faciendae
1411 783 1450 818 et
1478 779 1536 819 sic
1562 779 1721 830 planum
1760 781 1850 826 ante
1891 779 1944 818 li-

154 846 285 874 neam:
326 834 390 873 hic
429 846 449 874 e
481 834 691 883 contrario,
732 833 844 873 factis
885 833 1036 875 duabus
1076 835 1281 884 faciendis,
1321 837 1496 887 sequitur
1532 836 1685 878 demum
1727 837 1944 888 aequalitas

153 895 249 933 inter
278 892 547 943 rectangulum
569 895 825 932 extremarum
855 897 894 932 et
928 893 1159 945 quadratum
1188 894 1336 934 mediae
1360 893 1485 948 (Eucl.
1516 894 1590 936 VI.
1626 897 1690 935 17.
1713 899 1753 936 et
1769 895 1822 935 H.
1848 893 1943 950 11.).

242 950 330 990 Illic
361 957 489 991 rectae
519 951 729 990 formantes
759 950 945 998 quadrata
973 952 1174 992 habebant
1205 953 1568 994 commensurabilia
1597 952 1785 1005 quadrato
1814 957 1944 995 rectae

153 1011 396 1062 propositae;
427 1010 491 1048 hic
522 1009 635 1049 docet
663 1008 856 1059 Euclides,
889 1010 959 1049 VI.
981 1012 1048 1060 30,
1080 1015 1118 1051 et
1148 1022 1299 1051 sumere
1319 1011 1561 1062 quadratum,
1591 1013 1813 1064 propositae
1843 1024 1944 1063 qua-

156 1069 264 1108 drato
305 1067 669 1116 commensurabile‚
710 1079 765 1108 sc.
796 1069 1107 1120 sesquintuplum
1139 1070 1245 1120 ejus,
1287 1074 1326 1109 et
1365 1070 1415 1110 ab
1444 1070 1563 1121 huJus
1601 1070 1782 1121 quadrati
1819 1070 1941 1112 latere

153 1127 302 1167 auferre
332 1129 531 1167 semissem
561 1128 797 1177 propositae,
830 1131 873 1166 ut
902 1132 1020 1167 restet
1047 1139 1138 1178 pars
1167 1129 1207 1166 in
1236 1129 1437 1179 proposita
1467 1128 1694 1179 statuenda,
1727 1140 1805 1180 qua
1831 1134 1941 1180 parte

157 1185 205 1226 de
234 1187 434 1237 proposita
465 1184 618 1234 ablata,
648 1184 940 1235 relinquebatur
968 1198 1059 1237 pars
1091 1186 1214 1225 altera
1243 1186 1429 1236 requisita
1459 1183 1546 1240 (vel
1576 1187 1627 1227 ad
1657 1191 1780 1227 totam
1809 1185 1946 1227 addita

153 1244 273 1284 fiebat
303 1245 419 1283 etiam
450 1244 564 1282 tertia
593 1243 808 1295 requisita)
868 1244 918 1283 Et
945 1249 1005 1284 tot
1034 1245 1255 1284 nominibus
1285 1249 1414 1296 partes
1443 1245 1519 1285 hae
1538 1243 1718 1286 videntur
1735 1257 1945 1287 accensen-

154 1303 226 1342 dae
255 1303 394 1354 gradui
425 1306 575 1352 quarto.

269 1361 316 1399 In
345 1361 420 1400 hoc
450 1371 543 1399 vero
572 1363 718 1410 puncto
747 1359 915 1400 nobilior
945 1362 1031 1412 ipsa
1059 1372 1165 1401 mese
1185 1360 1358 1400 redditur
1387 1361 1503 1411 linea,
1535 1373 1805 1413 quamcunque
1826 1373 1944 1402 oecu-

156 1420 311 1470 paverit
340 1420 418 1459 ista
446 1419 666 1470 proportio:
698 1417 803 1467 quod
833 1431 937 1459 mese
966 1419 1132 1470 longiori
1163 1423 1319 1469 catena,
1359 1431 1406 1458 ex
1437 1424 1605 1470 quatuor
1634 1419 1806 1460 articulis
1837 1431 1945 1460 com-

153 1479 296 1528 posita,
331 1477 522 1528 dependet
552 1477 601 1516 ab
633 1475 778 1515 effabili
806 1479 1018 1528 proposita,
1066 1477 1182 1528 hujus
1212 1489 1304 1517 vero
1333 1482 1463 1528 partes
1492 1479 1668 1518 nituntur
1695 1479 1945 1530 proportione

152 1548 241 1586 sua,
284 1547 398 1586 quam
429 1536 574 1575 habent
602 1533 824 1574 immediate
863 1536 912 1575 ad
943 1538 1068 1587 ipsam
1098 1535 1291 1575 effabilem
1320 1536 1570 1587 propositam.
1630 1538 1767 1588 quue
1795 1537 1858 1586 fit,
1901 1541 1946 1576 ut

151 1606 286 1634 meson
315 1595 465 1645 possint
494 1605 578 1634 esse
609 1593 767 1642 multae,
799 1594 934 1635 eodem
953 1606 1085 1634 omnes
1114 1593 1238 1645 gradu
1259 1594 1445 1635 distantes
1475 1595 1526 1635 ab
1556 1595 1711 1645 effabili,
1741 1607 1831 1646 pars
1850 1607 1944 1635 vero

152 1654 276 1703 major
305 1655 344 1691 in
373 1653 448 1692 hac
478 1653 725 1704 proportione
754 1652 877 1702 ipsius
907 1652 1069 1693 effabilis
1090 1665 1168 1692 una
1186 1652 1271 1692 sola
1290 1654 1342 1692 sit
1371 1658 1410 1693 et
1428 1654 1583 1693 omnino
1604 1654 1790 1705 cujusque
1817 1653 1945 1694 lineae

151 1717 241 1762 post
282 1711 473 1751 effabilem
511 1722 589 1749 una
629 1709 848 1760 singularis.
909 1711 995 1761 Quo
1034 1712 1190 1751 nomine
1227 1713 1502 1763 aequiparatur
1540 1712 1625 1763 ejus
1668 1711 1944 1753 demonstratio

151 1772 275 1821 primo
308 1769 592 1820 quodammodo
623 1768 773 1819 gradui.

269 1828 433 1878 Quando
463 1830 579 1878 igitur
609 1827 808 1878 proposita
836 1832 941 1867 recta
966 1828 1126 1878 jubetur
1156 1839 1242 1868 esse
1271 1831 1356 1867 tota
1387 1827 1549 1878 ejusque
1579 1827 1679 1868 duae
1697 1827 1797 1868 tales
1814 1798 1945 1880 partes

153 1891 409 1937 quaeruntur,
451 1891 544 1925 tunc
574 1885 671 1924 haec
700 1887 905 1935 geometris
936 1885 1073 1925 dicitur
1103 1888 1224 1926 sectio
1254 1885 1467 1925 secundum
1497 1890 1667 1926 extrema
1694 1891 1734 1926 et
1762 1887 1942 1928 medium.

152 1946 342 1984 Nimirum
371 1944 447 1983 hoc
477 1945 551 1982 sibi
581 1943 667 1982 vult
695 1954 856 1992 nomen,
895 1943 999 1994 quod
1037 1956 1123 1983 cum
1153 1945 1254 1984 alias
1281 1944 1454 1995 vulgaris
1483 1946 1604 1984 sectio
1634 1945 1752 1984 totius
1782 1947 1823 1984 in
1851 1957 1944 1997 par-

152 2009 211 2043 tes
243 2003 339 2042 duas
370 2014 445 2040 uon
476 2003 657 2052 respiciat
675 2003 973 2053 proportionem,
1005 2007 1073 2040 aut
1103 2003 1137 2041 si
1166 2002 1217 2042 ad
1247 2006 1371 2042 totam
1399 2002 1533 2052 aliqua
1558 2007 1799 2054 comparetur
1827 2006 1867 2051 in
1897 2017 1945 2045 ea

153 2063 422 2113 proportione,
463 2061 502 2098 in
533 2072 610 2110 qua
648 2065 707 2098 est
736 2062 859 2098 minor
887 2072 976 2110 pars
1006 2060 1056 2098 ad
1093 2060 1297 2110 majorem,
1339 2065 1432 2100 tunc
1459 2060 1555 2100 fiant
1584 2065 1752 2112 quatuor
1779 2064 1943 2113 termini,

154 2120 231 2160 duo
263 2120 423 2159 extremi
452 2123 491 2158 et
522 2118 598 2157 duo
629 2116 762 2157 medii:
793 2119 856 2157 hic
888 2122 1021 2158 contra
1050 2117 1146 2158 fiant
1173 2123 1323 2158 tantum
1352 2123 1430 2159 tres
1459 2120 1630 2168 termini,
1670 2124 1755 2160 tota
1788 2121 1943 2172 quidem

158 2183 197 2219 et
225 2190 315 2231 pars
346 2179 480 2226 minor,
514 2176 589 2216 duo
621 2178 791 2226 extremi,
821 2188 910 2227 pars
940 2187 1033 2216 vero
1062 2177 1187 2227 maj0r
1215 2176 1366 2216 medius
1394 2179 1580 2217 terminus
1609 2179 1758 2220 unicus.

267 2237 420 2276 Dicitur
450 2237 566 2275 etiam
597 2234 733 2274 eadem
775 2235 821 2274 de
860 2246 978 2274 eausa
1013 2236 1132 2274 sectio
1162 2235 1474 2285 proportionalis.
1532 2235 1723 2276 Hodierni
1743 2241 1782 2277 et
1800 2237 1943 2276 sectio-

151 2308 241 2336 nem
281 2300 319 2334 et
355 2295 642 2346 proportionem
680 2294 764 2344 ejus
797 2294 1071 2343 cognominant
1100 2293 1291 2343 divinam,
1322 2298 1479 2344 propter
1507 2294 1736 2335 admirabile
1766 2296 1851 2346 ejus
1879 2295 1943 2333 in-

151 2356 308 2406 genium
339 2359 377 2393 et
405 2352 633 2403 multiplicia
661 2351 883 2402 privilegia,
915 2363 1078 2402 quorum
1105 2352 1355 2403 praecipuum
1386 2356 1464 2402 est,
1503 2353 1609 2403 quod
1645 2364 1798 2405 semper
1833 2357 1942 2404 parte

153 2413 291 2462 majori
322 2412 371 2450 ad
402 2416 524 2450 totam
554 2409 705 2459 addita,
747 2411 962 2460 composita
998 2421 1148 2449 rursum
1178 2414 1237 2450 est
1266 2410 1442 2450 similiter
1470 2416 1596 2462 secta3
1638 2415 1677 2451 et
1717 2423 1818 2462 quae
1851 2423 1942 2462 pars

157 2472 282 2521 maj0r
314 2474 415 2519 erat,
448 2470 530 2519 jam
560 2468 602 2507 fit
630 2470 772 2518 minor,
817 2480 917 2519 quae
946 2472 1048 2518 tota,
1084 2468 1168 2518 jam
1209 2469 1334 2519 maJ'or
1370 2480 1462 2520 pars
1500 2469 1544 2509 fit
1581 2471 1835 2521 compositae,
1874 2481 1944 2520 per
1986 2471 1988 2514 Ι

157 2529 273 2569 XIII.
298 2530 335 2567 5.
365 2527 551 2566 Euclidis.

268 2585 447 2625 XXVH.
478 2585 570 2623 Pro
583 2584 785 2634 positio.
846 2582 942 2621 Cum
973 2585 1102 2621 autem
1131 2583 1250 2621 sectio
1280 2582 1369 2621 talis
1398 2584 1436 2622 in
1466 2583 1644 2623 omnibus
1672 2583 1786 2623 lineis
1814 2583 1943 2623 locum

158 2646 313 2694 habeat,
344 2646 384 2682 in
417 2643 560 2683 effabili
588 2641 841 2692 longitudine,
871 2641 910 2678 in
942 2639 1087 2679 effabili
1115 2639 1200 2679 sola
1230 2642 1415 2691 potentia,
1447 2642 1487 2678 in
1516 2653 1639 2691 mese,
1669 2642 1710 2679 in
1740 2641 1943 2682 duodecim

156 2705 317 2754 reliquis
348 2702 550 2754 speciebus
580 2701 788 2748 recensitis,
820 2701 860 2737 in
889 2698 975 2737 aliis
1007 2698 1205 2737 omnibus:
1248 2710 1318 2737 nos
1350 2701 1389 2737 in
1419 2701 1614 2750 praesenti
1644 2710 1759 2750 opere
1790 2700 1941 2740 duabus

155 2763 253 2801 solis
286 2762 369 2812 ejus
400 2760 603 2811 speciebus
631 2758 819 2798 habemus
851 2768 965 2807 opus,
1008 2760 1109 2805 quae
1147 2767 1234 2795 cum
1273 2758 1475 2807 speciebus
1513 2758 1700 2796 hactenus
1739 2758 1942 2809 explicatis

158 2820 402 2869 coincidunt,
437 2817 647 2858 secundum
678 2816 774 2856 duas
803 2815 926 2854 lineas
956 2813 1153 2854 secandas.
1205 2815 1305 2853 Nam
1336 2821 1404 2855 aut
1435 2816 1596 2871 effabilis
1629 2820 1686 2854 est
1715 2816 1784 2855 illa
1810 2816 1942 2867 longi-

153 2878 383 2929 tudinessaut
412 2878 552 2916 mizon.
613 2873 760 2926 Quodsi
801 2872 963 2912 effabilis
1005 2876 1063 2911 est
1092 2872 1355 2922 longitudine,
1400 2885 1500 2924 quae
1530 2872 1581 2912 ad
1611 2874 1820 2913 secandum
1848 2886 1941 2924 pro-

155 2937 320 2983 ponitur,
352 2939 482 2975 sectae
511 2946 602 2985 pars
631 2932 756 2982 major
783 2931 827 2969 fit
857 2934 1037 2981 apotome
1070 2935 1228 2979 quartae
1261 2933 1426 2982 speciei,
1459 2935 1498 2969 ct
1526 2932 1732 2981 respondet
1761 2934 1797 2971 ei
1827 2933 1941 2971 bino-

153 2994 267 3031 minis
298 2993 471 3042 ejusdem
501 2996 660 3042 quartae
691 2990 847 3041 speciei,
881 2990 1097 3027 communia
1128 3001 1215 3028 cum
1246 2992 1331 3040 ipsa
1361 2990 1694 3041 habensnomina.
1737 2989 1815 3029 Sed
1845 3001 1940 3029 cave

156 3050 411 3100 confundaris,
442 3062 532 3102 pars
564 3049 719 3101 quidem
746 3047 871 3097 major
902 3046 969 3085 illa
990 3046 1127 3085 dicitur
1157 3047 1342 3087 relatione
1374 3047 1425 3086 ad
1454 3049 1712 3097 propositam,
1743 3052 1784 3087 at
1805 3047 1940 3087 eadem

154 3112 333 3160 apotome
372 3109 434 3150 hic
473 3109 611 3150 dicitur
649 3118 728 3147 non
768 3106 954 3146 relatione
994 3104 1043 3144 ad
1083 3107 1342 3158 propositam,
1381 3105 1451 3145 sed
1492 3105 1732 3155 qualitative.
1792 3105 1939 3156 Quodsi
