1994 3276
731 68 1188 148 ιιῆὴιιισιμιὶιιιι.
1409 157 1420 163 ⁶
1692 102 1695 105 ⁴
1766 102 1851 145 aas

72 254 79 258 .
108 245 111 256 ε
176 217 294 258 ,un-e
314 218 364 258 ad
384 217 632 260 Ptolemais-e
661 217 914 264 philosophum
946 217 1046 254 iilum
1081 217 1232 262 educta,
1266 221 1450 264 uteunque
1471 216 1643 263 jucunda
1671 221 1710 253 et
1731 216 1855 254 form

69 269 178 312 «ιιι
210 270 310 309 utili·
330 271 379 309 ‚in
414 271 612 317 astrologia
645 269 902 315 consider-atio,
935 270 1025 308 nihil
1047 275 1169 308 tamen
1199 269 1370 306 attineret
1392 269 1715 308 eonformationem
1735 270 1852 316 ipsiu

43 381 46 383 -
69 332 267 408 rum,-
264 313 352 364 ned
384 323 647 369 intelligeretur
678 328 819 360 tantum
853 323 1120 369 comparatione
1152 323 1294 360 zodiaci
1327 323 1540 369 apparentis
1568 326 1609 360 et
1629 333 1751 361 rerum
1772 321 1856 360 sub-

86 384 260 417 unm

182 437 283 476 Isou
302 438 369 475 111.
415 439 553 484 Negat,
588 418 801 477 transitione
836 441 882 478 de
915 444 1004 477 tono
1039 440 1078 477 in
1107 445 1233 476 tonum
1264 439 1417 476 muniri
1432 419 1479 477 de
1512 449 1658 485 genere
1666 440 1706 476 in
1727 449 1857 486 geum.
1923 453 1930 469 x

71 489 163 527 Mihi
184 494 313 527 cantus
333 490 405 530 ista
429 502 563 537 genera
586 497 672 528 sunt
694 490 917 530 differentiae
939 498 1135 538 tonorum,
1149 493 1273 537 itaque
1296 491 1383 528 mibi
1405 491 1585 529 interdum
1607 491 1760 529 mutatio
1781 493 1859 530 toni

70 547 188 578 mutat
206 536 336 590 genus,
359 548 401 580 ut
424 555 535 590 supra
557 544 738 581 annotavi.

185 605 282 643 Nota
303 605 366 644 IV.
414 606 519 652 Quod
543 613 668 654 negat,
702 610 840 655 percipi
863 610 1070 647 sensibilem
1104 592 1396 656 inaeqtialitatem
1429 619 1599 646 cursuum
1629 612 1780 655 propter
1801 617 1858 645 se-
1903 602 1912 608 “

0 686 1 690 ,
72 657 254 694 cessiones
275 658 314 694 in
334 656 464 700 latum
486 659 525 695 id
550 659 727 705 duplicem
749 667 871 707 potest
893 661 1029 699 habere
1052 670 1210 699 sensum.
1256 662 1365 699 Prior
1383 661 1443 698 hic
1465 666 1542 706 est,
1567 660 1666 697 verbi
1689 670 1800 698 causa
1820 660 1860 697 in

70 703 193 751 Luna,
217 710 321 756 cujus
345 712 508 758 evagatio
532 712 568 748 in
592 713 706 749 latum
726 718 782 750 est
805 715 873 759 5⁰3
910 719 1059 761 propter
1081 715 1178 752 hanc
1198 714 1260 761 fit,
1297 718 1339 750 ut
1361 713 1471 750 certis
1494 713 1584 750 locis
1607 712 1712 753 locus
1733 711 1861 749 Lunae

71 761 116 798 7·
135 762 174 799 in
197 762 363 810 ecliptica
396 766 444 802 sit
477 765 678 812 promotior
711 765 766 802 vel
799 767 968 803 anterior.
1015 768 1085 804 Hic
1109 779 1183 804 nou
1205 772 1262 804 est
1284 772 1392 813 aptus
1409 766 1494 802 huic
1516 765 1598 802 loco
1623 770 1764 810 sensus,
1787 774 1861 800 non

72 814 148 860 agit
168 825 297 862 nempe
319 817 379 854 hic
403 818 448 854 de
471 823 570 855 motu
594 818 794 856 latitudinis
818 819 1040 865 singulorum
1064 819 1224 868 proprio,
1249 819 1315 856 sed
1339 819 1384 855 de
1409 818 1610 855 deflexione
1633 816 1791 853 omnium
1814 815 1860 854 ab

72 873 282 916 miratore,
306 865 344 906 et'
365 881 494 908 sensus
518 877 578 908 est
596 869 743 918 verio'r,
765 872 862 909 inter
884 873 991 909 unius
1015 873 1184 920 planetae
1207 871 1360 909 circulos
1382 867 1580 918 parallelos
1603 869 1756 906 duorum
1778 879 1861 915 pro-

72 919 261 968 ximorum,
276 933 378 971 quos
401 924 537 961 habent
558 924 612 960 illi
634 925 671 960 in
694 925 810 971 primo
833 930 951 971 motu,
976 936 1049 962 non
1073 934 1155 962 esse
1177 933 1288 962 sensu
1311 922 1583 970 perceptibilem
1605 920 1860 958 diversitatem.

187 985 284 1023 Nota
305 987 350 1024 V.
396 988 627 1025 Ptolemaeus
651 999 697 1024 ne
719 989 904 1026 zodiacum
933 989 1078 1050 quidem
1108 980 1170 1026 hic
1190 989 1370 1034 intuetur,
1406 986 1503 1034 quod
1536 991 1659 1022 tamen
1682 989 1720 1021 et
1741 983 1862 1030 ipsum

74 1034 179 1072 vilius
200 1042 311 1083 esset,
335 1039 399 1076 sed
422 1040 493 1077 hoe
515 1041 623 1077 etiam
647 1041 766 1086 eapite
790 1042 836 1077 ad
860 1046 998 1078 motum
1021 1043 1175 1088 primum
1198 1041 1294 1078 redit
1316 1039 1555 1093 adsciscitque
1577 1036 1802 1076 horizontem
1823 1042 1863 1075 et

72 1089 178 1133 polos
201 1090 336 1137 mundi,
361 1093 596 1138 conspicuum
620 1094 765 1139 quidem
787 1096 992 1132 attribuens
1014 1095 1113 1132 tonis
1134 1094 1265 1139 acutis,
1289 1093 1336 1130 ad
1359 1089 1521 1128 normam
1545 1089 1676 1136 eapitis
1701 1090 1756 1131 10,
1779 1100 1861 1135 gra-

74 1141 178 1179 vibus
201 1141 330 1180 latera
337 1144 412 1189 poli
433 1145 660 1192 inconspicui
680 1151 718 1183 et
740 1148 809 1184 sub
832 1148 1056 1184 horizontem
1079 1147 1254 1191 demerai3
1279 1154 1433 1190 eumque
1448 1144 1471 1180 7
1496 1148 1603 1179 tonos
1625 1141 1803 1178 invenerit
1824 1141 1864 1178 in

74 1191 145 1231 hoe
168 1205 299 1243 opere,
334 1198 357 1233 7
378 1197 424 1232 iis
447 1197 643 1243 parallelos
666 1209 732 1245 per
752 1199 857 1235 initia
877 1200 1060 1245 signorum
1085 1199 1214 1236 ductos
1238 1196 1485 1234 accommodat
1506 1207 1581 1232 non
1603 1195 1715 1241 paulo
1738 1195 1865 1241 pulch—

75 1245 160 1294 nori
182 1258 370 1295 successu,
407 1260 515 1296 quam
536 1251 638 1296 prins
661 1257 734 1288 tres
758 1252 1026 1288 intervallorum
1050 1252 1191 1299 species
1221 1251 1337 1288 tribus
1361 1254 1497 1289 cannis
1511 1249 1713 1294 generibus.
1763 1248 1865 1294 Quae

35 1341 39 1344 ζ
77 1298 195 1334 omnia
217 1300 271 1338 sic
293 1312 360 1346 ego
383 1303 572 1348 praedico,
608 1309 650 1340 ιιι
671 1304 756 1351 plus
779 1305 862 1341 inde
886 1305 1048 1342 videatur
1070 1303 1243 1341 accedere
1266 1302 1466 1339 nobilitatis
1488 1300 1633 1346 ingenio
1656 1300 1865 1347 Ptolemaei,

76 1347 167 1387 haec
189 1356 264 1388 tam
286 1359 371 1400 apte
394 1356 693 1392 comminiscentis
718 1362 754 1392 et
779 1368 823 1392 ex
849 1367 911 1403 eo;
947 1357 1046 1403 quod
1069 1357 1159 1394 nihil
1183 1360 1262 1402 est,
1286 1354 1422 1400 aliquid
1445 1353 1647 1399 efficientis,
1672 1362 1780 1399 quam
1803 1363 1866 1389 na-

76 1405 181 1439 turae
203 1405 314 1449 coeli,
349 1408 408 1444 cui
431 1407 521 1445 baec
544 1415 642 1448 certe
666 1410 899 1456 congruentia
924 1416 983 1445 est
1002 1409 1166 1446 fortuita.
1213 1410 1376 1455 Apparet
1400 1417 1487 1443 sane
1511 1416 1557 1442 ex
1582 1405 1745 1442 omnibus
1770 1417 1866 1443 com-

76 1454 342 1505 putationibus,
364 1459 573 1498 Ptolemaeo
597 1461 776 1508 placuisse
800 1472 987 1507 numeros,
1013 1462 1218 1506 ubicunque
1242 1459 1388 1496 eosdem
1411 1459 1580 1504 utrinque
1597 1458 1723 1503 potuit
1746 1462 1866 1495 osten-

36 1503 172 1542 dere
218 1509 267 1545 At
288 1510 447 1548 absurda
479 1518 537 1548 est
568 1525 797 1550 numerorum
825 1515 862 1550 in
886 1515 1149 1560 quantitatibus
1181 1513 1421 1559 comparatio,
1457 1512 1489 1546 si
1511 1510 1690 1547 unitatum
1713 1520 1788 1546 non
1811 1513 1868 1546 est

14 1567 49 1629 ja>
78 1558 205 1595 eadem
227 1563 419 1609 utrobique
441 1565 551 1611 ratio,
587 1567 713 1603 eadem
737 1567 930 1604 distinctio.
979 1568 1061 1603 Jam
1094 1577 1179 1604 vero
1212 1565 1437 1611 septenarius
1466 1570 1637 1601 tonorum
1659 1563 1777 1601 oritur
1798 1574 1821 1600 a
1843 1565 1865 1600 7

10 1527 31 1549 „p
0 1473 27 1516 ..13
0 995 28 1459 ἱΐινιιζιῑψωῑὰω-ἢ»,ηειιι-Μ
0 924 10 942 <1⁴

16 1688 48 1749 Ξ
79 1662 172 1700 ἄεισι
193 1671 320 1712 estque
342 1674 525 1714 potestate
548 1672 790 1708 duodenarius
813 1671 945 1717 potius.
992 1671 1196 1716 Praeterea,
1222 1670 1309 1715 quid
1333 1669 1449 1706 simile
1473 1672 1529 1704 est
1552 1667 1686 1715 speciei
1707 1668 1797 1713 toni,
1819 1678 1867 1705 ex

78 1725 187 1752 varus
209 1717 403 1756 intervallis
426 1722 551 1759 ordine
575 1729 674 1760 certo
710 1723 910 1769 compositi.
935 1735 1017 1759 cum
1042 1724 1219 1770 parallelo
1254 1723 1348 1760 coeli
1379 1721 1664 1767 simplicissimo,
1700 1724 1767 1756 aut
1788 1719 1867 1755 toni

29 1755 266 1832 {altitudini
283 1782 364 1808 cum
387 1774 574 1812 altitudine
598 1777 761 1822 paralleli
785 1777 928 1822 generis
952 1777 1195 1821 diversissimi,
1220 1781 1259 1813 et
1280 1776 1436 1822 positiva
1458 1779 1598 1810 tantum
1622 1778 1659 1808 et
1682 1782 1766 1809 cum
1785 1772 1868 1818 ipsa

29 1806 237 1857 locorum
261 1826 432 1862 varietate
457 1830 579 1864 varia?
626 1830 721 1865 Dato
745 1839 848 1873 vero,
883 1827 980 1874 quod
1002 1828 1094 1864 ratio
1120 1827 1442 1874 comparandorum
1465 1826 1635 1871 utrinque
1658 1824 1706 1860 sit
1729 1823 1866 1869 eadem,

35 1877 53 1911 ἐᾷ’
81 1871 115 1907 si
135 1877 255 1910 tamen
279 1877 316 1912 id
340 1884 396 1915 est
419 1880 509 1915 citra
533 1892 663 1917 causae
689 1887 724 1918 et
748 1881 898 1921 effectus
921 1881 1202 1926 connexionem,
1235 1887 1277 1917 ut
1299 1885 1398 1917 certe
1421 1884 1478 1916 est
1499 1879 1570 1914 hoc
1591 1877 1693 1936 loco?
1723 1888 1867 1923 compa-

48 1925 174 1962 ratio
197 1927 304 1973 vulgo
326 1931 448 1975 potius
471 1934 703 1970 accomodata
727 1938 783 1969 est
806 1932 1035 1968 fortuitorum
1060 1932 1251 1992 captatori,
1274 1942 1380 1978 quam
1403 1929 1633 1978 philosopho

196 1980 322 2027 Longe
346 1993 414 2028 ego
437 1985 732 2029 praestantiorem
747 1986 889 2022 invenio
904 1990 1072 2021 tonorum
1089 1984 1356 2031 expressionem
1382 1995 1447 2020 seu
1460 1982 1694 2019 imitationem
1716 1980 1757 2016 in
1777 1981 1868 2028 ipsis

46 2028 304 2074 mmmm
328 2037 553 2080 superiorum
576 2037 684 2073 trium
708 2038 864 2074 motibus
899 2038 1073 2083 propriis,
1110 2043 1151 2074 ut
1175 2039 1200 2073 ii
1224 2048 1270 2073 ex
1294 2037 1398 2074 Sole
1414 2039 1606 2082 apparent,
1643 2033 1706 2069 ubi
1740 2043 1867 2078 graves

37 2076 66 2136 Ξ
75 2082 160 2117 toni
182 2083 228 2118 ab
250 2084 449 2132 hypodorio
473 2100 539 2135 per
562 2090 810 2126 Saturniorum
834 2096 994 2126 motuum
1018 2089 1246 2126 intervallum
1270 2086 1518 2126 harmonicum
1541 2091 1578 2123 et
1601 2096 1668 2131 per
1691 2085 1869 2122 concinna

31 2141 32 2144 ’
78 2133 331 2174 intercidentia
353 2145 611 2185 monstrantur,
637 2141 759 2178 dorius
786 2148 822 2178 et
849 2143 1124 2178 circumstantes
1148 2153 1214 2187 per
1238 2142 1375 2186 Jofios,
1398 2139 1615 2184 mixolydius
1640 2137 1870 2174 acutissimus

62 2191 114 2221 1
130 2186 269 2224 Πυιιιε
291 2191 457 2228 motibus.
504 2194 598 2230 Nam
621 2195 652 2230 si
676 2194 822 2243 Saturni
845 2198 964 2230 motus
987 2194 1153 2239 aphelius
1185 2193 1271 2230 facit
1293 2194 1398 2230 basin
1427 2190 1633 2238 systematis
1656 2189 1868 2225 universalis

104 2242 107 2244 ’
143 2241 254 2276 irnum
278 2242 450 2288 diapason
474 2246 629 2288 sonitum
654 2240 911 2292 repraesentat,
936 2247 1038 2282 Jovis
1061 2251 1146 2281 ιιιοι
1140 2257 1180 2282 ιε
1205 2247 1371 2292 aphelius
1387 2257 1409 2281 a
1425 2254 1514 2281 sono
1535 2256 1571 2290 9,
1595 2242 1725 2278 Martis
1740 2252 1763 2277 a
1777 2252 1868 2278 sono

44 2319 47 2326 =
78 2287 114 2337 *ri
134 2298 283 2330 octavae
307 2305 487 2343 supremo,
513 2309 597 2334 con
587 2300 709 2344 urgit.
755 2300 882 2344 Itaque
906 2300 1155 2344 Ptolemaeus,
1181 2300 1342 2344 allegans
1366 2303 1504 2334 motum
1527 2296 1697 2342 primum,
1720 2295 1869 2330 terrico·

48 2367 51 2377 ²
78 2340 199 2380 ΜΠ
222 2347 467 2394 phantasiam,
502 2351 725 2388 Terrestrem
760 2353 876 2389 solum
913 2353 1024 2388 tradit
1046 2352 1236 2395 musicam,
1273 2362 1341 2398 ego
1365 2350 1543 2386 Solarem:
1577 2347 1639 2382 ille
1663 2346 1871 2382 necessitati

73 2393 340 2441 ᾓωιίιιιιινιε
363 2402 554 2439 continuae
577 2405 797 2450 immersam,
835 2416 900 2450 ego
924 2408 1166 2450 procuratam
1178 2415 1200 2439 a
1223 2408 1384 2439 creatore
1408 2407 1444 2437 et
1467 2399 1695 2436 distinctione
1724 2409 1869 2444 separa-

48 2444 256 2515 ngue
278 2454 481 2490 omnimoda
503 2455 540 2491 ιιι
562 2456 644 2493 luce
666 2457 831 2493 locatam.
879 2457 971 2493 Vide
994 2456 1064 2492 mei
1083 2455 1166 2491 libri
1188 2456 1231 2492 V
1256 2466 1334 2500 cap.
1361 2456 1393 2490 6.

52 2594 156 2680 ζ
752 2665 757 2669 ,
819 2604 1006 2651 CAPUT
1042 2603 1147 2649 xm

67 2695 104 2729 ³
115 2691 178 2730 De
199 2698 506 2744 proportione,
531 2709 655 2743 quam
677 2699 846 2736 habent
867 2701 985 2782 inteSr
1007 2689 1053 2780 sle
1076 2697 1368 2790 tftrachorda
1390 2702 1434 2732 et
1457 2695 1847 2741 configurationes

60 2730 117 2812 {²³⁸⁴
837 2757 933 2783 cum
992 2757 1014 2782 o
1046 2753 1092 2781 el

128 2865 153 2895 ,Ι
179 2865 182 2868 «
207 2836 382 2877 Residua
410 2838 612 2889 dispositio
641 2841 970 2880 tetrachordorum
984 2848 1038 2883 et
1070 2847 1247 2880 tonorum
1276 2841 1315 2877 in
1344 2828 1554 2889 systemate
1574 2839 1743 2888 perfecto
1772 2839 1871 2878 resi-

0 2944 5 2950 '
226 2906 381 2944 quoque
411 2898 654 2947 dispositioni
682 2898 1029 2948 configurationum
1060 2911 1146 2938 cum
1166 2898 1255 2937 Sole
1286 2897 1422 2935 similis
1452 2897 1654 2946 apparebit
1671 2894 1727 2947 1¹).
1768 2895 1871 2936 Nam

77 2932 180 3002 Mi
209 2950 430 3001 disjunctivi
461 2955 649 3003 quadrant
678 2954 727 2993 ad
758 2957 853 2994 situs
882 2957 1049 2995 siderum
1080 2959 1130 2995 ab
1161 2954 1483 2994 occultationibus
1512 2966 1636 3004 usqne
1665 2953 1717 2993 ad
1743 2965 1871 3007 appa·-

42 3060 44 3064 .
61 3003 256 3050 Ques
273 3008 357 3061 111),
399 3017 441 3049 at
483 3014 594 3060 soni,
640 3015 707 3062 qui
744 3020 974 3053 connectunt
1015 3015 1112 3054 duas
1144 3011 1471 3052 tetrachordorum
1500 3011 1682 3063 copulas,
1722 3011 1871 3052 scilicet

102 3063 131 3101 ¹3¹
142 3080 293 3115 ·Kepler1
309 3082 408 3116 Opera
424 3083 460 3110 V.
1609 3081 1663 3119 25

15 1607 42 1658 ῑι
77 1613 262 1650 consuetis
283 1615 481 1653 intervallis
506 1618 612 1654 unius
637 1623 804 1665 octavae,
829 1625 868 1655 at
890 1619 1117 1665 septenarius
1140 1618 1393 1665 parallelorum
1416 1616 1534 1653 oritur
1554 1627 1578 1652 a
1599 1615 1646 1652 12
1669 1616 1783 1674 signis
1805 1626 1865 1652 zo·
1932 1633 1935 1637 *
