1994 3276
148 171 229 212 132
878 164 934 203 De
957 163 1259 212 Propertionibus

147 288 167 318 5
192 285 275 330 ipsa
298 288 360 328 est,
386 295 477 330 quae
499 284 540 319 in
563 295 601 319 εε
624 284 708 329 ipsa
724 283 870 329 patitur
885 287 920 318 et
936 294 960 317 a
976 292 1013 317 se
1029 282 1111 327 ipsa
1128 283 1322 327 passiones
1346 293 1479 328 omnes,
1497 288 1518 318 6
1541 290 1706 322 movetur
1720 288 1762 322 in
1784 288 1966 332 circulum,

149 334 168 364 7
194 332 398 366 animatum
424 330 503 375 ejas
526 341 658 376 corpus
683 334 745 374 est,
782 333 802 362 8
828 329 1001 374 temporis
1025 329 1186 372 effectrix
1211 333 1263 364 est
1281 340 1352 375 per
1376 330 1617 378 revolutiones
1640 338 1832 375 astrorum,
1860 337 1879 367 9
1904 335 1967 370 ha-

148 377 205 414 bet
227 388 336 413 saera
361 382 459 412 certa
483 376 627 421 sidera,
651 377 692 412 in
714 375 878 420 Deorum
900 385 1088 410 numerum
1111 375 1249 417 relata,
1277 387 1370 421 quae
1394 387 1532 412 annum
1555 388 1744 425 maqnum,
1770 384 1812 416 ut
1828 381 1966 427 perfec-

146 428 231 459 tus-m.
257 424 470 468 conficiunt,
512 427 554 457 ¹0
577 423 811 469 undiquaque
829 423 993 468 perfecta
1017 425 1069 456 est
1092 422 1312 457 universitas
1334 433 1470 467 rerum,
1507 423 1643 461 habens
1665 427 1706 461 in
1729 437 1767 462 εε
1789 424 1967 462 animalia

147 471 290 514 omnia,
316 475 474 515 quatuor
496 471 626 515 formis
649 470 855 506 assimilata
879 471 999 512 (astra
1022 468 1136 512 coelo,
1162 479 1246 503 aves
1269 470 1370 513 aem‘,
1401 470 1680 516 piscesaaquae,
1718 472 1969 519 quadrupedes

145 518 291 560 terrae).
340 517 425 552 Hoc
454 521 565 562 paeto
601 518 648 553 ab
671 518 812 552 unitate
837 516 894 559 (ut
915 515 1168 560 Pythagoraa
1202 515 1398 559 „monadis
1421 526 1467 551 ex
1501 518 1650 562 antro‘D
1681 521 1892 565 pro-messio
1916 525 1969 556 est

143 574 255 609 usque
279 563 330 598 ad
353 568 510 609 quatuor
547 564 604 607 (ut
626 564 682 599 illi
703 563 842 608 „donec
857 560 1100 604 veniaturad
1123 561 1242 606 ipsam
1258 562 1403 598 tetrada
1419 562 1620 608 divinam‘D
1643 566 1764 611 sieque
1778 566 1968 602 denarium

138 611 258 655 parit,
283 615 437 649 matrem
462 610 632 654 omnium,
657 611 714 645 uti
738 609 906 645 dix-imus.
958 607 1031 643 Est
1055 611 1177 642 autem
1200 608 1357 644 unitatis
1373 619 1590 655 progressus
1612 606 1838 656 hnjusmoiti:
1873 624 1969 648 unus

144 657 239 691 enim
264 661 315 692 εει
338 656 496 693 mundus
501 670 514 702 ,-
540 657 705 692 binarius
729 657 849 702 siynat
866 655 1029 700 prima-m
1052 654 1093 688 in
1117 663 1157 688 eo
1181 655 1472 708 comprehensam
1494 656 1814 704 multiplicitatem3
1846 662 1967 695 terna-

82 708 85 711 '
141 703 220 739 rius
242 704 423 739 vinculum
447 707 480 739 et
502 703 649 747 nodum,
676 702 902 748 coaptationi
923 711 1044 736 rerum
1066 710 1328 746 necessarzum;
1351 713 1439 737 nam
1461 706 1504 738 αι
1527 703 1621 739 duae
1635 705 1817 741 solaeres
1840 711 1967 741 coeant

141 751 182 785 in
205 760 339 794 unum,
363 750 514 785 seorsim
539 761 563 785 a
587 750 715 794 tertio,
747 760 823 784 non
846 752 899 784 est
915 747 1100 793 possibile.
1152 746 1420 792 Quaternarius
1442 753 1495 785 est
1518 760 1690 787 numerus
1713 752 1967 788 ele-mentorum

142 796 313 840 definitor
337 801 370 832 et
392 797 597 832 recensitor.
647 795 811 832 Mundus
835 795 929 830 eni—m
953 798 1005 828 est
1028 804 1159 838 eorpus
1182 794 1348 838 solidum,
1370 795 1490 830 solida
1505 805 1589 832 vero
1613 797 1687 833 duo
1712 798 1854 834 duabus
1877 809 1965 834 sem-

135 853 206 888 per
229 843 483 878 medietatibus
505 843 678 889 indzyent,
718 842 821 878 ut'in
846 841 1021 877 contin-ua
1039 841 1280 885 proportione
1303 846 1517 888 conqruant.
1564 843 1710 879 Horum
1733 855 1818 880 vero
1844 847 1906 888 (sc.
1938 850 1964 890 ι,

142 894 175 934 2,
201 893 220 922 3
248 894 281 925 et
305 890 343 933 4)
368 900 509 925 summa
534 894 586 925 est
610 889 802 932 denarias,
839 887 882 923 de
906 898 976 933 quo
1001 887 1184 922 haetenus.
1233 887 1309 922 Ηὶε
1329 890 1423 923 enim
1448 893 1603 925 ornatus
1626 894 1677 926 est
1699 891 1960 935 universitatis,

140 942 229 977 haec
254 942 331 986 dos,
357 953 430 987 qua
455 941 597 977 dotavit
620 942 721 976 illam
743 941 864 984 faetor
888 939 975 983 ejus.
1014 935 1214 974 Hactenus
1234 936 1478 976 Camerarius
1509 950 1557 977 ex
1578 941 1784 988 veteribus,
1817 942 1960 990 quibus

144 998 333 1048 pleraque
371 998 656 1035 consentientia
695 995 865 1034 inculcat
902 993 1067 1033 Hermes
1098 993 1373 1044 Trismegistus
1415 993 1613 1049 (quisquis
1653 997 1720 1037 ille
1757 999 1845 1050 fuit)
1882 998 1962 1036 filio

142 1067 214 1094 suo
246 1055 376 1103 Tatio,
410 1054 521 1104 cujus
543 1054 642 1094 haec
662 1055 804 1092 verba:
839 1055 995 1102 „unitas
1014 1053 1229 1092 seeundum
1250 1055 1439 1092 rationem
1469 1054 1668 1095 denarium
1698 1057 1964 1107 complectitur

140 1125 371 1163 rursumque
403 1113 586 1152 denarius
607 1113 834 1150 unitatem.“
879 1111 1032 1150 Deinde
1054 1111 1394 1161 concupiscibilem
1414 1114 1568 1152 animae
1598 1114 1825 1154 facultatem
1855 1126 1962 1154 com—

141 1174 252 1224 ponit
285 1183 333 1210 ex
366 1173 417 1210 12
449 1171 664 1220 ultoribus,
705 1182 775 1209 seu
807 1171 912 1208 vitiis
951 1170 1087 1208 ethicis
1127 1170 1177 1208 ad
1208 1181 1408 1209 numerum
1439 1173 1648 1222 ⁴signorum
1688 1171 1860 1222 zodiaci,
1901 1176 1962 1212 cui

137 1242 281 1282 ¹corpus
313 1235 352 1269 ct
382 1229 484 1268 lianc
514 1229 564 1268 ad
587 1241 727 1280 corpus
750 1235 974 1279 vergentem
993 1230 1146 1267 animae
1170 1230 1385 1279 potentiam
1405 1229 1577 1279 subjicit,
1607 1231 1839 1271 rationalem
1869 1243 1962 1271 vero

140 1289 365 1328 facultatem
394 1290 547 1327 animae
578 1300 626 1326 ex
657 1288 815 1326 denario
847 1292 886 1325 et
914 1288 997 1337 ipse
1029 1288 1225 1338 componit
1256 1289 1442 1326 virtutum
1473 1288 1698 1328 ethicarum.
1758 1291 1825 1329 Sic
1857 1289 1963 1340 quod

139 1346 403 1398 Pythagoraei
446 1346 644 1385 celebrant
680 1351 871 1396 tetractyn
911 1346 1057 1384 sontem
1095 1346 1331 1394 animarum,
1373 1351 1412 1385 et
1456 1345 1700 1386 Camerarius
1735 1347 1866 1400 plures
1907 1349 1964 1389 ait

140 1406 259 1444 fuisse
289 1410 511 1455 tetractyas,
543 1416 621 1442 non
653 1404 760 1442 illam
790 1403 929 1451 solum,
962 1415 1064 1454 quae
1095 1416 1120 1442 a
1150 1404 1387 1453 quaternarii
1419 1404 1506 1444 basi
1537 1407 1660 1455 surgit
1690 1406 1741 1445 ad
1771 1417 1963 1445 summam

145 1464 209 1511 10,
241 1463 310 1503 sed
341 1465 458 1502 etiam
479 1462 596 1501 aliam
618 1464 877 1513 praecipuam,
909 1473 1009 1511 quae
1030 1463 1080 1501 ab
1103 1461 1292 1512 ogdoadis
1313 1462 1397 1501 basi
1428 1462 1478 1502 ad
1510 1465 1694 1503 verticem
1725 1476 1848 1515 usque
1879 1464 1962 1503 col-

145 1521 232 1572 ligit
265 1533 457 1560 summam
489 1522 563 1560 36:
596 1521 699 1560 idem
730 1527 769 1559 et
788 1520 926 1559 Tatius
958 1521 1020 1559 hic
1051 1533 1100 1559 ex
1130 1520 1306 1559 doctrina
1335 1523 1455 1570 patris
1475 1519 1672 1560 Hermctis
1702 1524 1839 1571 innuit,
1871 1522 1963 1561 dum

140 1584 293 1632 tempus
323 1582 380 1618 ait
409 1581 546 1627 fuisse,
595 1590 682 1617 cum
714 1581 797 1630 ipsc
829 1579 956 1617 adhuc
997 1584 1099 1617 esset
1135 1581 1173 1617 in
1212 1578 1414 1628 ogdoade,
1455 1581 1675 1630 octonario;
1717 1580 1839 1619 filium
1870 1592 1961 1620 vero

139 1645 251 1690 pater
287 1638 338 1676 ad
367 1637 618 1676 Piniandrum
649 1639 829 1685 remittit,
873 1636 921 1676 de
962 1639 1160 1675 octonario
1203 1642 1428 1686 canentem,
1469 1639 1507 1675 in
1548 1650 1626 1688 quo
1663 1650 1758 1678 sane
1796 1641 1962 1678 occurrit

141 1697 362 1736 octonarius
393 1696 598 1735 habituum
628 1697 782 1734 animae
814 1695 1048 1743 ethicorum,
1081 1701 1230 1749 septem
1262 1694 1419 1745 quidem
1447 1696 1766 1747 respondentium
1794 1697 1961 1749 planetis

140 1762 309 1806 septem,
350 1759 394 1792 ut
423 1760 605 1806 apparet,
644 1755 755 1793 initio
785 1765 810 1792 a
840 1753 954 1792 Luna
983 1755 1106 1803 facto,
1146 1756 1276 1793 octavi
1318 1765 1410 1793 vero
1449 1754 1651 1794 divinioris
1692 1762 1731 1794 et
1761 1757 1962 1805 quietioris

140 1814 190 1852 ad
221 1813 408 1864 sphaerae
438 1820 533 1864 puto
564 1812 728 1850 fixarum
758 1812 897 1850 ideam.
959 1810 1101 1851 Omnia
1132 1814 1249 1851 etiam
1279 1817 1466 1862 geruntur
1495 1825 1564 1864 per
1593 1811 1839 1863 harmonia83
1869 1814 1960 1866 plu-

138 1873 237 1910 rima
266 1871 475 1910 inculcatio
505 1870 661 1918 silentii,
694 1871 860 1921 plurima
889 1872 1029 1909 mentis
1061 1872 1315 1920 veritatisque
1345 1873 1515 1920 mentio;
1559 1873 1787 1923 proponitur
1817 1877 1857 1912 et
1887 1883 1959 1911 an-

140 1935 260 1978 trum,
293 1929 452 1977 sundus,
486 1929 703 1980 penetrale,
736 1935 858 1967 crater
888 1930 1103 1967 animarum
1135 1935 1172 1968 et
1204 1934 1330 1967 cetera
1360 1929 1496 1974 multa,
1546 1936 1589 1968 ut
1619 1930 1779 1969 dubium
1810 1930 1959 1969 nullum

141 1999 226 2026 csse
271 1989 416 2038 possit,
461 1988 553 2036 quin
584 1993 653 2025 aut
682 1987 928 2038 Pythagoras
959 1987 1202 2034 hermetiset‚
1245 1992 1313 2025 aut
1343 1986 1508 2026 Hermes
1537 1987 1823 2038 pythagoriset.·
1878 1989 1960 2027 Ac·

141 2046 243 2084 cedit
273 2047 375 2084 enim
406 2050 444 2083 et
473 2046 568 2093 hoc,
611 2045 717 2094 quod
747 2044 911 2083 Hermes
941 2044 1180 2095 theologiam
1210 2044 1406 2095 quandam
1437 2045 1553 2083 tradit
1582 2040 1815 2096 cultumque
1838 2046 1961 2085 divini

140 2105 332 2153 numinis,
364 2115 481 2153 saepe
512 2102 658 2150 Mosis,
700 2115 818 2154 saepe
850 2103 1125 2153 Evangelistae
1156 2103 1324 2142 Joan‘nis
1354 2104 1392 2140 in
1424 2114 1497 2141 suo
1527 2115 1642 2142 sensu
1673 2103 1958 2157 paraphrastes,

141 2164 365 2213 pracsertim
397 2162 444 2199 de
474 2162 779 2210 regeneratione,
812 2163 1130 2211 ceremoniasque
1153 2160 1343 2210 discipulo
1365 2166 1490 2199 certas
1511 2162 1704 2212 inculcat3
1737 2174 1825 2201 cum
1855 2163 1956 2202 idem

141 2220 188 2259 de
220 2221 504 2271 Pythagoraeis
537 2219 727 2257 affirment
759 2225 958 2267 auctores,
999 2226 1147 2269 partem
1189 2230 1321 2258 eorum
1366 2219 1589 2269 theologiae
1620 2222 1955 2271 variisqueveere-

141 2281 282 2318 moniis
315 2283 353 2317 et
383 2278 723 2329 superstitionibus
755 2277 927 2315 deditam
958 2277 1099 2323 fuisse,
1139 2283 1179 2316 et
1208 2277 1371 2315 Proclus
1401 2278 1692 2328 Pythagoricus
1718 2278 1955 2329 theologiam

139 2339 179 2375 in
210 2348 454 2376 numerorum
486 2335 823 2386 contemplatione
843 2335 1018 2374 collocet.
1808 2377 1827 2395 =

121 2390 123 2393 ’
256 2395 366 2434 Haec
396 2406 465 2445 per
496 2393 795 2444 digressionem:
836 2394 1038 2432 redeamus
1077 2403 1180 2432 nunc
1221 2393 1271 2432 ad
1300 2393 1605 2444 Pythagoricam
1647 2395 1955 2434 harmonicarum
1984 2393 1985 2397 ’

140 2455 433 2505 proportionum
464 2452 845 2491 demonstrationem.
1983 2460 1985 2463 ·

254 2511 359 2550 Huic
398 2512 500 2549 enim
542 2510 843 2561 philosophandi
880 2510 1027 2547 formae
1072 2521 1141 2560 per
1183 2520 1364 2548 numeros
1404 2515 1606 2561 tantopere
1643 2511 1796 2550 suerunt
1835 2510 1954 2549 dediti

141 2569 415 2621 Pythagoraei,
447 2574 490 2606 ut
516 2569 599 2618 jam
625 2580 674 2606 ne
705 2570 855 2621 aurium
886 2567 1042 2616 quidem
1068 2567 1217 2616 Judicio
1249 2572 1410 2614 starent,
1446 2580 1608 2617 quarum
1641 2573 1769 2607 tamen
1800 2568 1951 2607 indiciis

140 2628 190 2667 ad
221 2627 508 2680 philosophiam
538 2627 638 2664 banc
669 2627 777 2663 initio
808 2632 1037 2676 perventum
1068 2631 1161 2672 erat,
1207 2625 1277 2664 sed
1316 2626 1408 2675 quid
1441 2629 1670 2665 concinnum
1689 2631 1819 2675 essct,
1858 2626 1951 2676 quid

140 2688 424 2733 inconcinnum,
460 2684 553 2734 quid
585 2695 816 2731 consonum,
849 2683 943 2733 quid
973 2683 1193 2730 dissonum,
1226 2695 1274 2721 ex
1304 2683 1397 2722 solis
1427 2686 1509 2723 suis
1540 2685 1707 2723 numeris
1739 2684 1950 2732 definirent,

140 2747 220 2783 vim
261 2746 445 2783 facientes
491 2744 688 2780 instinctui
728 2742 894 2787 naturali
934 2741 1102 2779 auditus.
1164 2740 1357 2792 Stetitque
1396 2745 1570 2793 tyrannis
1611 2745 1687 2780 ista
1726 2743 1949 2781 harmonica
1992 2738 1994 2752 ²

141 2815 265 2852 usque
296 2802 345 2840 ad
378 2801 664 2848 Ptolemaeum,
708 2801 774 2850 qni
811 2801 956 2850 primus
996 2804 1085 2837 ante
1125 2810 1247 2837 annos
1283 2801 1391 2838 1500
1429 2812 1585 2839 sensum
1625 2799 1781 2838 auditus
1811 2806 1944 2838 contra
1992 2827 1994 2838 i

141 2861 428 2912 philosophiam
461 2859 762 2909 Pythagoricam
792 2859 958 2895 asseruit
988 2857 1209 2907 recepitque
1246 2859 1345 2896 inter
1375 2861 1563 2896 concinna
1592 2869 1667 2896 non
1699 2862 1848 2896 tantum
1878 2869 1947 2896 su-

142 2931 211 2969 pra
242 2919 363 2957 dictas
394 2919 661 2969 proportiones
701 2921 740 2955 et
769 2916 1062 2964 sequioctavam
1102 2927 1169 2964 pro
1202 2920 1318 2964 tono,
1364 2916 1432 2954 sed
1462 2915 1618 2954 admisit
1646 2917 1763 2954 etiam
1792 2917 1967 2967 sesqui-¹

142 2987 281 3014 nonam
314 2989 382 3028 pro
415 2982 505 3014 tono
537 2975 696 3022 minori,
728 2979 765 3012 et
795 2972 1212 3023 sesquiquindecimam
1242 2986 1311 3024 pro
1342 2975 1566 3023 semitonio;
1596 2984 1668 3012 nec
1698 2978 1846 3012 tantum
1877 2978 1946 3012 s‘u·

142 3035 459 3085 perparticulares
489 3033 589 3072 alias
619 3031 767 3072 addidit
798 3032 847 3070 ab
880 3032 1037 3069 auribus
1069 3032 1263 3082 probatas,
1295 3037 1338 3070 ut
1367 3033 1708 3081 sesquiquartam,
1728 3031 1797 3070 sed
1827 3033 1944 3070 etiam
1975 3057 1979 3064 -

127 3103 189 3134 ,ex
221 3092 589 3143 superpartientibus
619 3091 784 3130 adscivit
812 3089 976 3139 aliquae,
1008 3094 1049 3127 ut
1081 3091 1178 3127 inter
1209 3091 1245 3137 3,
1280 3091 1303 3128 5
1336 3094 1374 3128 et
1404 3092 1502 3128 inter
1525 3091 1560 3137 5,
1595 3091 1618 3129 8
1649 3095 1688 3128 et
1715 3089 1826 3128 alias.
1856 3089 1944 3128 Hoc

142 3155 257 3200 pacto
287 3150 535 3189 Ptolemaeus
563 3150 868 3200 speculationem
896 3146 1196 3199 Pythagoricam
1226 3147 1274 3187 de
1305 3153 1390 3186 ortu
1427 3149 1715 3199 proportionum
1745 3147 1943 3186 harmoni-
