1988 3276
803 101 1078 162 aemma
1778 101 1832 144 es

58 220 781 264 dispesitleistabarmonicsdieipoterit‚
810 218 1833 266 etiamnnlimmetinfraspiritus,quihaunon1armn

55 267 855 310 mmhberetetpoeeonsequens,
879 265 1728 309 quiistnsuperioresharmouiaspmtiseeret;
1746 264 1835 297 esset

57 312 1833 357 mammonsupeuumuomquidirigigermaatetsdtumonimfflwnngma-

57 357 741 403 &flammetur—,Vidn
763 360 1307 403 melma-coponem,
1331 359 1410 391 dum
1432 358 1533 400 dicis,
1556 358 1835 398 configurationes

57 405 479 450 apen-apinam
511 416 579 440 uon
609 415 681 439 ene
711 405 1100 439 harmonicasdieendas
1130 405 1417 438 necharmoniam
1447 405 1597 446 inipsis
1628 402 1835 437 eseeullam

57 454 134 486 sine
153 454 263 489 aba
283 451 528 495 eontunplante
559 456 593 485 et
614 456 828 495 comparante
858 456 892 485 et
914 462 953 486 eo
975 454 1050 494 ipso
1073 453 1171 496 quui
1190 453 1407 494 progigneute
1429 451 1637 483 harmoniam
1662 452 1701 483 ιιι
1733 458 1834 491 supe-

56 499 699 540 rior-tuninorumconflguatione.
742 500 816 532 lmo
838 500 1039 532 oentrarium
1061 501 1264 538 verumest,
1292 496 1420 531 nullam
1449 499 1493 529 ab
1526 495 1834 530 animanblunari

55 546 670 590 Μασφαθῇιιοιιαῐιιι,
693 545 1835 588 intelligipoese,nisideprehendeoeeturetessetinsuperiorum

57 593 311 633 mene
332 593 515 634 antitypica
535 593 720 636 harmonia,
754 596 834 634 typo
855 594 917 624 isti
938 593 1131 624 harmoniae
1157 594 1198 624 in
1225 592 1339 624 anima
1366 591 1542 623 sublunari
1564 589 1834 631 correspondens.

52 638 252 672 nam-ua
272 648 348 680 ergo
371 643 421 671 est
436 639 482 671 ad
503 640 680 673 eueutiam
702 640 895 672 harmoniae
917 640 955 671 in
977 640 1119 671 materia
1140 640 1254 671 anima
1274 639 1347 671 sive
1369 638 1517 681 spiritus,
1541 645 1608 669 non
1631 642 1834 677 cognoscens

55 685 266 719 hur-enm
284 686 323 718 ia
343 686 424 728 alio,
448 685 507 718 sed
530 687 731 719 harmoniam
752 686 907 718 materiae
928 685 1159 730 introducens,
1182 685 1357 717 materiam
1380 684 1569 716 harmonice
1593 683 1775 724 disponens
1800 686 1834 715 et

55 733 229 765 rumdam
250 732 439 765 harmonice
462 732 659 773 dispositam
681 741 815 766 servm
840 736 874 765 et
896 732 1044 772 dirigens
1066 732 1246 765 secundum
1269 739 1383 764 omnes
1405 730 1651 762 barmmiarmn
1681 730 1747 762 sibi
1769 730 1835 762 im-

55 776 412 819 planetu-uideas:
443 778 1595 817 neeeeseitemadoesentiambamoniaeamateriaabstractae,
1628 777 1715 816 sive,
1738 779 1837 808 nttu

58 825 229 868 ap,peun
251 825 491 869 archetypicae,
513 826 641 870 anima,
663 835 731 859 non
758 829 888 858 tantum
904 835 1120 866 cognoscens,
1151 825 1211 858 sed
1232 825 1421 867 possidens,
1454 831 1522 855 non
1552 823 1777 864 contemplans
1800 824 1837 854 in

56 871 142 911 alio,
173 871 1270 914 sedinaeipsasciensetsecundumeammateriamsnam,
1295 875 1457 914 tauquam
1480 869 1660 902 secundum
1683 869 1836 909 archety-

55 925 148 960 pun,
171 917 352 959 disponas
374 922 409 950 et
429 918 603 951 ordinans·
626 920 715 952 unde
736 923 830 961 patet
851 920 990 962 iterum,
1015 919 1162 950 unimam
1184 917 1412 950 sublunarium
1435 916 1481 948 ad
1503 925 1570 948 esse
1591 915 1837 948 harmoniarum

55 964 99 996 iu
114 965 372 1004 configuratione
393 968 429 997 et
450 965 699 999 coordinatione
728 975 899 1006 corporum
922 943 1128 1007 sup'eriorum
1150 974 1218 997 non
1240 965 1374 1007 requiri.
1413 963 1491 995 Alia
1513 971 1592 995 vero
1607 966 1658 995 est
1672 963 1837 1006 quaestio,

57 1018 133 1043 um
165 1011 277 1052 agitur
303 1011 346 1046 de
374 1012 409 1043 vl
437 1015 472 1043 et
499 1013 652 1045 efficacia
682 1013 944 1046 harmonicam
976 1013 1274 1051 congnationum
1305 1012 1342 1042 in
1377 1010 1570 1051 corporibus
1602 1009 1838 1050 superioribus,

56 1057 226 1100 que-edo
262 1058 390 1090 seilicet
420 1066 480 1090 eae
513 1062 614 1099 agant
633 1059 671 1090 in
693 1058 849 1091 insertor:
870 1063 904 1090 et
926 1059 1010 1102 quid
1033 1059 1076 1090 ad
1099 1059 1185 1090 hanc
1208 1058 1431 1099 operationem
1454 1055 1702 1098 producendam
1723 1056 1838 1097 requi-

56 1106 160 1138 ratur.
212 1102 282 1136 Hic
304 1104 464 1147 canedo,
487 1113 555 1136 non
577 1105 727 1138 sufficere
750 1106 954 1147 superiorum
977 1105 1194 1147 harmoniam,
1218 1105 1285 1136 nisi
1306 1103 1445 1135 accedat
1466 1103 1503 1134 in
1518 1101 1755 1134 sublunaribus
1779 1110 1838 1133 su-

57 1150 181 1190 puiori
201 1150 458 1191 correspondens
479 1151 664 1193 harmonia,
688 1161 775 1192 quae
798 1161 872 1187 me
894 1153 1098 1184 abstractum
1120 1151 1223 1184 habet
1243 1152 1280 1183 ιιι
1303 1151 1423 1192 spiritu
1438 1149 1624 1193 sublunari,
1648 1158 1690 1180 ex
1714 1157 1783 1188 qua
1806 1152 1840 1181 et

58 1198 153 1236 ujus
174 1197 210 1228 vi
230 1197 373 1238 poeeipit
393 1198 571 1238 superioris
593 1200 863 1239 configurationis
885 1200 1048 1231 rationem
1071 1201 1106 1229 et
1127 1207 1168 1230 ea
1190 1199 1266 1239 ipsa
1288 1198 1417 1229 ratione
1440 1196 1637 1228 admonetur
1662 1197 1733 1236 ejus
1757 1203 1843 1236 ope·

57 1243 198 1275 rationis
218 1243 255 1275 in
276 1244 449 1276 materiam
471 1253 583 1287 mm,
616 1254 718 1285 quam
739 1246 838 1278 istius
860 1246 1054 1277 harmoniae
1076 1245 1164 1277 ratio
1186 1244 1336 1286 requirit.
1384 1242 1621 1284 Quantitativa
1647 1243 1737 1274 enim
1761 1242 1838 1274 har-

58 1290 175 1322 monia
193 1290 359 1322 menen
380 1290 573 1323 harmoniae
596 1291 814 1331 qualitativae
835 1292 972 1324 indicat.

176 1346 256 1380 Jam
277 1350 408 1389 tempus
430 1351 498 1389 est,
531 1349 572 1380 de
603 1349 776 1382 harmonia
798 1350 999 1405 qualitativa
1030 1350 1147 1391 paucis
1176 1350 1277 1381 etiam
1300 1357 1415 1391 agere,
1447 1356 1547 1387 quam
1576 1351 1614 1378 tu
1635 1344 1690 1378 vel
1711 1344 1840 1378 nullam

59 1393 214 1426 concedis
236 1393 290 1426 vel
312 1395 462 1435 aliquam
484 1396 634 1436 negfigis.
681 1396 755 1428 Non
779 1397 877 1438 enim,
901 1401 940 1428 ut
961 1400 999 1428 tu
1023 1397 1211 1428 existimare
1234 1395 1366 1439 videris,
1390 1395 1504 1427 anima
1519 1392 1706 1426 sublunaris
1729 1401 1840 1435 quan-

59 1440 197 1472 titative·
219 1443 349 1472 taum
371 1442 547 1475 harmonia
569 1442 613 1474 ad
637 1443 801 1482 agendum
825 1444 1072 1487 exstimulatur;
1103 1443 1186 1483 quid
1208 1447 1320 1474 autem
1345 1441 1556 1481 exstimulata
1583 1449 1680 1480 agere
1709 1438 1840 1481 debeat,

60 1495 101 1519 ex
124 1486 266 1519 fortuita
286 1488 445 1520 materiae
468 1492 556 1520 certo
579 1489 677 1521 modo
702 1489 881 1530 dispositae
904 1469 1093 1531 praesentia
1115 1490 1215 1532 petit,
1239 1489 1298 1521 sed
1320 1486 1420 1521 simul
1444 1485 1660 1527 qualitativas
1682 1483 1842 1525 iutelligit

58 1532 264 1575 harmoniae,
288 1533 420 1574 quibus,
442 1534 524 1574 qnid
551 1536 588 1566 in
610 1536 675 1567 hae
696 1534 750 1567 vel
771 1537 839 1568 ista
862 1538 1088 1576 quantitatum
1113 1536 1329 1577 dispositione
1351 1543 1447 1576 agere
1472 1533 1603 1574 debeat,
1628 1532 1840 1567 admonetur·

60 1579 142 1611 itan
164 1577 324 1620 intelligit
345 1580 494 1612 ordinem
516 1582 692 1622 spirituum
715 1584 930 1624 superiorum,
953 1581 1121 1626 intelligit,
1145 1591 1246 1622 quam
1262 1580 1459 1622 qualitatum
1481 1579 1685 1611 harmoniam
1711 1579 1767 1610 hic
1789 1575 1843 1609 vel

61 1625 126 1657 iste
151 1625 288 1666 spiritua
310 1627 348 1658 in
369 1626 434 1658 hoc
455 1626 507 1658 vel
530 1629 595 1659 isto
619 1629 823 1669 superiorum
847 1638 1020 1669 corporum
1044 1630 1233 1668 concinnet,
1261 1627 1420 1668 intelligit
1442 1626 1644 1658 differentias
1666 1625 1842 1666 spirituum

64 1671 249 1705 seeundum
270 1673 416 1704 rationes
439 1672 712 1712 qualitativarum
735 1675 991 1715 harmoniarum,
1012 1675 1102 1706 unde
1124 1676 1227 1717 novit,
1251 1673 1336 1706 alias
1360 1683 1430 1706 esse
1452 1673 1546 1705 ideas
1569 1670 1843 1711 qualitativarum

61 1715 311 1750 harmoniarum
333 1719 371 1750 in
392 1718 493 1761 Jove,
523 1719 611 1752 alias
633 1722 669 1752 in
691 1720 856 1754 Mercurio
880 1724 960 1761 etc,
989 1721 1068 1753 hinc
1091 1722 1191 1752 etiam
1215 1722 1292 1761 scit,
1324 1720 1428 1752 aliam
1452 1719 1653 1760 operationis
1679 1718 1843 1748 rationem

61 1769 1255 1816 mehAHnusmeovqaliaminAnorcnffieumJow,
1279 1769 1843 1823 aliaminAMartisetVene-

0 1834 6 1842 ·
61 1825 123 1858 rh.
171 1823 230 1856 Sic
250 1822 334 1855 ordo
357 1825 392 1854 et
412 1827 520 1855 motus
543 1826 747 1865 superiorum
770 1827 806 1857 in
830 1825 996 1867 operando
1020 1830 1136 1866 regunt
1160 1825 1308 1858 ordinem
1331 1828 1364 1857 et
1385 1818 1512 1857 motum
1536 1822 1739 1864 operationis
1762 1821 1843 1854 sub-

62 1867 232 1905 hunum
253 1872 287 1901 et
307 1868 503 1901 inferiorum
526 1872 772 1912 operationibus
794 1875 962 1914 praesunt,
985 1873 1051 1913 ipsi
1075 1882 1206 1913 quoque
1229 1873 1266 1904 in
1288 1881 1351 1904 sua
1372 1872 1507 1911 regione
1528 1879 1597 1901 non
1616 1868 1739 1900 frustra
1761 1877 1843 1909 ope-

62 1919 174 1949 mre·
197 1919 232 1948 et
254 1914 455 1955 qualitatum
478 1916 630 1949 efficaces
653 1918 842 1950 harmonias
851 1918 1071 1961 possidentes,
1096 1919 1376 1959 quemadmodum
1399 1918 1571 1950 inferiores
1596 1916 1733 1956 spiritus
1756 1923 1842 1954 qua-
1856 1926 1864 1930 -

61 1961 196 1995 litamur
217 1962 406 1994 harmonias
428 1962 472 1994 ad
494 1973 571 1995 suos
595 1968 628 1996 et
651 1967 759 1997 varios
774 1975 855 1996 usus
870 1965 1041 2019 possident
1064 1964 1221 1998 efficaces.
1260 1964 1419 2009 Quaeres,
1444 1972 1528 2004 quas
1552 1971 1628 2002 ergo
1645 1960 1845 2002 qualitatum

62 2010 208 2041 rationes
230 2009 411 2049 superiores
435 2010 570 2049 spiritus
593 2010 786 2051 possideant
819 2015 852 2043 et
873 2012 910 2043 in
932 2013 1104 2044 materiam
1136 2022 1231 2044 suam
1253 2011 1488 2044 introducant?
1534 2009 1606 2041 Has
1638 2018 1679 2040 ex
1703 2007 1842 2039 inferio-

63 2055 156 2087 ribus
176 2053 368 2086 inferiorum
393 2056 567 2096 spirituum
591 2058 839 2098 operationibus
864 2058 967 2099 disce,
1002 2062 1035 2090 et
1055 2059 1127 2099 ipse
1149 2061 1219 2099 jam
1251 2058 1288 2090 in
1310 2059 1421 2090 Tertio
1445 2056 1704 2098 Interveniente,
1734 2063 1840 2094 quan-

65 2109 166 2141 quam
186 2099 349 2141 mutilate,
373 2101 524 2143 docuisti;
561 2111 645 2142 quae
670 2106 756 2136 euim
787 2109 820 2136 te
843 2105 928 2135 ratio
953 2106 1058 2144 coegit
1092 2108 1161 2136 tam
1184 2106 1279 2136 firma
1302 2108 1335 2136 et
1358 2107 1494 2145 potens,
1523 2105 1563 2134 ut
1594 2102 1778 2133 siccitatem
1812 2104 1844 2132 et

63 2146 294 2190 fflgiditatem,
326 2150 573 2188 potentissimas
597 2149 791 2193 qualitates,
823 2160 840 2182 e
871 2151 1070 2190 qualitatum
1098 2160 1233 2183 numero
1264 2152 1419 2191 eJeceris?
1464 2148 1683 2192 Experientia
1713 2146 1844 2179 medica

65 2196 222 2235 testatur,
241 2193 327 2232 quid
349 2193 502 2225 caliditas
526 2199 561 2227 et
582 2195 747 2236 frigiditas
770 2198 805 2228 in
830 2198 1034 2230 concitandis
1060 2201 1092 2228 et
1114 2199 1195 2229 item
1218 2197 1389 2229 medendis
1412 2197 1536 2228 morbis
1565 2203 1679 2236 pugna
1708 2203 1771 2225 sua
1795 2192 1845 2224 ef-

65 2241 161 2272 ficere
184 2242 299 2279 queat:
330 2239 463 2271 affunde
486 2250 609 2281 aquam
632 2242 784 2282 frigidam
807 2240 963 2276 candenti
983 2243 1088 2284 lapidi
1112 2248 1146 2275 et
1167 2244 1315 2288 videbis,
1346 2253 1427 2275 num
1458 2243 1592 2274 siccitas
1622 2243 1655 2271 et
1678 2239 1845 2279 frigiditas

65 2290 195 2318 tantum
225 2285 293 2317 sint
312 2286 742 2325 privationes.Habent11e
764 2291 965 2330 privationes
988 2291 1074 2321 hanc
1097 2292 1181 2331 vim,
1215 2294 1253 2322 ut
1285 2291 1445 2330 positivas
1470 2287 1651 2328 qualitates
1681 2284 1845 2326 expellere

67 2335 208 2373 queant,
238 2331 327 2370 quod
348 2335 459 2364 tamen
481 2333 564 2365 facit
587 2335 751 2375 frigiditas
774 2338 810 2367 in
834 2346 924 2379 naso,
948 2336 1088 2377 pedibus
1113 2341 1146 2367 et
1167 2337 1279 2376 genis,
1311 2335 1378 2369 imo
1403 2345 1500 2376 saepe
1531 2338 1602 2366 toto
1627 2341 1761 2373 corpore
1784 2340 1846 2372 per

58 2377 160 2421 alpes
183 2378 243 2411 diu
264 2378 301 2408 in
322 2378 454 2410 nivibus
477 2380 740 2413 ambulantium?
788 2382 955 2423 Gompone
977 2383 1113 2414 herbam
1130 2392 1254 2414 summe
1274 2382 1419 2414 calidam
1435 2386 1468 2413 et
1482 2382 1605 2412 siccam
1629 2388 1704 2411 cum
1719 2387 1846 2410 summe

67 2425 204 2458 humida
227 2427 259 2455 et
281 2423 403 2463 §rigida
427 2430 514 2456 certa
535 2429 765 2468 proportione
789 2434 822 2461 et
844 2431 981 2470 impone
1003 2427 1123 2471 ulceri,
1148 2439 1170 2460 a
1193 2439 1293 2461 causa
1315 2428 1436 2460 biliosa
1458 2426 1623 2468 profecto,
1658 2430 1691 2457 et
1714 2424 1844 2456 videbis

69 2471 166 2511 quid,
171 2470 334 2503 effecturis
357 2471 414 2502 sis.
460 2471 527 2504 Cur
557 2473 675 2505 ebullit
703 2473 781 2506 bilis
815 2477 874 2507 in
885 2485 1018 2516 corpore
1048 2475 1191 2507 humano
1222 2477 1324 2507 affusa
1354 2479 1487 2515 repente
1510 2473 1649 2515 frigida,
1682 2472 1719 2503 in
1742 2471 1846 2502 nimia

67 2525 176 2558 aquae
198 2517 453 2556 ingurgitatione
474 2523 644 2551 aestuante
669 2529 803 2561 corpore
818 2523 995 2553 universo?
1035 2520 1101 2553 Cur
1122 2527 1318 2575 rumpuntur
1339 2522 1424 2552 vitra
1440 2520 1603 2552 ferventia
1625 2519 1735 2550 affusa
1758 2525 1846 2556 aqua

69 2562 210 2603 frigida?
255 2563 299 2595 Et
322 2571 484 2602 quaenam
505 2565 634 2605 reliqua
657 2571 741 2598 esset
765 2569 979 2599 contrarietas
1002 2568 1038 2599 in
1061 2569 1176 2610 rebus,
1207 2569 1237 2600 si
1258 2569 1322 2600 hae
1347 2568 1432 2599 duae
1458 2565 1637 2606 qualitates
1661 2562 1846 2596 catholicae

22 2648 33 2654 ι
70 2611 214 2642 onmium
237 2610 494 2650 antipathiamm
519 2616 551 2642 et
573 2614 831 2653 sympathiamm
860 2624 927 2646 una
958 2623 1031 2645 cum
1061 2613 1197 2654 reliquis
1234 2615 1363 2647 duabus
1394 2623 1515 2645 causae
1546 2622 1563 2644 e
1593 2615 1714 2643 natura
1738 2617 1847 2640 rerum

69 2656 214 2696 positiva
234 2654 453 2687 tollerentur?
499 2656 592 2689 Unde
620 2664 712 2690 tunm
736 2661 881 2692 medium
913 2663 945 2691 ct
967 2669 1110 2700 aequum
1142 2661 1306 2701 prodiret,
1340 2661 1406 2692 nisi
1438 2664 1524 2691 esset
1555 2659 1672 2690 harum
1704 2660 1847 2695 quatuor

70 2701 268 2742 qualitatum
302 2704 582 2743 contemperatio?
611 2706 677 2736 imo
710 2705 838 2738 nullum
868 2708 906 2738 in
928 2716 1037 2738 rerum
1067 2711 1188 2738 natura
1212 2707 1343 2738 daretur
1366 2709 1674 2746 temperamentum.
1729 2701 1845 2740 Vides,

12 2766 18 2775 ‡
72 2748 162 2788 Quod
183 2752 386 2791 argumenta,
411 2750 530 2788 quibus
554 2754 668 2782 contra
690 2755 723 2783 te
745 2761 867 2807 pugno,
891 2753 1009 2784 saltem
1031 2754 1185 2784 innuam:
1209 2757 1247 2785 tu
1269 2751 1408 2784 ulterius
1430 2751 1594 2792 perpende
1619 2754 1662 2792 et,
1687 2749 1716 2779 si
1739 2751 1844 2790 potes,

10 2832 14 2834 v
73 2798 179 2827 everte
201 2805 252 2827 ea.
299 2794 354 2826 Ad
375 2797 472 2826 finem
496 2804 645 2838 propero,
668 2798 727 2828 nbi
748 2800 883 2831 unicum
906 2799 1015 2830 adhuc
1037 2808 1204 2833 monuero.
1253 2799 1399 2830 Nimium
1423 2798 1581 2829 audacter
1608 2800 1646 2827 tu
1668 2794 1846 2834 geometri-

73 2848 127 2877 cas
149 2843 292 2873 rationes
315 2841 477 2872 deificasti
506 2845 636 2882 praeter
664 2847 698 2874 et
720 2848 832 2876 contra
854 2846 919 2877 Dei
940 2846 1093 2886 verbum3
1125 2847 1211 2877 ratio
1236 2845 1369 2884 quidem
1394 2845 1525 2876 curiosa
1553 2845 1603 2875 ita
1635 2842 1700 2873 tibi
1723 2840 1846 2872 suasit.

73 2885 170 2918 bono
193 2887 238 2918 ad
259 2888 435 2926 imaginem
463 2888 527 2919 Dei
551 2891 583 2919 et
605 2890 778 2930 praecipue
800 2893 913 2922 anima
943 2893 1014 2931 ejus
1038 2891 1171 2923 condita
1203 2895 1270 2934 est,
1306 2896 1338 2922 et
1362 2890 1636 2929 quemadmodum
1666 2889 1703 2920 in
1733 2888 1848 2919 anima

34 2978 37 2981 Δ
63 2931 216 2971 ‚heminis
239 2933 408 2974 archetypi
429 2938 507 2965 sunt
529 2935 772 2967 harmoniarum
795 2938 959 2978 omnium,
985 2939 1034 2968 sic
1057 2941 1090 2968 et
1112 2939 1149 2968 in
1171 2938 1263 2976 Deo,
1300 2936 1388 2976 quod
1412 2940 1524 2968 autem
1547 2937 1583 2966 in
1606 2935 1677 2966 Deo
1701 2939 1768 2967 est.
1799 2935 1848 2965 est

74 2977 166 3011 Dm
187 2981 275 3020 ipse:
298 2988 376 3018 ergo
400 2980 590 3012 harmoniae
613 2985 645 3012 et
667 2984 881 3020 geometricae
903 2985 1047 3015 rationes
1064 2984 1136 3015 Deo
1161 2988 1238 3015 snut
1253 2987 1446 3015 coaeternae
1468 2988 1501 3014 et
1517 2983 1607 3014 Deus
1625 2982 1707 3022 ipse.
1745 2979 1846 3013 Plau-

67 3024 186 3056 sibilis
209 3026 343 3065 quidem
365 3027 461 3063 ratio
486 3036 551 3066 qua
574 3031 606 3058 et
630 3036 689 3081 ego
713 3031 821 3060 motus
844 3029 923 3061 olim
947 3029 1092 3070 ejusdem
1116 3039 1204 3061 eram
1228 3029 1412 3060 sententiae
1435 3033 1468 3059 et
1484 3030 1571 3060 hanc
1591 3029 1753 3068 insignem
1778 3034 1847 3059 esse

67 3071 275 3111 sapientiam
298 3073 481 3115 credebam,
506 3083 573 3113 qua
597 3065 708 3105 omnia
731 3073 882 3106 deificare
903 3080 1072 3115 poteram:
1094 3076 1130 3106 in
1151 3077 1225 3116 ipso
1250 3076 1349 3116 enim,
1373 3075 1446 3107 Deo
1468 3074 1595 3106 scilicet
1618 3076 1739 3116 (inquit
1754 3076 1846 3114 Apo-

145 3132 267 3166 anon
284 3133 381 3167 0901·
397 3134 432 3161 v
1616 3130 1639 3166 5
