1994 3276
142 87 225 134 396
820 89 1019 127 Ptolemaei
1030 84 1247 127 Harmonia.

139 202 274 249 placita
297 204 525 250 Pythagorae
549 215 629 242 esse
654 206 827 254 diapason
851 207 1085 252 harmoniam,
1111 219 1132 244 a
1156 207 1270 244 Terra
1292 217 1377 244 vero
1402 208 1449 244 ad
1464 208 1602 246 Lunam
1627 209 1798 246 accedere
1820 221 1930 247 uuum

139 261 266 293 tonum
289 259 651 303 supernumerarium.
700 260 756 295 Ita
780 260 997 297 coelestibus
1023 260 1167 305 quidem
1191 260 1402 305 corporibus
1425 265 1574 307 propter
1590 266 1725 298 motum
1749 262 1823 298 dati
1847 267 1932 299 sunt

139 309 272 354 sin-guli
296 311 376 347 soni
398 312 563 358 interque
588 323 698 349 sonos
722 314 929 361 intervalla;
962 314 1096 349 Terrae
1120 324 1223 359 vero,
1245 324 1338 359 quae
1362 313 1557 359 putabatur
1581 315 1785 361 quiescere,
1820 325 1931 351 sonus

139 365 260 398 tamen
295 374 388 400 uuus
419 369 476 400 est
506 364 718 410 attributus,
751 370 901 412 propter
918 362 1043 402 'solum
1073 366 1302 402 intervallum
1335 367 1428 402 hanc
1459 367 1554 402 inter
1584 371 1621 403 et
1644 367 1931 413 Lunam,rquod

140 417 348 452 statuerunt
377 417 528 463 aequale
557 418 746 454 intervallo
777 419 871 455 inter
900 418 1041 453 Lunam
1073 422 1110 454 et
1141 418 1371 454 Mercurium.
1425 419 1545 455 Illusit
1579 420 1671 456 enim
1705 431 1770 457 seu
1799 421 1931 468 Pytha-

139 476 247 510 gorae
272 478 336 504 seu
362 469 440 514 ejus
464 470 653 515 interpreti
677 470 794 507 Plinio
824 470 1038 515 ambiguitas
1062 471 1160 506 vocis
1189 471 1474 518 »intervallum«,
1507 483 1599 518 quae
1621 474 1799 511 interdum
1823 472 1932 519 signi-

139 517 230 554 ficat.
248 519 404 565 alicujus
429 523 540 568 spatii
563 523 841 568 longitudinem,
874 533 945 568 quo
970 533 1080 559 sensu
1102 523 1198 559 inter
1222 527 1340 559 omnia
1373 532 1525 569 corpora
1548 525 1717 572 deinceps
1749 526 1870 563 locata
1892 525 1930 561 in

139 580 212 605 una
232 574 329 609 serie
351 573 503 610 interest
526 575 673 620 aliquod
696 575 944 620 intervallum,
970 580 1007 611 et
1030 576 1082 611 sic
1107 575 1215 611 etiam
1238 576 1333 611 inter
1356 576 1504 612 Terram
1528 578 1770 622 quiescentem
1801 583 1838 614 et
1859 579 1931 615 Lu-

139 632 222 658 nam
246 626 432 669 mobilem,
464 627 645 664 interdum
669 639 754 664 vero
778 627 1022 673 intervallum,
1057 627 1249 672 diastema,
1283 627 1462 672 significat
1489 628 1725 666 differentiam
1757 631 1932 668 acuminis

140 680 176 712 et
200 678 388 724 gravitatis
412 680 507 716 inter
531 681 621 718 duos
646 691 766 726 souOS,
793 691 864 725 quo
890 689 999 715 sensu
1024 680 1197 725 competit
1219 685 1359 717 tantum
1383 682 1431 717 iis
1451 683 1671 729 corporibus,
1697 695 1791 729 quae
1813 689 1932 721 motus

138 728 324 778 celeritate
353 733 410 768 vel
434 727 605 782 tarditate
631 745 738 770 sonos
772 733 951 776 efficiunt,
988 731 1050 766 ubi
1085 733 1308 776 quiescentia
1339 744 1519 782 corpora,
1546 735 1679 782 quippe
1711 747 1838 774 sonum
1860 749 1932 774 non

139 780 342 828 efficientia,
366 786 486 822 locum
509 798 582 823 11011
606 787 751 823 habent.
802 785 894 830 Quia
918 788 1039 820 tamen
1066 785 1204 830 opinati
1229 791 1314 822 sunt
1336 787 1588 834 Pythagoran,
1613 799 1802 836 corporum
1823 790 1932 830 inter-

139 833 235 869 valla
258 835 389 875 localia
413 843 514 875 tanta
538 850 618 875 esse
642 842 797 882 statuta,
833 844 873 873 ut
895 836 1083 882 proportio
1108 847 1231 872 eorum
1255 837 1293 873 in
1318 849 1510 884 corporum
1534 839 1735 877 celeritates
1758 841 1935 877 translata

140 885 300 923 efficeret
324 890 513 927 intervalla
538 892 863 935 consonantiarum,
888 890 970 926 ideo
996 890 1104 933 etiam
1129 890 1167 926 id
1190 890 1430 934 intervallum,
1455 892 1552 937 quod
1574 892 1667 928 inter
1690 893 1838 930 Terram
1860 903 1933 928 non

140 940 327 976 sonantem
362 947 398 978 et
430 944 571 987 Lunam
607 948 797 980 sonantem
828 943 1019 989 intererat,
1046 944 1195 979 abusive
1226 948 1350 979 tonum
1387 944 1575 991 dixerunt,
1611 955 1701 991 quae
1736 957 1808 986 vox
1839 956 1933 982 com-

139 991 231 1034 petit
255 994 444 1033 intervallo
469 1002 610 1033 tantum
634 996 759 1032 vocali.

256 1046 384 1085 Potest
407 1054 527 1086 tamen
551 1049 642 1086 haec
666 1059 746 1085 esse
769 1049 879 1094 ratio,
915 1059 978 1084 cur
1002 1048 1228 1094 Pythagoras
1254 1049 1361 1084 etiam
1385 1050 1519 1086 Terrae
1542 1050 1740 1096 quiescenti
1773 1051 1933 1097 assigna.

139 1099 230 1147 verit
255 1110 360 1136 suum
383 1102 620 1148 phthongum,
647 1102 744 1147 quod
766 1106 896 1144 motus,
922 1113 993 1146 quo
1020 1106 1105 1137 sunt
1128 1101 1304 1136 tardiores
1329 1105 1369 1137 ut
1393 1102 1507 1147 quieti
1530 1104 1734 1150 propiores,
1759 1103 1829 1141 hoc
1853 1114 1933 1150 gra-

139 1150 256 1188 viores
280 1153 391 1189 edunt
415 1155 575 1194 sonitus,
602 1154 679 1199 jam
703 1164 788 1189 vero
813 1154 926 1189 Terra
954 1149 1048 1190 inter
1081 1154 1200 1190 sidera
1232 1159 1368 1190 motum
1400 1161 1647 1200 repraesentat
1678 1156 1931 1209 tardissimum,

140 1203 278 1240 scilicet
301 1206 409 1251 plane
434 1208 591 1252 nullum,
626 1219 711 1253 ergo
737 1209 848 1244 Terra
873 1207 985 1243 vicem
1019 1208 1111 1254 gerit
1134 1206 1312 1252 phthongi
1342 1207 1552 1252 gravissimi.
1603 1209 1852 1246 Consentanea
1876 1215 1932 1246 est

138 1256 230 1292 haec
253 1259 346 1294 ratio
373 1259 479 1294 etiam
505 1260 627 1303 modo,
666 1271 737 1305 quo
763 1260 909 1295 fuerunt
933 1259 1107 1305 assignati
1130 1259 1288 1304 planetis
1313 1260 1410 1304 soni3
1448 1265 1503 1295 est
1527 1265 1647 1296 autem
1671 1261 1719 1307 is,
1744 1262 1841 1307 quod
1864 1263 1932 1308 Py-

140 1308 312 1356 thagoras
336 1322 409 1347 non
434 1311 596 1357 respexit
621 1313 666 1348 ad
690 1317 809 1348 motus
835 1312 1031 1356 secundos,
1067 1310 1132 1346 sed
1162 1311 1210 1346 ad
1233 1316 1369 1346 motum
1394 1311 1576 1358 diurnum,
1607 1313 1775 1350 horarum
1800 1314 1863 1358 24,
1894 1314 1932 1349 in

141 1371 211 1405 quo
237 1367 277 1397 ut
302 1364 488 1408 quodlibet
506 1365 605 1401 sidus
625 1370 680 1401 est
698 1365 806 1401 altius
825 1376 846 1400 a
862 1365 985 1409 Terra,
1009 1365 1061 1401 ita
1075 1364 1237 1400 celeriori
1254 1363 1367 1399 fertur
1383 1365 1528 1410 impetu,
1553 1365 1691 1402 scilicet
1707 1370 1747 1410 ut
1762 1367 1932 1412 majorem

139 1414 311 1451 circulum
336 1417 462 1452 eodem
486 1419 658 1464 temporis
683 1417 800 1462 spatio
825 1418 1025 1462 emetiatur,
1050 1427 1122 1461 quo
1139 1417 1306 1452 humilior
1323 1419 1492 1453 emetitur
1507 1419 1758 1463 angustiorem.
1805 1419 1932 1463 Itaque

140 1465 342 1504 celeritates
367 1470 524 1506 siderum
548 1471 585 1506 111
610 1471 678 1506 1106
702 1470 816 1515 primo
842 1475 943 1506 motu
968 1470 1012 1515 (si
1035 1480 1141 1505 verus
1166 1474 1203 1505 et
1225 1470 1332 1505 realis
1358 1472 1466 1514 esset)
1491 1470 1702 1516 contingunt
1732 1470 1933 1516 proportio·

137 1520 238 1557 nales
262 1522 482 1569 intervallis,
518 1524 740 1568 acciditque,
781 1528 820 1558 ut
845 1523 992 1568 signifer
1034 1533 1114 1558 cum
1140 1522 1254 1558 stellis
1287 1522 1369 1557 fixis
1407 1522 1580 1558 altissimo
1612 1523 1692 1558 loco
1717 1522 1934 1559 constitutus

139 1575 439 1621 rapidissimoque
469 1581 568 1612 motu
593 1577 752 1622 delatus,
785 1577 959 1612 sortiatur
993 1587 1120 1612 sonum
1153 1575 1398 1611 acutissimum
1423 1578 1476 1618 (ut
1507 1572 1615 1610 etiam
1635 1575 1843 1611 Macrobius
1865 1574 1934 1620 Py-

139 1627 375 1672 thagoraeum
399 1629 494 1665 hunc
517 1629 663 1665 modum
687 1628 873 1674 explicat),
899 1628 1004 1664 Luna
1026 1639 1109 1664 vero
1135 1628 1334 1669 humillima
1358 1638 1424 1674 per
1448 1627 1738 1672 angustissimum
1762 1627 1933 1663 circulum

142 1679 261 1715 delata
284 1681 498 1726 tardissime,
525 1682 672 1717 definiat
697 1692 826 1717 sonum
852 1682 1010 1717 omnium
1027 1682 1183 1717 siderum
1200 1682 1460 1726 gravissimum.
1508 1682 1560 1716 Et
1574 1681 1626 1717 sic
1648 1680 1794 1716 tandem
1810 1680 1932 1725 Terra,

141 1736 181 1766 ut
205 1732 410 1768 humilitate
435 1739 471 1769 et
494 1735 707 1770 remissione
731 1738 850 1769 motus
875 1733 1097 1778 omnimoda,
1128 1734 1165 1769 id
1191 1738 1247 1768 est
1271 1732 1409 1779 quiete,
1443 1734 1494 1770 sic
1518 1734 1625 1770 etiam
1655 1731 1934 1778 gravitatesoni

140 1788 238 1820 recte
262 1789 299 1821 et
323 1786 447 1822 ordine
473 1788 636 1824 succedit
659 1788 796 1823 Lunae.
848 1787 1036 1822 Sententia
1059 1786 1287 1832 Pythagorae
1311 1791 1399 1832 tota,
1425 1790 1466 1821 ut
1490 1790 1546 1822 est
1569 1797 1591 1822 a
1606 1785 1722 1821 Plinio
1748 1793 1932 1830 expressa,

139 1842 435 1881 repraesentatur
458 1839 527 1876 hoc
553 1839 737 1876 schemate
762 1839 854 1876 fere:

256 2206 349 2242 Nam
372 2218 394 2243 a
418 2208 530 2244 Terra
559 2209 605 2245 ad
628 2205 662 2249 D
687 2207 830 2245 dicebat
854 2217 934 2242 esse
958 2211 1102 2252 tonum,
1135 2217 1156 2242 a
1180 2201 1214 2246 D>
1239 2206 1284 2241 ad
1307 2195 1340 2251 ζρ
1366 2207 1473 2253 hujus
1498 2207 1692 2253 dimidium,
1720 2209 1805 2246 hinc
1828 2211 1875 2247 ad
1899 2196 1933 2251 9

142 2261 355 2300 tantundem
385 2265 473 2311 fere,
505 2267 591 2304 hinc
623 2268 669 2303 ad
698 2260 747 2310 Θ
775 2268 1015 2314 sesquiplum,
1042 2274 1078 2304 et
1102 2268 1186 2303 hinc
1215 2277 1359 2303 rursum
1392 2265 1516 2302 eodem
1541 2266 1665 2302 ordine
1688 2276 1710 2301 a
1733 2260 1783 2310 Θ
1807 2269 1856 2304 ad
1890 2262 1923 2302 ὀ

142 2329 283 2367 101111111,
310 2335 332 2359 a
367 2320 399 2360 d
436 2325 483 2360 ad
513 2315 559 2371 ‘ll
586 2326 696 2371 hujus
722 2326 922 2371 dimidium3
948 2326 1031 2361 hinc
1056 2326 1101 2361 ad
1126 2316 1156 2369 Β
1195 2326 1406 2362 tantundem
1430 2326 1516 2371 fere,
1547 2327 1630 2362 hinc
1655 2326 1702 2361 ad
1727 2326 1936 2371 signiferum

144 2377 434 2423 sesquiduplum‚
459 2382 501 2413 ut
524 2378 576 2413 ita
601 2378 663 2413 Sol
688 2383 918 2415 connecteret
943 2379 1013 2414 duo
1039 2378 1208 2423 diapente
1233 2384 1444 2424 systemata,
1479 2380 1639 2415 medians
1663 2380 1933 2425 proportionem

143 2432 235 2467 inter
259 2431 407 2465 Terram
432 2435 469 2465 et
493 2430 716 2475 signiferum.
764 2431 972 2467 Macrobius
998 2431 1156 2476 explicat
1180 2433 1289 2476 paulo
1315 2432 1586 2468 incommodius.

236 2485 294 2520 Ex
318 2483 374 2518 his
401 2483 478 2527 jam
501 2483 606 2518 facile
638 2483 925 2527 demonstratur,
960 2494 1052 2528 quae
1084 2484 1130 2519 sit
1156 2484 1343 2520 diversitas
1368 2484 1460 2519 inter
1483 2485 1726 2530 Pythagoram
1757 2487 1794 2519 et
1815 2483 1934 2521 Ptole-

143 2548 294 2573 maeum.
345 2536 530 2580 Quaedam
554 2536 648 2570 enim
674 2538 909 2572 communiter
934 2540 1066 2578 errant,
1091 2537 1126 2570 in
1151 2536 1333 2572 nonnullis
1350 2537 1574 2582 Pythagoras
1598 2540 1770 2581 praestat,
1794 2537 1832 2573 in
1855 2537 1935 2574 aliis

143 2590 385 2627 Ptolemaeus.
435 2589 592 2624 Primum
626 2589 794 2634 utrinque
825 2589 1019 2625 assumitur
1050 2589 1137 2624 ordo
1172 2589 1397 2633 planetarum
1431 2589 1467 2625 in
1492 2589 1624 2625 mundo
1650 2589 1763 2634 idem,
1795 2590 1857 2635 qui
1879 2594 1935 2626 est

144 2645 179 2679 in
205 2643 425 2678 astronomia
449 2641 667 2686 Ptolemaei3
703 2646 810 2686 atque
836 2642 904 2676 hoc
930 2645 986 2676 est
1010 2655 1047 2676 το
1074 2641 1141 2685 ὁτι,
1169 2641 1272 2686 cujus
1298 2652 1428 2677 causae
1453 2645 1685 2687 quaeruntur,
1714 2645 1754 2677 ‘et
1777 2656 1814 2677 το
1839 2646 1935 2678 &ott-

145 2696 257 2741 Atqui
287 2696 378 2730 haec
410 2693 455 2730 de
486 2693 702 2730 coelestibus
727 2694 847 2739 opinio
884 2703 1034 2728 erronea
1059 2692 1145 2737 fuit,
1183 2693 1278 2738 quod
1303 2693 1408 2729 facile
1440 2695 1495 2729 vel
1520 2705 1565 2730 ex
1588 2695 1668 2740 ipsa
1700 2694 1933 2731 fluctuatione

144 2748 350 2794 opinionum
374 2753 535 2793 apparet.
583 2747 675 2782 Nam
701 2746 797 2791 apud
816 2745 1037 2782 Mam-obium
1054 2745 1174 2780 videre
1194 2750 1249 2781 est
1267 2747 1460 2782 eorundem
1473 2748 1804 2793 Pythagoraeorum
1819 2748 1931 2784 diver-

145 2801 304 2837 sissimas
328 2801 515 2846 opiniones
540 2810 650 2845 super
674 2798 797 2835 ordine
821 2797 1067 2843 sphaerarum.
1116 2798 1232 2833 Erant
1261 2799 1354 2835 enim
1379 2800 1439 2844 qui
1463 2801 1514 2835 sic
1538 2804 1783 2836 numerarent:
1816 2799 1929 2844 Luna,

148 2854 225 2899 Sol,
251 2852 471 2897 Mercurius,
497 2852 635 2897 Venus,
661 2852 759 2886 Mars
785 2856 872 2895 etc.,
898 2853 1000 2886 erant
1025 2855 1061 2885 et
1078 2851 1137 2895 qui
1155 2851 1277 2897 aliter,
1303 2853 1423 2897 Luna,
1451 2852 1529 2895 Sol,
1555 2853 1693 2896 Venus,
1719 2851 1930 2895 Mercurius,

146 2907 244 2942 Mars
268 2911 336 2941 etc.
385 2905 504 2949 Quare
536 2905 643 2940 etiam
668 2903 907 2939 diversissima
932 2903 1120 2937 commenti
1145 2908 1229 2939 sunt
1254 2904 1460 2940 coelestium
1486 2909 1682 2950 systemata
1704 2902 1859 2946 musica,
1894 2907 1931 2937 et

148 2959 215 2993 nisi
239 2969 295 2993 me
320 2958 528 3002 conjectura
552 2958 655 3000 fallit,
683 2955 915 2992 Archimedes
939 2954 998 2989 ille
1024 2955 1170 2990 tradidit
1195 2961 1352 3000 systema
1376 2955 1588 3001 minianum,
1613 2956 1672 2991 hic
1695 2966 1716 2990 a
1740 2955 1842 2991 nobis
1868 2966 1929 2990 ex-

149 3009 336 3054 plicatum;
369 3011 578 3046 observasse
603 3011 696 3045 enim
720 3009 852 3053 legitur
876 3007 1034 3043 ordinem
1063 3008 1289 3052 planetarum
1314 3007 1482 3051 eundem,
1516 3008 1578 3051 qui
1604 3011 1659 3042 est
1691 3007 1785 3051 apud
1809 3006 1928 3042 Ptole-

149 3072 301 3099 maeum.
350 3063 428 3098 Nisi
457 3063 548 3099 forte
579 3063 675 3099 illius
709 3061 866 3098 auctoris
896 3065 952 3097 est
982 3060 1211 3096 intervallum
1242 3060 1569 3105 tetrakisdiapason
1602 3059 1848 3105 epidiapente,
1884 3059 1929 3094 ad
